2725 4150
187 333 229 397 10
470 330 612 385 DONATI
630 330 800 384 INTERPR.
815 330 922 385 VERG.

185 517 254 556 eum
276 518 342 556 eam
365 499 616 560 demonstraverit
632 501 665 559 in
684 502 814 559 extremo
832 519 886 575 per
902 499 935 558 id
952 500 1096 576 temporis
1114 501 1207 561 fuisse

185 588 305 664 quando
329 606 397 648 oras
419 589 501 665 ipsas
525 589 641 650 advena
664 589 809 648 exercitus
831 589 947 667 tetigit,
969 591 1102 669 emergat
1121 610 1206 666 prae-

184 675 294 736 dicatio
318 677 381 736 eius
404 679 488 737 cuius
512 678 625 738 virtute
648 679 739 738 simul
762 680 792 737 et
814 678 895 737 facto
918 679 1014 738 multo
1038 681 1155 739 auctior
1177 683 1207 738 et

182 765 298 824 felicior
326 767 408 827 facta
438 770 492 826 est.
538 768 593 827 sub
622 769 754 846 imagine
782 770 885 826 autem
911 769 1110 828 invocationis
1138 789 1206 845 pro-

182 854 366 931 positionum
402 857 502 916 tenuit
533 857 674 932 formam,
706 859 742 916 ut
772 857 805 914 in
836 857 901 933 ipso
934 858 1074 918 carminis
1107 859 1206 935 capite
1238 874 1250 914 e

182 945 277 1004 lector
304 948 470 1005 instructus
500 945 645 1006 edisceret
674 946 748 1022 quid
775 947 871 1005 omnis
897 947 970 1006 ordo
993 947 1100 1008 fuisset
1122 948 1205 1007 habi-

181 1036 277 1094 turus.
327 1036 399 1094 sunt
429 1054 499 1112 ergo
528 1036 614 1094 haec:
656 1035 710 1112 qui
737 1054 835 1113 reges,
867 1055 944 1113 quae
974 1039 1124 1113 tempora,
1155 1039 1206 1114 qui

182 1126 294 1198 status,
317 1143 395 1199 quae
418 1124 540 1184 exordia
563 1125 717 1184 extiterint
739 1144 867 1202 pugnae.
905 1125 947 1185 sic
965 1127 1067 1185 tamen
1084 1129 1208 1186 invocat

182 1212 282 1271 dicens
316 1232 396 1271 nunc
431 1233 500 1290 age,
535 1216 571 1272 ut
599 1214 717 1273 hortari
745 1217 847 1292 potius
878 1233 970 1291 quam
996 1215 1097 1273 iubere
1125 1215 1207 1275 vide·

180 1304 273 1360 retur.
309 1321 370 1360 non
393 1302 472 1360 enim
494 1304 694 1380 praeceptivis
717 1304 815 1364 verbis
839 1303 886 1361 uti
908 1305 1010 1380 potuit
1031 1305 1117 1362 iuxta
1140 1324 1207 1364 eam
1225 1320 1252 1360 ro

181 1392 266 1449 cuius
289 1390 327 1449 ob
351 1391 534 1467 expedienda
558 1393 727 1452 necessaria
751 1392 913 1470 quaerebat
938 1392 1092 1451 auxilium.
1138 1411 1206 1451 cum

180 1499 250 1539 vero
288 1479 435 1540 advenam
469 1481 546 1542 dixit
577 1483 778 1542 Troianorum
810 1481 985 1556 exercitum,
1017 1481 1206 1540 intellectum

180 1569 266 1628 nobis
295 1569 477 1629 latissimum
507 1571 596 1631 dedit.
648 1571 780 1649 pertinet
814 1570 893 1628 enim
925 1571 981 1629 hoc
1013 1589 1132 1647 quoque
1167 1572 1206 1629 ad

181 1678 282 1718 eorum
312 1659 446 1735 laudem,
476 1663 511 1719 ut
539 1661 652 1719 virtute
684 1663 714 1719 et
743 1661 942 1736 prosperitate
972 1678 1027 1718 sua
1054 1661 1206 1738 peregrini

179 1748 211 1806 in
235 1748 342 1808 alienis
366 1748 440 1807 locis
465 1749 582 1826 ingenti
607 1749 700 1808 fultos
723 1748 868 1807 familiari
890 1748 1061 1807 substantia
1083 1767 1204 1825 supera·
1225 1764 1250 1804 rs

179 1836 291 1912 verint,
324 1836 473 1914 simulque
507 1840 597 1896 etiam
630 1837 707 1896 illud
740 1839 862 1897 excusat
892 1839 974 1914 quod
1006 1839 1086 1915 apud
1114 1838 1205 1898 Ilium

180 1929 299 2004 gestum
322 1929 375 1986 est.
413 1926 466 2003 qui
488 1928 568 1985 enim
589 1927 713 1987 Italiam
736 1927 868 2004 opimam
890 1927 1060 1986 substantia
1083 1930 1113 1986 et
1130 1928 1204 1988 viris

180 2016 330 2093 armisque
359 2017 540 2076 instructam
568 2035 662 2093 parvo
693 2016 826 2077 exercitu
853 2018 884 2075 et
905 2016 1042 2095 reliquiis
1065 2016 1205 2077 Danaum

180 2105 313 2165 obtinere
342 2108 506 2182 potuerunt
534 2109 657 2182 possent
686 2107 779 2165 etiam
805 2109 938 2183 patriam
965 2126 1051 2167 suam
1075 2127 1205 2185 congrue

179 2194 347 2271 defensare,
374 2196 434 2254 nisi
457 2198 557 2255 essent
580 2196 712 2255 factione
735 2195 858 2255 Iunonis
881 2197 919 2255 ab
943 2196 1051 2256 effectu
1074 2196 1204 2273 opitula-
1224 2212 1250 2251 ae

178 2284 270 2343 tionis
298 2284 417 2344 exclusi.
464 2289 496 2343 ta
526 2289 634 2355 vatem,
663 2289 708 2354 ta,
737 2286 820 2355 dica,
847 2303 946 2344 meae:
986 2289 1070 2345 vates
1099 2288 1206 2346 volunt

178 2375 283 2449 poetas
311 2374 371 2433 dici
399 2374 479 2449 ideo,
508 2375 581 2451 quia
608 2374 764 2434 Musamm
791 2374 990 2434 sacerdotium
1017 2376 1204 2452 profitentur.

180 2463 290 2522 etenim
319 2465 354 2522 ut
384 2467 455 2523 sunt
485 2467 568 2524 vates
600 2463 654 2540 qui
685 2464 809 2523 deorum
837 2483 981 2540 responsa
1008 2465 1047 2523 ad
1069 2465 1205 2525 homines

178 2553 346 2629 perferunt,
374 2553 420 2612 ita
450 2556 481 2611 et
509 2552 583 2612 istos
611 2555 697 2614 vates
727 2553 787 2611 dici
817 2554 968 2627 convenit,
997 2554 1079 2629 quod
1103 2556 1140 2612 ut
1162 2555 1204 2613 dii

178 2661 232 2717 per
259 2661 328 2701 suos
356 2644 401 2701 ita
424 2662 478 2720 per
500 2645 605 2719 poetas
628 2643 733 2702 Musae
753 2643 840 2719 loqui
862 2642 1065 2718 perhibentur.
1108 2645 1205 2703 dicam
1223 2657 1249 2698 rs

177 2731 299 2789 horrida
323 2733 411 2801 bella,
435 2733 532 2791 dicam
555 2733 633 2791 acies
656 2736 791 2804 actosque
815 2732 924 2791 animis
946 2733 978 2789 ia
996 2733 1106 2805 faama
1123 2751 1205 2807 repes

179 2820 418 2893 Tyrrhenamque
440 2839 564 2879 manum
586 2825 729 2895 totamque
752 2822 806 2880 sab
830 2839 917 2879 arma
940 2826 1069 2880 eoactum
1092 2823 1204 2895 Hespe-

177 2909 271 2967 rium:
316 2909 408 2967 aliam
445 2912 562 2985 partem
598 2910 813 2987 propositionis
851 2911 1003 2987 adiunxit,
1040 2914 1071 2970 et
1106 2911 1204 2988 ipsam

178 2999 272 3057 fetam
302 2998 464 3057 seminibus
494 2998 608 3075 laudis3
634 3002 721 3058 tanto
750 3001 829 3058 enim
858 2999 979 3059 victoris
1006 3000 1126 3058 Aeneae
1154 3020 1203 3059 cu-

178 3087 353 3147 mulabatur
381 3087 492 3165 gloria,
521 3091 634 3164 quanto
665 3090 903 3148 coniurationem
930 3092 977 3149 tot
1006 3109 1124 3166 regum,
1156 3094 1204 3149 tot
1222 3103 1249 3143 ³⁰

178 3178 315 3254 gentium
343 3179 374 3236 et
400 3178 493 3236 totius
516 3176 624 3236 Italiae
648 3178 908 3255 congredientibus
932 3180 1075 3254 exparte
1099 3177 1202 3236 Troia·

178 3285 285 3325 norum
311 3266 416 3343 paucis
442 3266 612 3326 eonstiterit
639 3269 821 3342 superatam.
871 3269 987 3326 interea
1015 3266 1107 3325 verba
1136 3268 1203 3343 ipsa

250 3443 264 3489 1
285 3438 530 3491 demoreatraoerint
547 3436 581 3491 V.
655 3442 670 3489 2
695 3443 825 3491 vecturae
847 3438 923 3505 ipsae
945 3436 1052 3490 adrem
1070 3440 1203 3491 exercitus

177 3509 267 3577 tctipe't
288 3507 314 3559 V
339 3509 451 3577 quondo
475 3525 540 3563 erus
564 3510 582 3562 i.
603 3526 629 3563 a.
648 3525 670 3562 e.
690 3515 709 3562 t.
734 3524 785 3560 nos
809 3507 902 3562 lecum
929 3509 1034 3561 temere
1061 3510 1132 3561 mut.
1158 3510 1200 3562 ed.

165 3579 283 3638 efacro
301 3579 663 3647 Ved.fato?cf.2,‘138.
690 3579 693 3651 l
721 3578 865 3633 auctiorV
883 3579 967 3633 altior
985 3579 1028 3633 ed.
1103 3584 1202 3648 epost

145 3642 307 3700 babt‘ttm
321 3650 471 3719 reliquum
493 3668 592 3708 versus
611 3652 740 3723 spatium
756 3650 845 3721 signis
860 3648 1003 3719 expletum
1013 3648 1048 3704 V.
1102 3656 1117 3703 '1
1136 3652 1202 3705 haee

132 3718 190 3758 ⁰²⁰¹
210 3712 255 3765 ⁶d1
312 3723 353 3770 10
373 3728 409 3776 ut
417 3727 525 3791 potuit
540 3725 575 3784 V.
632 3732 667 3784 1a
687 3728 764 3784 enim
784 3742 842 3781 om.
856 3722 902 3779 ed.
950 3726 987 3775 ‘lo
1006 3721 1151 3788 defendere
1168 3723 1215 3773 ed.
