<?xml version="1.0" encoding="UTF-8"?>
<!DOCTYPE html PUBLIC "-//W3C//DTD XHTML 1.0 Transitional//EN"
    "http://www.w3.org/TR/xhtml1/DTD/xhtml1-transitional.dtd">
<html xmlns="http://www.w3.org/1999/xhtml" xml:lang="en" lang="en">
 <head>
  <title>
</title>
<meta http-equiv="Content-Type" content="text/html;charset=utf-8" />
  <meta name='ocr-system' content='tesseract 3.04.00' />
  <meta name='ocr-capabilities' content='ocr_page ocr_carea ocr_par ocr_line ocrx_word'/>
</head>
<body>
  <div class='ocr_page' id='page_1' title='image "./tibericlaudidon00georgoog_0168.png"; bbox 0 0 2725 4150; ppageno 0'>
   <div class='ocr_carea' id='block_1_1' title="bbox 520 347 1164 416">
    <p class='ocr_par' dir='ltr' id='par_1_1' title="bbox 520 347 1164 416">
     <span class='ocr_line' id='line_1_1' title="bbox 520 347 1164 416; baseline -0.002 -13"><span class='ocrx_word' id='word_1_1' title='bbox 520 347 704 405; x_wconf 84' lang='lat' dir='ltr'><strong>AENEIDOS</strong></span> <span class='ocrx_word' id='word_1_2' title='bbox 718 348 784 404; x_wconf 87' lang='lat' dir='ltr'><strong>VIII</strong></span> <span class='ocrx_word' id='word_1_3' title='bbox 1101 350 1164 416; x_wconf 82' lang='lat'>159</span> 
     </span>
    </p>
   </div>
   <div class='ocr_carea' id='block_1_2' title="bbox 97 517 1227 3275">
    <p class='ocr_par' dir='ltr' id='par_1_2' title="bbox 97 517 1227 3275">
     <span class='ocr_line' id='line_1_2' title="bbox 144 517 1165 593; baseline -0.004 -13"><span class='ocrx_word' id='word_1_4' title='bbox 144 539 195 580; x_wconf 89' lang='lat' dir='ltr'>rus</span> <span class='ocrx_word' id='word_1_5' title='bbox 219 521 255 579; x_wconf 93' lang='lat' dir='ltr'>de</span> <span class='ocrx_word' id='word_1_6' title='bbox 278 517 398 578; x_wconf 82' lang='lat' dir='ltr'>auxiliis</span> <span class='ocrx_word' id='word_1_7' title='bbox 421 519 521 578; x_wconf 85' lang='lat' dir='ltr'>fuerat</span> <span class='ocrx_word' id='word_1_8' title='bbox 542 518 687 578; x_wconf 87' lang='lat' dir='ltr'>redditus.</span> <span class='ocrx_word' id='word_1_9' title='bbox 730 521 863 579; x_wconf 87' lang='lat' dir='ltr'>ceterum</span> <span class='ocrx_word' id='word_1_10' title='bbox 881 517 907 578; x_wconf 92' lang='lat' dir='ltr'>si</span> <span class='ocrx_word' id='word_1_11' title='bbox 925 518 981 578; x_wconf 90' lang='lat' dir='ltr'>hoc</span> <span class='ocrx_word' id='word_1_12' title='bbox 1000 537 1060 577; x_wconf 92' lang='lat' dir='ltr'>nou</span> <span class='ocrx_word' id='word_1_13' title='bbox 1079 521 1165 593; x_wconf 73' lang='lat' dir='ltr'>esset</span> 
     </span>
     <span class='ocr_line' id='line_1_3' title="bbox 146 607 1166 686; baseline -0.004 -17"><span class='ocrx_word' id='word_1_14' title='bbox 146 610 319 686; x_wconf 76' lang='lat' dir='ltr'>culparetur</span> <span class='ocrx_word' id='word_1_15' title='bbox 331 609 448 667; x_wconf 79' lang='lat' dir='ltr'><strong>Aeneas</strong></span> <span class='ocrx_word' id='word_1_16' title='bbox 463 609 515 685; x_wconf 91' lang='lat' dir='ltr'>qui</span> <span class='ocrx_word' id='word_1_17' title='bbox 533 608 565 666; x_wconf 92' lang='lat' dir='ltr'>in</span> <span class='ocrx_word' id='word_1_18' title='bbox 584 610 672 668; x_wconf 90' lang='lat' dir='ltr'>tanta</span> <span class='ocrx_word' id='word_1_19' title='bbox 686 626 758 667; x_wconf 90' lang='lat' dir='ltr'>cura</span> <span class='ocrx_word' id='word_1_20' title='bbox 770 607 888 685; x_wconf 79' lang='lat' dir='ltr'>positis</span> <span class='ocrx_word' id='word_1_21' title='bbox 902 609 976 668; x_wconf 89' lang='lat' dir='ltr'>locis</span> <span class='ocrx_word' id='word_1_22' title='bbox 991 607 1166 684; x_wconf 77' lang='lat' dir='ltr'>capiebatur</span> 
     </span>
     <span class='ocr_line' id='line_1_4' title="bbox 145 697 1164 774; baseline -0.004 -16"><span class='ocrx_word' id='word_1_23' title='bbox 145 703 176 758; x_wconf 90' lang='lat' dir='ltr'>et</span> <span class='ocrx_word' id='word_1_24' title='bbox 197 701 334 759; x_wconf 84' lang='lat' dir='ltr'>veterum</span> <span class='ocrx_word' id='word_1_25' title='bbox 361 697 479 757; x_wconf 85' lang='lat' dir='ltr'>fabulas</span> <span class='ocrx_word' id='word_1_26' title='bbox 508 698 647 774; x_wconf 86' lang='lat' dir='ltr'>cupiebat</span> <span class='ocrx_word' id='word_1_27' title='bbox 670 697 784 757; x_wconf 89' lang='lat' dir='ltr'>audire.</span> <span class='ocrx_word' id='word_1_28' title='bbox 830 702 892 756; x_wconf 87' lang='lat' dir='ltr'>tam</span> <span class='ocrx_word' id='word_1_29' title='bbox 913 713 966 756; x_wconf 85' lang='lat' dir='ltr'>rea</span> <span class='ocrx_word' id='word_1_30' title='bbox 988 697 1164 765; x_wconf 77' lang='lat' dir='ltr'>Euandros,</span> 
     </span>
     <span class='ocr_line' id='line_1_5' title="bbox 144 786 1166 847; baseline -0.003 0"><span class='ocrx_word' id='word_1_31' title='bbox 144 789 299 847; x_wconf 79' lang='lat' dir='ltr'>Romanae</span> <span class='ocrx_word' id='word_1_32' title='bbox 327 787 456 846; x_wconf 76' lang='lat' dir='ltr'>conditor</span> <span class='ocrx_word' id='word_1_33' title='bbox 483 788 577 846; x_wconf 73' lang='lat' dir='ltr'>areis:</span> <span class='ocrx_word' id='word_1_34' title='bbox 613 786 756 846; x_wconf 80' lang='lat' dir='ltr'>Euander</span> <span class='ocrx_word' id='word_1_35' title='bbox 787 806 855 846; x_wconf 93' lang='lat' dir='ltr'>cum</span> <span class='ocrx_word' id='word_1_36' title='bbox 886 806 955 846; x_wconf 90' lang='lat' dir='ltr'>eum</span> <span class='ocrx_word' id='word_1_37' title='bbox 987 786 1166 845; x_wconf 65' lang='lat' dir='ltr'>adverfisset</span> 
     </span>
     <span class='ocr_line' id='line_1_6' title="bbox 116 874 1166 954; baseline -0.006 -17"><span class='ocrx_word' id='word_1_38' title='bbox 116 877 301 937; x_wconf 84' lang='lat' dir='ltr'>shominum</span> <span class='ocrx_word' id='word_1_39' title='bbox 323 874 439 953; x_wconf 84' lang='lat' dir='ltr'>origine</span> <span class='ocrx_word' id='word_1_40' title='bbox 460 878 597 936; x_wconf 82' lang='lat' dir='ltr'>veterum</span> <span class='ocrx_word' id='word_1_41' title='bbox 620 875 776 951; x_wconf 88' lang='lat' dir='ltr'>delectari,</span> <span class='ocrx_word' id='word_1_42' title='bbox 806 896 843 934; x_wconf 90' lang='lat' dir='ltr'>ue</span> <span class='ocrx_word' id='word_1_43' title='bbox 871 875 1084 954; x_wconf 83' lang='lat' dir='ltr'>interrogando</span> <span class='ocrx_word' id='word_1_44' title='bbox 1112 876 1166 932; x_wconf 87' lang='lat' dir='ltr'>aut</span> 
     </span>
     <span class='ocr_line' id='line_1_7' title="bbox 145 965 1165 1044; baseline -0.004 -18"><span class='ocrx_word' id='word_1_45' title='bbox 145 966 351 1044; x_wconf 88' lang='lat' dir='ltr'>respondendo</span> <span class='ocrx_word' id='word_1_46' title='bbox 369 965 497 1024; x_wconf 88' lang='lat' dir='ltr'>tarditas</span> <span class='ocrx_word' id='word_1_47' title='bbox 518 966 651 1025; x_wconf 89' lang='lat' dir='ltr'>oreretur</span> <span class='ocrx_word' id='word_1_48' title='bbox 668 965 716 1025; x_wconf 90' lang='lat' dir='ltr'>die</span> <span class='ocrx_word' id='word_1_49' title='bbox 734 965 797 1024; x_wconf 88' lang='lat' dir='ltr'>iam</span> <span class='ocrx_word' id='word_1_50' title='bbox 813 965 846 1024; x_wconf 93' lang='lat' dir='ltr'>in</span> <span class='ocrx_word' id='word_1_51' title='bbox 866 983 973 1024; x_wconf 89' lang='lat' dir='ltr'>occasu</span> <span class='ocrx_word' id='word_1_52' title='bbox 992 965 1165 1038; x_wconf 87' lang='lat' dir='ltr'>constituto,</span> 
     </span>
     <span class='ocr_line' id='line_1_8' title="bbox 145 1054 1164 1133; baseline -0.004 -17"><span class='ocrx_word' id='word_1_53' title='bbox 145 1057 210 1133; x_wconf 91' lang='lat' dir='ltr'>ipse</span> <span class='ocrx_word' id='word_1_54' title='bbox 232 1056 313 1114; x_wconf 90' lang='lat' dir='ltr'>ultro</span> <span class='ocrx_word' id='word_1_55' title='bbox 337 1054 425 1131; x_wconf 84' lang='lat' dir='ltr'>quasi</span> <span class='ocrx_word' id='word_1_56' title='bbox 448 1073 538 1131; x_wconf 91' lang='lat' dir='ltr'>super</span> <span class='ocrx_word' id='word_1_57' title='bbox 561 1055 698 1114; x_wconf 88' lang='lat' dir='ltr'>omnibus</span> <span class='ocrx_word' id='word_1_58' title='bbox 716 1055 919 1132; x_wconf 85' lang='lat' dir='ltr'>interrogatus</span> <span class='ocrx_word' id='word_1_59' title='bbox 938 1054 1025 1131; x_wconf 89' lang='lat' dir='ltr'>plene</span> <span class='ocrx_word' id='word_1_60' title='bbox 1044 1070 1164 1113; x_wconf 87' lang='lat' dir='ltr'>exorsus</span> 
     </span>
     <span class='ocr_line' id='line_1_9' title="bbox 146 1142 1166 1222; baseline -0.004 -18"><span class='ocrx_word' id='word_1_61' title='bbox 146 1148 192 1205; x_wconf 90' lang='lat' dir='ltr'>est</span> <span class='ocrx_word' id='word_1_62' title='bbox 210 1148 382 1205; x_wconf 77' lang='lat' dir='ltr'>ostensurus</span> <span class='ocrx_word' id='word_1_63' title='bbox 397 1144 517 1221; x_wconf 62' lang='lat' dir='ltr'>sinffrla</span> <span class='ocrx_word' id='word_1_64' title='bbox 531 1147 562 1202; x_wconf 92' lang='lat' dir='ltr'>et</span> <span class='ocrx_word' id='word_1_65' title='bbox 576 1163 678 1204; x_wconf 88' lang='lat' dir='ltr'>eorum</span> <span class='ocrx_word' id='word_1_66' title='bbox 693 1143 840 1222; x_wconf 85' lang='lat' dir='ltr'>originem</span> <span class='ocrx_word' id='word_1_67' title='bbox 853 1146 1038 1203; x_wconf 83' lang='lat' dir='ltr'>narraturus.</span> <span class='ocrx_word' id='word_1_68' title='bbox 1067 1142 1166 1218; x_wconf 89' lang='lat' dir='ltr'>coepit</span> 
     </span>
     <span class='ocr_line' id='line_1_10' title="bbox 144 1232 1165 1312; baseline -0.005 -18"><span class='ocrx_word' id='word_1_69' title='bbox 144 1235 239 1312; x_wconf 85' lang='lat' dir='ltr'>igitur</span> <span class='ocrx_word' id='word_1_70' title='bbox 261 1235 317 1294; x_wconf 87' lang='lat' dir='ltr'>sic:</span> <span class='ocrx_word' id='word_1_71' title='bbox 353 1233 424 1292; x_wconf 79' lang='lat' dir='ltr'>haee</span> <span class='ocrx_word' id='word_1_72' title='bbox 446 1250 567 1291; x_wconf 76' lang='lat' dir='ltr'>nemora</span> <span class='ocrx_word' id='word_1_73' title='bbox 589 1233 745 1307; x_wconf 74' lang='lat' dir='ltr'>iode&#39;qeaae</span> <span class='ocrx_word' id='word_1_74' title='bbox 766 1232 856 1306; x_wconf 81' lang='lat' dir='ltr'>foaoo&#39;</span> <span class='ocrx_word' id='word_1_75' title='bbox 872 1233 1072 1308; x_wconf 74' lang='lat' dir='ltr'>nymphaeque</span> <span class='ocrx_word' id='word_1_76' title='bbox 1090 1236 1165 1290; x_wconf 78' lang='lat' dir='ltr'>tene·</span> 
     </span>
     <span class='ocr_line' id='line_1_11' title="bbox 102 1322 1227 1398; baseline -0.004 -16"><span class='ocrx_word' id='word_1_77' title='bbox 102 1343 129 1382; x_wconf 83' lang='lat' dir='ltr'>a</span> <span class='ocrx_word' id='word_1_78' title='bbox 146 1326 216 1383; x_wconf 83' lang='lat' dir='ltr'>boat</span> <span class='ocrx_word' id='word_1_79' title='bbox 231 1340 358 1398; x_wconf 71' lang='lat' dir='ltr'>peneque</span> <span class='ocrx_word' id='word_1_80' title='bbox 373 1323 471 1381; x_wconf 78' lang='lat' dir='ltr'>otraon</span> <span class='ocrx_word' id='word_1_81' title='bbox 490 1322 601 1381; x_wconf 75' lang='lat' dir='ltr'>tranas</span> <span class='ocrx_word' id='word_1_82' title='bbox 615 1325 642 1380; x_wconf 85' lang='lat' dir='ltr'>et</span> <span class='ocrx_word' id='word_1_83' title='bbox 655 1322 729 1381; x_wconf 77' lang='lat' dir='ltr'>duro</span> <span class='ocrx_word' id='word_1_84' title='bbox 742 1324 843 1381; x_wconf 82' lang='lat' dir='ltr'>robore</span> <span class='ocrx_word' id='word_1_85' title='bbox 861 1325 948 1381; x_wconf 82' lang='lat' dir='ltr'>nato:</span> <span class='ocrx_word' id='word_1_86' title='bbox 969 1323 1038 1395; x_wconf 83' lang='lat' dir='ltr'>ista,</span> <span class='ocrx_word' id='word_1_87' title='bbox 1056 1322 1165 1398; x_wconf 88' lang='lat' dir='ltr'>inquit,</span> <span class='ocrx_word' id='word_1_88' title='bbox 1175 1328 1227 1379; x_wconf 77' lang='lat'>315</span> 
     </span>
     <span class='ocr_line' id='line_1_12' title="bbox 145 1409 1165 1489; baseline -0.001 -18"><span class='ocrx_word' id='word_1_89' title='bbox 145 1432 267 1473; x_wconf 91' lang='lat' dir='ltr'>nemora</span> <span class='ocrx_word' id='word_1_90' title='bbox 290 1412 429 1489; x_wconf 90' lang='lat' dir='ltr'>primitus</span> <span class='ocrx_word' id='word_1_91' title='bbox 457 1412 544 1471; x_wconf 89' lang='lat' dir='ltr'>fauni</span> <span class='ocrx_word' id='word_1_92' title='bbox 570 1410 715 1470; x_wconf 89' lang='lat' dir='ltr'>tenebant</span> <span class='ocrx_word' id='word_1_93' title='bbox 736 1413 768 1469; x_wconf 91' lang='lat' dir='ltr'>et</span> <span class='ocrx_word' id='word_1_94' title='bbox 789 1411 939 1487; x_wconf 85' lang='lat' dir='ltr'>nymphae</span> <span class='ocrx_word' id='word_1_95' title='bbox 962 1413 993 1470; x_wconf 89' lang='lat' dir='ltr'>et</span> <span class='ocrx_word' id='word_1_96' title='bbox 1016 1409 1098 1470; x_wconf 82' lang='lat' dir='ltr'>aiiud</span> <span class='ocrx_word' id='word_1_97' title='bbox 1121 1411 1165 1470; x_wconf 86' lang='lat' dir='ltr'>vi-</span> 
     </span>
     <span class='ocr_line' id='line_1_13' title="bbox 97 1499 1166 1580; baseline -0.002 -19"><span class='ocrx_word' id='word_1_98' title='bbox 97 1544 99 1549; x_wconf 81' lang='lat'>·</span> <span class='ocrx_word' id='word_1_99' title='bbox 144 1522 247 1563; x_wconf 91' lang='lat' dir='ltr'>rorum</span> <span class='ocrx_word' id='word_1_100' title='bbox 265 1521 357 1580; x_wconf 84' lang='lat' dir='ltr'>genus</span> <span class='ocrx_word' id='word_1_101' title='bbox 376 1504 481 1560; x_wconf 89' lang='lat' dir='ltr'>uatum</span> <span class='ocrx_word' id='word_1_102' title='bbox 501 1520 537 1559; x_wconf 85' lang='lat' dir='ltr'>ex</span> <span class='ocrx_word' id='word_1_103' title='bbox 554 1501 697 1559; x_wconf 88' lang='lat' dir='ltr'>arborum</span> <span class='ocrx_word' id='word_1_104' title='bbox 714 1500 828 1560; x_wconf 68' lang='lat' dir='ltr'>uuncIs</span> <span class='ocrx_word' id='word_1_105' title='bbox 846 1503 899 1559; x_wconf 88' lang='lat' dir='ltr'>aut</span> <span class='ocrx_word' id='word_1_106' title='bbox 911 1499 1025 1559; x_wconf 91' lang='lat' dir='ltr'>robore.</span> <span class='ocrx_word' id='word_1_107' title='bbox 1060 1499 1166 1559; x_wconf 91' lang='lat' dir='ltr'>robore</span> 
     </span>
     <span class='ocr_line' id='line_1_14' title="bbox 146 1587 1166 1669; baseline -0.003 -19"><span class='ocrx_word' id='word_1_108' title='bbox 146 1591 227 1669; x_wconf 89' lang='lat' dir='ltr'>quod</span> <span class='ocrx_word' id='word_1_109' title='bbox 251 1593 307 1667; x_wconf 84' lang='lat' dir='ltr'>ait,</span> <span class='ocrx_word' id='word_1_110' title='bbox 338 1594 391 1651; x_wconf 88' lang='lat' dir='ltr'>aut</span> <span class='ocrx_word' id='word_1_111' title='bbox 418 1609 512 1669; x_wconf 83' lang='lat' dir='ltr'>genus</span> <span class='ocrx_word' id='word_1_112' title='bbox 540 1590 618 1667; x_wconf 82' lang='lat' dir='ltr'>ligni</span> <span class='ocrx_word' id='word_1_113' title='bbox 640 1587 822 1668; x_wconf 77' lang='lat' dir='ltr'>significavit</span> <span class='ocrx_word' id='word_1_114' title='bbox 845 1592 900 1649; x_wconf 89' lang='lat' dir='ltr'>aut</span> <span class='ocrx_word' id='word_1_115' title='bbox 922 1587 1036 1649; x_wconf 80' lang='lat' dir='ltr'>arboris</span> <span class='ocrx_word' id='word_1_116' title='bbox 1060 1587 1166 1648; x_wconf 84' lang='lat' dir='ltr'>cressi·</span> 
     </span>
     <span class='ocr_line' id='line_1_15' title="bbox 144 1677 1165 1758; baseline -0.004 -18"><span class='ocrx_word' id='word_1_117' title='bbox 144 1681 290 1741; x_wconf 77' lang='lat' dir='ltr'>tudinem.</span> <span class='ocrx_word' id='word_1_118' title='bbox 335 1680 507 1758; x_wconf 83' lang='lat' dir='ltr'>indigenae,</span> <span class='ocrx_word' id='word_1_119' title='bbox 536 1679 606 1738; x_wconf 90' lang='lat' dir='ltr'>inde</span> <span class='ocrx_word' id='word_1_120' title='bbox 633 1678 742 1757; x_wconf 86' lang='lat' dir='ltr'>geniti,</span> <span class='ocrx_word' id='word_1_121' title='bbox 771 1679 827 1738; x_wconf 90' lang='lat' dir='ltr'>hoc</span> <span class='ocrx_word' id='word_1_122' title='bbox 850 1681 895 1739; x_wconf 89' lang='lat' dir='ltr'>est</span> <span class='ocrx_word' id='word_1_123' title='bbox 921 1680 954 1737; x_wconf 92' lang='lat' dir='ltr'>in</span> <span class='ocrx_word' id='word_1_124' title='bbox 980 1677 1054 1754; x_wconf 90' lang='lat' dir='ltr'>ipsis</span> <span class='ocrx_word' id='word_1_125' title='bbox 1081 1677 1165 1753; x_wconf 89' lang='lat' dir='ltr'>locis,</span> 
     </span>
     <span class='ocr_line' id='line_1_16' title="bbox 102 1767 1167 1847; baseline -0.003 -19"><span class='ocrx_word' id='word_1_126' title='bbox 102 1788 128 1829; x_wconf 83' lang='lat' dir='ltr'>rs</span> <span class='ocrx_word' id='word_1_127' title='bbox 146 1769 227 1846; x_wconf 90' lang='lat' dir='ltr'>quod</span> <span class='ocrx_word' id='word_1_128' title='bbox 253 1771 354 1847; x_wconf 89' lang='lat' dir='ltr'>potest</span> <span class='ocrx_word' id='word_1_129' title='bbox 380 1772 411 1828; x_wconf 89' lang='lat' dir='ltr'>et</span> <span class='ocrx_word' id='word_1_130' title='bbox 439 1771 477 1829; x_wconf 89' lang='lat' dir='ltr'>ad</span> <span class='ocrx_word' id='word_1_131' title='bbox 504 1769 611 1828; x_wconf 87' lang='lat' dir='ltr'>faunos</span> <span class='ocrx_word' id='word_1_132' title='bbox 638 1770 669 1827; x_wconf 88' lang='lat' dir='ltr'>et</span> <span class='ocrx_word' id='word_1_133' title='bbox 697 1768 736 1826; x_wconf 90' lang='lat' dir='ltr'>ad</span> <span class='ocrx_word' id='word_1_134' title='bbox 763 1769 912 1845; x_wconf 88' lang='lat' dir='ltr'>nymphas</span> <span class='ocrx_word' id='word_1_135' title='bbox 939 1767 1101 1844; x_wconf 86' lang='lat' dir='ltr'>pertinere,</span> <span class='ocrx_word' id='word_1_136' title='bbox 1131 1769 1167 1826; x_wconf 91' lang='lat' dir='ltr'>ut</span> 
     </span>
     <span class='ocr_line' id='line_1_17' title="bbox 146 1855 1166 1936; baseline -0.003 -18"><span class='ocrx_word' id='word_1_137' title='bbox 146 1878 247 1918; x_wconf 90' lang='lat' dir='ltr'>omues</span> <span class='ocrx_word' id='word_1_138' title='bbox 270 1861 332 1919; x_wconf 90' lang='lat' dir='ltr'>sint</span> <span class='ocrx_word' id='word_1_139' title='bbox 353 1859 521 1936; x_wconf 83' lang='lat' dir='ltr'>indigenae.</span> <span class='ocrx_word' id='word_1_140' title='bbox 563 1856 644 1916; x_wconf 87' lang='lat' dir='ltr'>dicta</span> <span class='ocrx_word' id='word_1_141' title='bbox 666 1859 713 1917; x_wconf 89' lang='lat' dir='ltr'>est</span> <span class='ocrx_word' id='word_1_142' title='bbox 735 1858 830 1936; x_wconf 86' lang='lat' dir='ltr'>origo,</span> <span class='ocrx_word' id='word_1_143' title='bbox 853 1859 1020 1917; x_wconf 85' lang='lat' dir='ltr'>necessario</span> <span class='ocrx_word' id='word_1_144' title='bbox 1043 1855 1166 1917; x_wconf 88' lang='lat' dir='ltr'>subuec-</span> 
     </span>
     <span class='ocr_line' id='line_1_18' title="bbox 145 1946 1167 2026; baseline -0.002 -20"><span class='ocrx_word' id='word_1_145' title='bbox 145 1950 222 2007; x_wconf 88' lang='lat' dir='ltr'>titur</span> <span class='ocrx_word' id='word_1_146' title='bbox 244 1947 393 2024; x_wconf 90' lang='lat' dir='ltr'>quomodo</span> <span class='ocrx_word' id='word_1_147' title='bbox 422 1967 452 2008; x_wconf 90' lang='lat' dir='ltr'>se</span> <span class='ocrx_word' id='word_1_148' title='bbox 479 1948 558 2006; x_wconf 92' lang='lat' dir='ltr'>inter</span> <span class='ocrx_word' id='word_1_149' title='bbox 583 1946 674 2006; x_wconf 86' lang='lat' dir='ltr'>initia</span> <span class='ocrx_word' id='word_1_150' title='bbox 702 1947 862 2026; x_wconf 77' lang='lat' dir='ltr'>gesserint:</span> <span class='ocrx_word' id='word_1_151' title='bbox 903 1947 968 2020; x_wconf 75' lang='lat' dir='ltr'>oots</span> <span class='ocrx_word' id='word_1_152' title='bbox 990 1963 1082 2020; x_wconf 81' lang='lat' dir='ltr'>aeque</span> <span class='ocrx_word' id='word_1_153' title='bbox 1103 1962 1167 2005; x_wconf 83' lang='lat' dir='ltr'>onos</span> 
     </span>
     <span class='ocr_line' id='line_1_19' title="bbox 147 2036 1167 2116; baseline 0 -20"><span class='ocrx_word' id='word_1_154' title='bbox 147 2054 238 2110; x_wconf 78' lang='lat' dir='ltr'>aeque</span> <span class='ocrx_word' id='word_1_155' title='bbox 261 2038 355 2098; x_wconf 83' lang='lat' dir='ltr'>celtas</span> <span class='ocrx_word' id='word_1_156' title='bbox 378 2041 455 2097; x_wconf 78' lang='lat' dir='ltr'>erat:</span> <span class='ocrx_word' id='word_1_157' title='bbox 478 2054 579 2097; x_wconf 91' lang='lat' dir='ltr'>omnes</span> <span class='ocrx_word' id='word_1_158' title='bbox 602 2037 709 2115; x_wconf 89' lang='lat' dir='ltr'>populi</span> <span class='ocrx_word' id='word_1_159' title='bbox 733 2040 787 2098; x_wconf 88' lang='lat' dir='ltr'>aut</span> <span class='ocrx_word' id='word_1_160' title='bbox 809 2036 924 2116; x_wconf 80' lang='lat' dir='ltr'>legibus</span> <span class='ocrx_word' id='word_1_161' title='bbox 948 2038 1089 2097; x_wconf 91' lang='lat' dir='ltr'>tenentur</span> <span class='ocrx_word' id='word_1_162' title='bbox 1112 2040 1167 2096; x_wconf 87' lang='lat' dir='ltr'>eut</span> 
     </span>
     <span class='ocr_line' id='line_1_20' title="bbox 147 2126 1167 2205; baseline 0 -20"><span class='ocrx_word' id='word_1_163' title='bbox 147 2126 291 2203; x_wconf 89' lang='lat' dir='ltr'>moribus,</span> <span class='ocrx_word' id='word_1_164' title='bbox 313 2129 394 2205; x_wconf 83' lang='lat' dir='ltr'>leges</span> <span class='ocrx_word' id='word_1_165' title='bbox 413 2128 611 2204; x_wconf 84' lang='lat' dir='ltr'>inponuntur,</span> <span class='ocrx_word' id='word_1_166' title='bbox 629 2145 695 2187; x_wconf 91' lang='lat' dir='ltr'>mos</span> <span class='ocrx_word' id='word_1_167' title='bbox 714 2147 784 2187; x_wconf 85' lang='lat' dir='ltr'>vero</span> <span class='ocrx_word' id='word_1_168' title='bbox 804 2147 840 2187; x_wconf 91' lang='lat' dir='ltr'>ex</span> <span class='ocrx_word' id='word_1_169' title='bbox 857 2127 1013 2187; x_wconf 85' lang='lat' dir='ltr'>voluntate</span> <span class='ocrx_word' id='word_1_170' title='bbox 1031 2126 1167 2187; x_wconf 88' lang='lat' dir='ltr'>nascitur</span> 
     </span>
     <span class='ocr_line' id='line_1_21' title="bbox 103 2214 1166 2293; baseline 0.002 -20"><span class='ocrx_word' id='word_1_171' title='bbox 103 2234 129 2273; x_wconf 85' lang='lat' dir='ltr'>so</span> <span class='ocrx_word' id='word_1_172' title='bbox 146 2216 311 2276; x_wconf 89' lang='lat' dir='ltr'>incolarum</span> <span class='ocrx_word' id='word_1_173' title='bbox 335 2220 365 2276; x_wconf 89' lang='lat' dir='ltr'>et</span> <span class='ocrx_word' id='word_1_174' title='bbox 388 2220 434 2276; x_wconf 90' lang='lat' dir='ltr'>est</span> <span class='ocrx_word' id='word_1_175' title='bbox 455 2237 510 2293; x_wconf 88' lang='lat' dir='ltr'>per</span> <span class='ocrx_word' id='word_1_176' title='bbox 536 2216 673 2293; x_wconf 83' lang='lat' dir='ltr'>regiones</span> <span class='ocrx_word' id='word_1_177' title='bbox 697 2214 831 2277; x_wconf 81' lang='lat' dir='ltr'>diversus</span> <span class='ocrx_word' id='word_1_178' title='bbox 860 2223 891 2275; x_wconf 91' lang='lat' dir='ltr'>et</span> <span class='ocrx_word' id='word_1_179' title='bbox 916 2215 1040 2293; x_wconf 85' lang='lat' dir='ltr'>perinde</span> <span class='ocrx_word' id='word_1_180' title='bbox 1068 2217 1166 2276; x_wconf 91' lang='lat' dir='ltr'>obser-</span> 
     </span>
     <span class='ocr_line' id='line_1_22' title="bbox 145 2304 1167 2382; baseline -0.002 -17"><span class='ocrx_word' id='word_1_181' title='bbox 145 2310 235 2366; x_wconf 85' lang='lat' dir='ltr'>vatur</span> <span class='ocrx_word' id='word_1_182' title='bbox 257 2308 292 2364; x_wconf 91' lang='lat' dir='ltr'>ut</span> <span class='ocrx_word' id='word_1_183' title='bbox 313 2307 369 2364; x_wconf 88' lang='lat' dir='ltr'>lex.</span> <span class='ocrx_word' id='word_1_184' title='bbox 405 2307 457 2365; x_wconf 89' lang='lat' dir='ltr'>isti</span> <span class='ocrx_word' id='word_1_185' title='bbox 479 2308 542 2364; x_wconf 89' lang='lat' dir='ltr'>tam</span> <span class='ocrx_word' id='word_1_186' title='bbox 565 2304 655 2364; x_wconf 89' lang='lat' dir='ltr'>rudes</span> <span class='ocrx_word' id='word_1_187' title='bbox 678 2304 813 2380; x_wconf 70' lang='lat' dir='ltr'>fixerunt,</span> <span class='ocrx_word' id='word_1_188' title='bbox 836 2307 900 2364; x_wconf 91' lang='lat' dir='ltr'>tam</span> <span class='ocrx_word' id='word_1_189' title='bbox 919 2308 1031 2382; x_wconf 88' lang='lat' dir='ltr'>asperi,</span> <span class='ocrx_word' id='word_1_190' title='bbox 1053 2309 1090 2365; x_wconf 90' lang='lat' dir='ltr'>ut</span> <span class='ocrx_word' id='word_1_191' title='bbox 1112 2323 1167 2364; x_wconf 90' lang='lat' dir='ltr'>nec</span> 
     </span>
     <span class='ocr_line' id='line_1_23' title="bbox 145 2394 1167 2473; baseline -0.001 -20"><span class='ocrx_word' id='word_1_192' title='bbox 145 2397 210 2473; x_wconf 88' lang='lat' dir='ltr'>lege</span> <span class='ocrx_word' id='word_1_193' title='bbox 233 2396 298 2453; x_wconf 88' lang='lat' dir='ltr'>ulla</span> <span class='ocrx_word' id='word_1_194' title='bbox 320 2414 374 2454; x_wconf 91' lang='lat' dir='ltr'>nec</span> <span class='ocrx_word' id='word_1_195' title='bbox 398 2396 501 2470; x_wconf 89' lang='lat' dir='ltr'>aliquo</span> <span class='ocrx_word' id='word_1_196' title='bbox 523 2414 605 2454; x_wconf 90' lang='lat' dir='ltr'>more</span> <span class='ocrx_word' id='word_1_197' title='bbox 631 2396 815 2468; x_wconf 90' lang='lat' dir='ltr'>tenerentur,</span> <span class='ocrx_word' id='word_1_198' title='bbox 838 2394 955 2453; x_wconf 88' lang='lat' dir='ltr'>cultum</span> <span class='ocrx_word' id='word_1_199' title='bbox 980 2414 1098 2471; x_wconf 91' lang='lat' dir='ltr'>quoque</span> <span class='ocrx_word' id='word_1_200' title='bbox 1116 2412 1167 2452; x_wconf 89' lang='lat' dir='ltr'>ne·</span> 
     </span>
     <span class='ocr_line' id='line_1_24' title="bbox 146 2483 1166 2561; baseline -0.003 -17"><span class='ocrx_word' id='word_1_201' title='bbox 146 2485 288 2545; x_wconf 89' lang='lat' dir='ltr'>sciebant.</span> <span class='ocrx_word' id='word_1_202' title='bbox 321 2484 374 2560; x_wconf 90' lang='lat' dir='ltr'>qui</span> <span class='ocrx_word' id='word_1_203' title='bbox 388 2484 428 2543; x_wconf 76' lang='lat' dir='ltr'>sit</span> <span class='ocrx_word' id='word_1_204' title='bbox 442 2485 540 2544; x_wconf 89' lang='lat' dir='ltr'>cultus</span> <span class='ocrx_word' id='word_1_205' title='bbox 558 2486 623 2561; x_wconf 89' lang='lat' dir='ltr'>ipse</span> <span class='ocrx_word' id='word_1_206' title='bbox 641 2486 732 2560; x_wconf 91' lang='lat' dir='ltr'>poeta</span> <span class='ocrx_word' id='word_1_207' title='bbox 749 2483 848 2560; x_wconf 90' lang='lat' dir='ltr'>ponit:</span> <span class='ocrx_word' id='word_1_208' title='bbox 867 2501 920 2542; x_wconf 83' lang='lat' dir='ltr'>aec</span> <span class='ocrx_word' id='word_1_209' title='bbox 932 2485 1051 2558; x_wconf 72' lang='lat' dir='ltr'>taaoere</span> <span class='ocrx_word' id='word_1_210' title='bbox 1065 2487 1166 2541; x_wconf 81' lang='lat' dir='ltr'>tauros</span> 
     </span>
     <span class='ocr_line' id='line_1_25' title="bbox 146 2570 1167 2647; baseline -0.004 -14"><span class='ocrx_word' id='word_1_211' title='bbox 146 2578 197 2633; x_wconf 88' lang='lat' dir='ltr'>eat</span> <span class='ocrx_word' id='word_1_212' title='bbox 220 2590 388 2647; x_wconf 78' lang='lat' dir='ltr'>componere</span> <span class='ocrx_word' id='word_1_213' title='bbox 411 2591 480 2647; x_wconf 82' lang='lat' dir='ltr'>opes</span> <span class='ocrx_word' id='word_1_214' title='bbox 501 2577 622 2641; x_wconf 81' lang='lat' dir='ltr'>aoraat,</span> <span class='ocrx_word' id='word_1_215' title='bbox 646 2573 703 2631; x_wconf 91' lang='lat' dir='ltr'>hoc</span> <span class='ocrx_word' id='word_1_216' title='bbox 725 2576 771 2633; x_wconf 91' lang='lat' dir='ltr'>est</span> <span class='ocrx_word' id='word_1_217' title='bbox 792 2574 887 2631; x_wconf 88' lang='lat' dir='ltr'>terras</span> <span class='ocrx_word' id='word_1_218' title='bbox 911 2573 1058 2630; x_wconf 87' lang='lat' dir='ltr'>invertere</span> <span class='ocrx_word' id='word_1_219' title='bbox 1078 2574 1116 2646; x_wconf 84' lang='lat' dir='ltr'>et,</span> <span class='ocrx_word' id='word_1_220' title='bbox 1140 2570 1167 2629; x_wconf 89' lang='lat' dir='ltr'>si</span> 
     </span>
     <span class='ocr_line' id='line_1_26' title="bbox 101 2660 1166 2740; baseline 0 -22"><span class='ocrx_word' id='word_1_221' title='bbox 101 2679 127 2719; x_wconf 78' lang='lat'>25</span> <span class='ocrx_word' id='word_1_222' title='bbox 145 2666 223 2723; x_wconf 90' lang='lat' dir='ltr'>esset</span> <span class='ocrx_word' id='word_1_223' title='bbox 246 2681 337 2739; x_wconf 91' lang='lat' dir='ltr'>opum</span> <span class='ocrx_word' id='word_1_224' title='bbox 363 2681 475 2740; x_wconf 85' lang='lat' dir='ltr'>magna</span> <span class='ocrx_word' id='word_1_225' title='bbox 504 2662 687 2736; x_wconf 87' lang='lat' dir='ltr'>substantia,</span> <span class='ocrx_word' id='word_1_226' title='bbox 716 2661 892 2721; x_wconf 81' lang='lat' dir='ltr'>nesciebant</span> <span class='ocrx_word' id='word_1_227' title='bbox 914 2680 949 2720; x_wconf 90' lang='lat' dir='ltr'>ea</span> <span class='ocrx_word' id='word_1_228' title='bbox 972 2660 1017 2719; x_wconf 82' lang='lat' dir='ltr'>uti</span> <span class='ocrx_word' id='word_1_229' title='bbox 1040 2678 1166 2736; x_wconf 88' lang='lat' dir='ltr'>eamque</span> 
     </span>
     <span class='ocr_line' id='line_1_27' title="bbox 146 2749 1165 2830; baseline -0.002 -21"><span class='ocrx_word' id='word_1_230' title='bbox 146 2753 313 2830; x_wconf 81' lang='lat' dir='ltr'>elegantius</span> <span class='ocrx_word' id='word_1_231' title='bbox 337 2752 485 2811; x_wconf 86' lang='lat' dir='ltr'>ordinare.</span> <span class='ocrx_word' id='word_1_232' title='bbox 522 2757 575 2811; x_wconf 87' lang='lat' dir='ltr'>oat</span> <span class='ocrx_word' id='word_1_233' title='bbox 588 2768 712 2826; x_wconf 79' lang='lat' dir='ltr'>parcere</span> <span class='ocrx_word' id='word_1_234' title='bbox 726 2753 814 2825; x_wconf 79' lang='lat' dir='ltr'>parto</span> <span class='ocrx_word' id='word_1_235' title='bbox 832 2750 880 2811; x_wconf 89' lang='lat' dir='ltr'>vel</span> <span class='ocrx_word' id='word_1_236' title='bbox 898 2749 931 2808; x_wconf 92' lang='lat' dir='ltr'>in</span> <span class='ocrx_word' id='word_1_237' title='bbox 949 2750 1087 2808; x_wconf 87' lang='lat' dir='ltr'>futurum</span> <span class='ocrx_word' id='word_1_238' title='bbox 1107 2767 1165 2808; x_wconf 91' lang='lat' dir='ltr'>ser·</span> 
     </span>
     <span class='ocr_line' id='line_1_28' title="bbox 144 2839 1166 2918; baseline -0.005 -16"><span class='ocrx_word' id='word_1_239' title='bbox 144 2862 216 2902; x_wconf 81' lang='lat' dir='ltr'>vare</span> <span class='ocrx_word' id='word_1_240' title='bbox 240 2844 362 2918; x_wconf 92' lang='lat' dir='ltr'>propter</span> <span class='ocrx_word' id='word_1_241' title='bbox 385 2841 598 2901; x_wconf 83' lang='lat' dir='ltr'>necessitatum</span> <span class='ocrx_word' id='word_1_242' title='bbox 616 2842 804 2900; x_wconf 86' lang='lat' dir='ltr'>varietatem.</span> <span class='ocrx_word' id='word_1_243' title='bbox 846 2839 1064 2899; x_wconf 87' lang='lat' dir='ltr'>ordinationem</span> <span class='ocrx_word' id='word_1_244' title='bbox 1084 2857 1166 2897; x_wconf 92' lang='lat' dir='ltr'>more</span> 
     </span>
     <span class='ocr_line' id='line_1_29' title="bbox 145 2928 1165 3007; baseline -0.003 -18"><span class='ocrx_word' id='word_1_245' title='bbox 145 2950 200 2990; x_wconf 92' lang='lat' dir='ltr'>suo</span> <span class='ocrx_word' id='word_1_246' title='bbox 224 2933 365 2990; x_wconf 87' lang='lat' dir='ltr'>executus</span> <span class='ocrx_word' id='word_1_247' title='bbox 389 2933 447 3005; x_wconf 87' lang='lat' dir='ltr'>est,</span> <span class='ocrx_word' id='word_1_248' title='bbox 469 2931 565 3007; x_wconf 89' lang='lat' dir='ltr'>primo</span> <span class='ocrx_word' id='word_1_249' title='bbox 589 2930 666 2989; x_wconf 86' lang='lat' dir='ltr'>dixit</span> <span class='ocrx_word' id='word_1_250' title='bbox 688 2949 742 2990; x_wconf 91' lang='lat' dir='ltr'>nec</span> <span class='ocrx_word' id='word_1_251' title='bbox 766 2933 796 2989; x_wconf 92' lang='lat' dir='ltr'>et</span> <span class='ocrx_word' id='word_1_252' title='bbox 818 2930 851 2988; x_wconf 90' lang='lat' dir='ltr'>in</span> <span class='ocrx_word' id='word_1_253' title='bbox 873 2928 970 2988; x_wconf 87' lang='lat' dir='ltr'>medio</span> <span class='ocrx_word' id='word_1_254' title='bbox 993 2928 1096 3005; x_wconf 88' lang='lat' dir='ltr'>posuit</span> <span class='ocrx_word' id='word_1_255' title='bbox 1113 2946 1165 2987; x_wconf 93' lang='lat' dir='ltr'>no·</span> 
     </span>
     <span class='ocr_line' id='line_1_30' title="bbox 145 3019 1166 3097; baseline -0.003 -19"><span class='ocrx_word' id='word_1_256' title='bbox 145 3021 227 3094; x_wconf 84' lang='lat' dir='ltr'>rant,</span> <span class='ocrx_word' id='word_1_257' title='bbox 250 3022 286 3078; x_wconf 89' lang='lat' dir='ltr'>nt</span> <span class='ocrx_word' id='word_1_258' title='bbox 309 3024 387 3080; x_wconf 88' lang='lat' dir='ltr'>esset</span> <span class='ocrx_word' id='word_1_259' title='bbox 409 3038 463 3079; x_wconf 90' lang='lat' dir='ltr'>nec</span> <span class='ocrx_word' id='word_1_260' title='bbox 486 3023 596 3079; x_wconf 87' lang='lat' dir='ltr'>norant</span> <span class='ocrx_word' id='word_1_261' title='bbox 617 3023 721 3079; x_wconf 87' lang='lat' dir='ltr'>tauros</span> <span class='ocrx_word' id='word_1_262' title='bbox 744 3019 869 3097; x_wconf 84' lang='lat' dir='ltr'>iungere</span> <span class='ocrx_word' id='word_1_263' title='bbox 891 3037 945 3078; x_wconf 90' lang='lat' dir='ltr'>nec</span> <span class='ocrx_word' id='word_1_264' title='bbox 967 3021 1077 3078; x_wconf 89' lang='lat' dir='ltr'>norant</span> <span class='ocrx_word' id='word_1_265' title='bbox 1096 3036 1166 3094; x_wconf 90' lang='lat' dir='ltr'>opes</span> 
     </span>
     <span class='ocr_line' id='line_1_31' title="bbox 101 3106 1166 3186; baseline 0 -22"><span class='ocrx_word' id='word_1_266' title='bbox 101 3124 128 3163; x_wconf 84' lang='lat' dir='ltr'>so</span> <span class='ocrx_word' id='word_1_267' title='bbox 146 3127 312 3185; x_wconf 89' lang='lat' dir='ltr'>conponere</span> <span class='ocrx_word' id='word_1_268' title='bbox 335 3127 390 3168; x_wconf 93' lang='lat' dir='ltr'>nec</span> <span class='ocrx_word' id='word_1_269' title='bbox 408 3112 518 3168; x_wconf 86' lang='lat' dir='ltr'>norant</span> <span class='ocrx_word' id='word_1_270' title='bbox 536 3128 656 3186; x_wconf 89' lang='lat' dir='ltr'>parcere</span> <span class='ocrx_word' id='word_1_271' title='bbox 674 3111 772 3185; x_wconf 89' lang='lat' dir='ltr'>parto.</span> <span class='ocrx_word' id='word_1_272' title='bbox 810 3127 845 3168; x_wconf 89' lang='lat' dir='ltr'>ae</span> <span class='ocrx_word' id='word_1_273' title='bbox 862 3126 916 3184; x_wconf 92' lang='lat' dir='ltr'>per</span> <span class='ocrx_word' id='word_1_274' title='bbox 932 3108 989 3167; x_wconf 89' lang='lat' dir='ltr'>hoe</span> <span class='ocrx_word' id='word_1_275' title='bbox 1006 3126 1096 3168; x_wconf 89' lang='lat' dir='ltr'>usum</span> <span class='ocrx_word' id='word_1_276' title='bbox 1113 3106 1166 3165; x_wconf 91' lang='lat' dir='ltr'>ho-</span> 
     </span>
     <span class='ocr_line' id='line_1_32' title="bbox 145 3196 1165 3275; baseline -0.003 -19"><span class='ocrx_word' id='word_1_277' title='bbox 145 3200 262 3257; x_wconf 91' lang='lat' dir='ltr'>minum</span> <span class='ocrx_word' id='word_1_278' title='bbox 272 3200 325 3275; x_wconf 91' lang='lat' dir='ltr'>qui</span> <span class='ocrx_word' id='word_1_279' title='bbox 338 3200 444 3275; x_wconf 89' lang='lat' dir='ltr'>postea</span> <span class='ocrx_word' id='word_1_280' title='bbox 458 3198 602 3258; x_wconf 90' lang='lat' dir='ltr'>successit</span> <span class='ocrx_word' id='word_1_281' title='bbox 615 3198 797 3273; x_wconf 73' lang='lat' dir='ltr'>nesciebant,</span> <span class='ocrx_word' id='word_1_282' title='bbox 811 3196 926 3257; x_wconf 88' lang='lat' dir='ltr'>scilicet</span> <span class='ocrx_word' id='word_1_283' title='bbox 938 3216 993 3257; x_wconf 91' lang='lat' dir='ltr'>nee</span> <span class='ocrx_word' id='word_1_284' title='bbox 1006 3215 1165 3273; x_wconf 90' lang='lat' dir='ltr'>procurare</span> 
     </span>
    </p>
   </div>
   <div class='ocr_carea' id='block_1_3' title="bbox 146 3382 1196 3751">
    <p class='ocr_par' dir='ltr' id='par_1_3' title="bbox 146 3382 1196 3751">
     <span class='ocr_line' id='line_1_33' title="bbox 217 3382 1165 3457; baseline -0.006 -16"><span class='ocrx_word' id='word_1_285' title='bbox 217 3392 234 3440; x_wconf 85' lang='lat'>4</span> <span class='ocrx_word' id='word_1_286' title='bbox 252 3388 363 3441; x_wconf 78' lang='lat' dir='ltr'>romani</span> <span class='ocrx_word' id='word_1_287' title='bbox 374 3385 408 3441; x_wconf 89' lang='lat' dir='ltr'>V.</span> <span class='ocrx_word' id='word_1_288' title='bbox 430 3386 433 3457; x_wconf 65' lang='lat' dir='ltr'>t</span> <span class='ocrx_word' id='word_1_289' title='bbox 454 3402 516 3440; x_wconf 87' lang='lat' dir='ltr'>cam</span> <span class='ocrx_word' id='word_1_290' title='bbox 529 3402 591 3440; x_wconf 84' lang='lat' dir='ltr'>eam</span> <span class='ocrx_word' id='word_1_291' title='bbox 604 3383 631 3438; x_wconf 88' lang='lat' dir='ltr'><strong>V</strong></span> <span class='ocrx_word' id='word_1_292' title='bbox 648 3402 670 3441; x_wconf 88' lang='lat' dir='ltr'>e.</span> <span class='ocrx_word' id='word_1_293' title='bbox 686 3402 747 3441; x_wconf 85' lang='lat' dir='ltr'>eam</span> <span class='ocrx_word' id='word_1_294' title='bbox 764 3402 815 3440; x_wconf 86' lang='lat' dir='ltr'>uos</span> <span class='ocrx_word' id='word_1_295' title='bbox 834 3385 954 3439; x_wconf 80' lang='lat' dir='ltr'>alterum</span> <span class='ocrx_word' id='word_1_296' title='bbox 971 3402 1034 3440; x_wconf 77' lang='lat' dir='ltr'>caea</span> <span class='ocrx_word' id='word_1_297' title='bbox 1053 3399 1106 3438; x_wconf 87' lang='lat' dir='ltr'>om.</span> <span class='ocrx_word' id='word_1_298' title='bbox 1122 3382 1165 3437; x_wconf 90' lang='lat' dir='ltr'>ed.</span> 
     </span>
     <span class='ocr_line' id='line_1_34' title="bbox 146 3456 1165 3528; baseline -0.005 -16"><span class='ocrx_word' id='word_1_299' title='bbox 146 3464 162 3512; x_wconf 77' lang='grc' dir='ltr'>ὁ</span> <span class='ocrx_word' id='word_1_300' title='bbox 189 3460 324 3513; x_wconf 79' lang='lat' dir='ltr'>homiaem</span> <span class='ocrx_word' id='word_1_301' title='bbox 351 3459 484 3528; x_wconf 76' lang='lat' dir='ltr'>oripiaem</span> <span class='ocrx_word' id='word_1_302' title='bbox 505 3456 532 3510; x_wconf 90' lang='lat' dir='ltr'><strong>V</strong></span> <span class='ocrx_word' id='word_1_303' title='bbox 558 3458 584 3511; x_wconf 80' lang='lat' dir='ltr'>t.</span> <span class='ocrx_word' id='word_1_304' title='bbox 607 3458 714 3527; x_wconf 74' lang='lat' dir='ltr'>orioiow</span> <span class='ocrx_word' id='word_1_305' title='bbox 738 3457 781 3512; x_wconf 88' lang='lat' dir='ltr'>ed.</span> <span class='ocrx_word' id='word_1_306' title='bbox 809 3459 950 3513; x_wconf 77' lang='lat' dir='ltr'>homiaem</span> <span class='ocrx_word' id='word_1_307' title='bbox 975 3456 1079 3525; x_wconf 71' lang='lat' dir='ltr'>criptae</span> <span class='ocrx_word' id='word_1_308' title='bbox 1106 3470 1165 3508; x_wconf 87' lang='lat' dir='ltr'>nos.</span> 
     </span>
     <span class='ocr_line' id='line_1_35' title="bbox 147 3525 1167 3599; baseline -0.006 -14"><span class='ocrx_word' id='word_1_309' title='bbox 147 3532 299 3585; x_wconf 63' lang='lat' dir='ltr'>tereretur</span> <span class='ocrx_word' id='word_1_310' title='bbox 315 3529 358 3584; x_wconf 84' lang='lat' dir='ltr'>ed.</span> <span class='ocrx_word' id='word_1_311' title='bbox 409 3531 531 3599; x_wconf 71' lang='lat' dir='ltr'>sipitao</span> <span class='ocrx_word' id='word_1_312' title='bbox 549 3544 603 3582; x_wconf 90' lang='lat' dir='ltr'>om.</span> <span class='ocrx_word' id='word_1_313' title='bbox 618 3528 661 3583; x_wconf 92' lang='lat' dir='ltr'>ed.</span> <span class='ocrx_word' id='word_1_314' title='bbox 713 3534 747 3583; x_wconf 88' lang='grc'>16</span> <span class='ocrx_word' id='word_1_315' title='bbox 761 3530 851 3585; x_wconf 82' lang='lat' dir='ltr'>dictae</span> <span class='ocrx_word' id='word_1_316' title='bbox 864 3530 962 3583; x_wconf 77' lang='lat' dir='ltr'>storico</span> <span class='ocrx_word' id='word_1_317' title='bbox 975 3527 1126 3582; x_wconf 79' lang='lat' dir='ltr'>necessario</span> <span class='ocrx_word' id='word_1_318' title='bbox 1140 3525 1167 3579; x_wconf 88' lang='lat' dir='ltr'>V·</span> 
     </span>
     <span class='ocr_line' id='line_1_36' title="bbox 146 3599 1175 3671; baseline -0.004 -17"><span class='ocrx_word' id='word_1_319' title='bbox 146 3602 272 3670; x_wconf 87' lang='lat' dir='ltr'>corrupit</span> <span class='ocrx_word' id='word_1_320' title='bbox 286 3601 328 3656; x_wconf 90' lang='lat' dir='ltr'>ed.</span> <span class='ocrx_word' id='word_1_321' title='bbox 381 3606 413 3655; x_wconf 88' lang='grc'>19</span> <span class='ocrx_word' id='word_1_322' title='bbox 433 3599 539 3671; x_wconf 72' lang='lat' dir='ltr'>lepioV</span> <span class='ocrx_word' id='word_1_323' title='bbox 553 3616 622 3655; x_wconf 90' lang='lat' dir='ltr'>corr.</span> <span class='ocrx_word' id='word_1_324' title='bbox 637 3599 681 3655; x_wconf 88' lang='lat' dir='ltr'>ed.</span> <span class='ocrx_word' id='word_1_325' title='bbox 729 3605 762 3655; x_wconf 75' lang='lat'>23</span> <span class='ocrx_word' id='word_1_326' title='bbox 781 3601 848 3671; x_wconf 72' lang='lat' dir='ltr'>auid</span> <span class='ocrx_word' id='word_1_327' title='bbox 864 3601 902 3655; x_wconf 80' lang='lat' dir='ltr'>sit</span> <span class='ocrx_word' id='word_1_328' title='bbox 920 3599 965 3654; x_wconf 89' lang='lat' dir='ltr'>ed.</span> <span class='ocrx_word' id='word_1_329' title='bbox 1010 3603 1049 3652; x_wconf 68' lang='lat'>‘24</span> <span class='ocrx_word' id='word_1_330' title='bbox 1063 3602 1175 3651; x_wconf 67' lang='lat' dir='ltr'>metuet</span> 
     </span>
     <span class='ocr_line' id='line_1_37' title="bbox 146 3665 1196 3751; baseline -0.011 -25"><span class='ocrx_word' id='word_1_331' title='bbox 146 3673 187 3740; x_wconf 84' lang='lat' dir='ltr'>(in</span> <span class='ocrx_word' id='word_1_332' title='bbox 200 3674 314 3740; x_wconf 78' lang='lat' dir='ltr'>interpr.</span> <span class='ocrx_word' id='word_1_333' title='bbox 329 3672 416 3727; x_wconf 80' lang='lat' dir='ltr'>semei</span> <span class='ocrx_word' id='word_1_334' title='bbox 429 3678 535 3729; x_wconf 72' lang='lat' dir='ltr'>amant</span> <span class='ocrx_word' id='word_1_335' title='bbox 547 3674 592 3728; x_wconf 91' lang='lat' dir='ltr'>ter</span> <span class='ocrx_word' id='word_1_336' title='bbox 605 3674 720 3749; x_wconf 68' lang='lat' dir='ltr'>aarum)</span> <span class='ocrx_word' id='word_1_337' title='bbox 728 3672 767 3731; x_wconf 85' lang='lat' dir='ltr'>V.</span> <span class='ocrx_word' id='word_1_338' title='bbox 781 3673 790 3751; x_wconf 63' lang='lat' dir='ltr'>t</span> <span class='ocrx_word' id='word_1_339' title='bbox 803 3676 839 3731; x_wconf 76' lang='lat' dir='ltr'>ta</span> <span class='ocrx_word' id='word_1_340' title='bbox 850 3670 970 3731; x_wconf 79' lang='lat' dir='ltr'>aeteaeV</span> <span class='ocrx_word' id='word_1_341' title='bbox 990 3671 1132 3726; x_wconf 67' lang='lat' dir='ltr'>tutatae</span> <span class='ocrx_word' id='word_1_342' title='bbox 1143 3665 1196 3717; x_wconf 64' lang='lat' dir='ltr'>ee.-</span> 
     </span>
    </p>
   </div>
   <div class='ocr_carea' id='block_1_4' title="bbox 137 3731 1219 3818">
    <p class='ocr_par' dir='ltr' id='par_1_4' title="bbox 137 3731 1219 3818">
     <span class='ocr_line' id='line_1_38' title="bbox 137 3731 1219 3818; baseline -0.007 -25"><span class='ocrx_word' id='word_1_343' title='bbox 137 3748 173 3793; x_wconf 77' lang='lat'>25</span> <span class='ocrx_word' id='word_1_344' title='bbox 180 3744 284 3806; x_wconf 69' lang='lat' dir='ltr'>sereser</span> <span class='ocrx_word' id='word_1_345' title='bbox 295 3742 439 3800; x_wconf 79' lang='lat' dir='ltr'>Va&#39;eeeet</span> <span class='ocrx_word' id='word_1_346' title='bbox 450 3763 503 3802; x_wconf 90' lang='lat' dir='ltr'>nos</span> <span class='ocrx_word' id='word_1_347' title='bbox 517 3748 546 3804; x_wconf 82' lang='lat' dir='ltr'>ce&#39;</span> <span class='ocrx_word' id='word_1_348' title='bbox 556 3747 580 3818; x_wconf 81' lang='lat' dir='ltr'>f.</span> <span class='ocrx_word' id='word_1_349' title='bbox 592 3750 634 3808; x_wconf 85' lang='lat' dir='ltr'>eie</span> <span class='ocrx_word' id='word_1_350' title='bbox 648 3749 697 3807; x_wconf 90' lang='lat' dir='ltr'>ed.</span> <span class='ocrx_word' id='word_1_351' title='bbox 748 3754 786 3807; x_wconf 72' lang='lat' dir='ltr'>tt</span> <span class='ocrx_word' id='word_1_352' title='bbox 800 3744 1002 3807; x_wconf 73' lang='lat' dir='ltr'>nesciebautV</span> <span class='ocrx_word' id='word_1_353' title='bbox 1022 3756 1079 3798; x_wconf 77' lang='lat' dir='ltr'>uae</span> <span class='ocrx_word' id='word_1_354' title='bbox 1091 3751 1154 3793; x_wconf 78' lang='lat' dir='ltr'>esse</span> <span class='ocrx_word' id='word_1_355' title='bbox 1164 3731 1219 3785; x_wconf 60' lang='lat' dir='ltr'>ed·</span> 
     </span>
    </p>
   </div>
   <div class='ocr_carea' id='block_1_5' title="bbox 0 0 1369 4150">
    <p class='ocr_par' dir='ltr' id='par_1_5' title="bbox 0 0 1369 4150">
     <span class='ocr_line' id='line_1_39' title="bbox 0 0 1369 4150; baseline 0 0"><span class='ocrx_word' id='word_1_356' title='bbox 0 0 1369 4150; x_wconf 95' lang='lat' dir='ltr'> </span> 
     </span>
    </p>
   </div>
  </div>
 </body>
</html>
