2725 4150
181 341 226 406 94
467 337 607 393 ΒΟΝΔΤΙ
624 336 794 391 INTERPR.
809 334 918 392 Vnst.

180 504 309 566 sublime
332 505 479 566 columnis
501 506 575 565 urbe
598 504 659 564 fuit
681 524 811 580 summa,
834 504 994 566 Laurentis
1019 506 1105 584 regia
1127 505 1206 580 Pici,

180 596 256 670 quin
283 596 376 655 etiam
403 598 538 656 veterum
565 594 679 672 effigies
707 613 743 653 ex
772 593 875 654 ordine
904 613 1029 655 avorum
1058 596 1204 673 antiquae

179 684 281 760 cadro,
299 685 454 762 Italusque
472 687 617 760 paterque
637 682 766 743 Sabinus
779 683 921 744 vitisator
938 702 1062 745 curvam
1080 703 1204 746 servans

180 773 236 833 sub
265 773 397 852 imagine
427 773 535 832 falcem
563 771 770 849 Saturnusque
800 791 889 832 senex
910 773 1038 851 Ianique
1060 772 1203 834 bifrontis

179 861 281 941 imago
311 864 423 938 aliique
451 862 489 921 ab
517 861 634 941 origine
662 881 762 940 reges,
780 861 896 938 ‘Martia
923 864 977 940 qui
1005 861 1044 922 ob
1070 862 1204 939 patriam
1238 879 1250 920 a

179 952 342 1031 pugnando
365 952 490 1011 vulnera
512 952 608 1028 passi,
631 954 662 1011 et
679 950 770 1012 Picus
793 971 904 1029 equum
927 949 1090 1013 domitor“.
1125 971 1203 1031 quae

179 1059 226 1101 ras
250 1061 304 1118 per
321 1040 448 1100 maiores
467 1039 570 1100 Latini
591 1041 721 1100 feliciter
739 1044 841 1118 gestae
860 1059 1020 1116 procurare
1038 1043 1204 1118 potuerunt

178 1133 215 1189 ut
237 1129 276 1189 ad
298 1131 398 1206 ipsum
420 1129 565 1190 Latinum
591 1130 680 1190 mitia
707 1133 844 1206 tempore
870 1131 1069 1206 pervenirent.
1116 1131 1204 1192 ardet

178 1218 308 1279 inexcita
321 1219 457 1280 Ausonia
475 1223 566 1296 atque
579 1219 734 1280 inmobilis
748 1221 831 1279 ante:
854 1237 921 1279 ecce
935 1221 1082 1295 quantum
1100 1219 1205 1296 potuit

179 1308 272 1367 factio
295 1309 434 1383 Iunonis,
462 1308 504 1368 sic
527 1307 653 1369 ardebat
678 1309 711 1369 in
734 1309 847 1368 bellum
870 1309 966 1369 omnis
989 1308 1141 1384 Ausonia,
1168 1312 1204 1369 ut
1223 1327 1249 1366 ro

178 1397 263 1456 nulla
294 1415 365 1473 pars
399 1399 462 1458 eius
499 1398 693 1460 remansisset
723 1398 868 1472 inmunis,
901 1400 931 1457 et
961 1399 1005 1458 sic
1036 1397 1204 1459 ducebatur

179 1486 285 1546 ardore
308 1487 454 1562 bellandi,
477 1489 513 1546 ut
535 1488 613 1548 hano
635 1506 690 1548 nec
712 1488 779 1564 ipsa
797 1489 937 1547 avocaret
956 1486 1134 1564 apericulis
1153 1488 1202 1548 de·

179 1575 315 1636 suetudo.
355 1575 579 1655 subiunglmtur
601 1578 715 1654 species
732 1575 817 1653 ipsae
835 1577 1025 1636 incensarum
1042 1577 1203 1637 mentiumt

174 1683 264 1739 pars,
294 1665 408 1743 inquit,
436 1666 594 1738 pedestre
617 1669 713 1740 parat
740 1666 865 1739 campe,
891 1682 968 1738 pore
995 1666 1110 1725 arduus
1134 1667 1204 1727 eltis

116 1754 398 1828 caspuleeuleutus
421 1755 502 1827 equis
527 1755 616 1828 furit:
644 1756 699 1815 alii
720 1752 852 1830 pedestri
875 1757 939 1814 arte
965 1754 1121 1830 certaturi,
1150 1754 1204 1816 alii
1224 1771 1248 1814 rs

179 1844 264 1921 equis
287 1844 429 1904 sublimas
452 1844 595 1920 petebant
619 1863 766 1920 eampum.
803 1860 902 1903 omncs
925 1862 1013 1903 arma
1034 1845 1203 1917 requirunt:

178 1933 280 1992 nullus
303 1932 364 1992 fuit
386 1933 440 2009 qui
462 1951 547 1992 arma
571 1952 632 1992 non
656 1935 822 2010 quaereret.
867 1933 1025 2011 inquisitio
1049 1951 1203 1994 armorum

179 2021 356 2082 ostendebat
386 2023 532 2083 maiorem
563 2022 699 2083 certandi
734 2020 940 2100 cupiditatem.
986 2021 1088 2083 nullus
1121 2023 1203 2084 enim

178 2112 298 2188 quaerit
325 2111 438 2171 armari
463 2112 524 2172 nisi
551 2112 604 2189 qui
632 2111 778 2172 desiderio
806 2111 1008 2172 dimicationis
1034 2112 1203 2189 inpellitur.

177 2199 302 2260 dicendo
330 2201 489 2278 requirunt
518 2220 619 2261 omnes
649 2221 735 2262 arma
765 2202 922 2261 confirmat
953 2203 1044 2278 poeta
1075 2201 1203 2281 longum
1222 2220 1249 2261 so

176 2290 380 2350 interventum
402 2292 486 2367 pacis
504 2290 710 2350 habendorum
729 2310 879 2350 armorum
898 2310 1002 2351 curam
1019 2292 1202 2369 corrupisse3

177 2380 245 2455 quis
269 2379 349 2438 enim
366 2379 504 2440 habenda
522 2381 690 2456 parotium
709 2380 832 2455 diceret,
856 2399 933 2456 quae
952 2382 1050 2440 essent
1067 2380 1201 2442 turbatis

177 2469 362 2546 temporibus
386 2468 573 2529 necessaria?
605 2486 682 2542 pars
705 2470 776 2529 leuis
799 2470 905 2542 clipeos
923 2473 950 2528 ct
966 2469 1083 2542 spiculo
1101 2470 1202 2531 meda

177 2562 300 2633 terpent-
318 2561 405 2618 eraut
422 2561 523 2618 tamen
542 2558 678 2618 nonnulli
699 2559 752 2635 qui
769 2558 914 2618 heberent
932 2561 1017 2618 scuta
1036 2562 1066 2617 et
1084 2558 1202 2636 spicula

177 2647 252 2707 olim
282 2666 356 2724 pace
388 2651 524 2708 currente
553 2648 702 2726 neglecta,
731 2648 805 2708 haec
834 2649 937 2707 tamen
965 2647 1138 2725 tergebam,
1165 2652 1203 2708 ut
1220 2665 1247 2707 se

177 2735 366 2811 splendorem
382 2737 563 2813 reciperent,
586 2736 730 2813 quoniam
747 2737 848 2814 fulgor
866 2756 1018 2797 armorum
1036 2738 1201 2813 plurimum

177 2824 313 2885 hostibus
336 2827 459 2886 terroris
481 2828 626 2903 inportat.
667 2827 789 2896 aroino,
811 2824 925 2902 inquit,
942 2827 1065 2901 placet
1089 2829 1126 2886 ut
1149 2827 1201 2888 do·

177 2916 257 2973 ceret
280 2933 341 2991 qua
358 2917 457 2991 specie
480 2916 535 2976 fiat
556 2915 697 2975 mundius
716 2916 837 2976 ferrum.
873 2916 1067 2991 tutioremque
1088 2916 1122 2975 to
1141 2921 1201 2977 cote

175 3004 303 3062 secute:
330 3007 361 3063 at
384 3005 464 3081 quod
486 3005 577 3065 fiebat
599 3006 746 3081 expressit
773 3007 804 3064 et
826 3004 1078 3083 quemadmodum
1102 3006 1201 3083 fieret3

177 3091 344 3171 subigentis
367 3095 448 3153 enim
469 3113 551 3154 more
575 3095 695 3154 acuitur
712 3096 825 3172 species
843 3095 940 3155 multo
958 3095 1037 3154 ferro
1056 3095 1199 3171 perfecta.
1219 3111 1246 3152 ao

250 3306 265 3354 2
284 3302 416 3370 antiquae
434 3300 532 3355 caedro
550 3302 583 3353 ut
602 3305 653 3355 178
672 3299 706 3355 V.
779 3306 796 3355 8
814 3302 1061 3369 tet—peruenirent
1079 3317 1134 3356 om.
1154 3301 1197 3357 ed.

179 3376 211 3424 11
230 3372 357 3427 tumultis
369 3370 395 3425 V
413 3373 537 3426 inmunis
555 3370 599 3425 ed.
655 3377 689 3425 12
707 3387 756 3427 nec
773 3374 851 3442 ipsae
868 3378 977 3427 vocaret
990 3370 1015 3424 V
1028 3388 1078 3427 ceo
1091 3389 1199 3429 recoca-

176 3449 219 3497 rct
243 3443 287 3497 ed.
365 3448 399 3497 13
424 3444 538 3499 inemo
561 3444 726 3497 munatium
745 3442 772 3496 V
796 3445 971 3499 turmarum
995 3445 1128 3499 mentium
1153 3445 1197 3500 ed.

179 3520 213 3567 14
226 3516 332 3583 campie
344 3531 414 3583 poro
427 3532 480 3569 om.
491 3513 524 3568 V.
575 3519 609 3567 21
624 3515 776 3583 cormptsse
789 3514 816 3569 V
829 3515 993 3583 corripuisse
1005 3514 1048 3568 ed.
1100 3520 1135 3569 tt
1149 3532 1199 3571 nec

162 3583 239 3635 lecta
262 3584 289 3635 V
306 3587 432 3655 neclecta
450 3603 504 3643 nos
525 3588 630 3641 temere
652 3588 722 3639 mut.
742 3587 785 3640 ed.
863 3590 898 3639 26
916 3585 969 3654 qud
982 3611 1009 3631 =
1022 3589 1154 3654 quoniam
1174 3585 1198 3640 V

141 3654 290 3709 quomado
308 3659 355 3723 (ut
373 3663 475 3733 saepe)
494 3659 540 3718 ed.
600 3664 636 3715 28
656 3660 833 3731 ucbtpiutquc
849 3656 977 3713 tucatcV
999 3658 1152 3726 subicitque
1166 3660 1200 3713 iu

129 3722 197 3769 eote
213 3721 260 3774 ed,
282 3728 485 3804 cubt'quntque
501 3736 537 3792 in
556 3742 617 3794 eote
636 3751 690 3793 nos
711 3730 891 3791 antecedet
912 3728 948 3785 ci.
962 3732 1026 3784 tit.
