2725 4150
548 320 732 378 maumas
751 320 790 376 rx
1115 325 1181 393 249

234 490 362 552 Victores
380 491 498 566 praeda
520 492 626 551 Rutuli
647 491 805 566 spoliisque
823 492 923 566 potiti:
950 490 1078 553 victores
1107 491 1244 555 mntem

161 578 389 642 obtrectationis
404 600 495 642 causa
509 581 564 658 qui
577 583 722 658 putarent
736 599 767 641 se
782 580 898 658 aliquid
912 601 1054 660 magnum
1068 581 1182 657 fecisse,
1243 623 1246 630 -

161 670 235 747 quia
262 672 389 731 trecenti
416 670 586 731 occiderant
613 669 702 746 duos,
730 689 798 730 cum
820 673 851 730 et
873 670 933 730 duo
961 672 1023 731 iam
1044 669 1105 748 ipsi
1127 672 1182 730 tris

161 760 367 838 peremissent.
404 761 532 837 denique
546 759 645 837 qualis
658 759 787 821 victoria
801 759 862 820 fuit
875 779 966 837 quam
980 759 1183 836 sequebantur

128 850 303 909 alacrimae
332 848 539 926 perditorum?
572 849 653 926 quod
680 848 781 926 ipsum
811 853 845 909 ut
874 850 1011 925 satiaret,
1041 848 1086 910 ait
1112 848 1183 908 Vui-

161 943 270 1000 eentem
293 939 462 998 exanimum
479 940 580 1010 flentes
602 939 636 997 in
653 941 753 998 eastra
769 939 917 1012 ferebant:
938 939 971 998 in
990 940 1090 999 oastm
1107 938 1184 998 dixit

161 1028 215 1088 ubi
241 1046 312 1105 pars
343 1029 404 1087 alia
433 1027 560 1106 degebat
589 1026 737 1088 exercitus
765 1028 819 1104 qui
842 1028 987 1088 Troianos
1018 1026 1183 1089 obsederat.

162 1116 280 1194 spoliis,
302 1118 418 1194 inquit,
440 1116 544 1193 potiti:
567 1121 598 1176 et
619 1118 676 1177 hoo
698 1116 844 1194 notabile3
872 1117 1082 1195 gloriabantur
1104 1117 1184 1177 enim

161 1226 216 1284 pro
246 1225 357 1285 magno
388 1208 595 1281 aestimantes,
625 1205 698 1284 quia
726 1209 900 1284 receperant
929 1226 965 1267 ea
995 1227 1071 1284 quae
1102 1208 1183 1267 solus

115 1317 142 1356 ro
161 1295 305 1373 portabat
313 1295 473 1373 Euryalus.
495 1295 707 1374 intellegamus
721 1297 864 1373 praedam
878 1295 969 1356 fuisse
983 1297 1015 1356 in
1028 1291 1183 1374 speciebus

162 1403 238 1463 quas
270 1385 383 1445 tulerat
414 1385 520 1460 Nisus,
555 1386 653 1461 spolia
684 1404 755 1445 vero
788 1385 898 1461 quibus
930 1385 995 1462 ipse
1028 1389 1059 1446 et
1090 1384 1183 1446 Nisus

161 1476 284 1534 fuerant
305 1473 406 1534 induti
427 1474 477 1534 vel
505 1476 622 1535 armati.
676 1491 730 1534 nec
760 1475 857 1534 minor
887 1475 921 1533 in
952 1476 1058 1535 eastris
1089 1475 1184 1534 luctus

161 1565 323 1623 Rhamnete
336 1568 448 1637 reperto
462 1565 590 1639 eaanpui
607 1568 635 1623 et
650 1563 758 1638 primis
776 1581 840 1622 una
857 1568 897 1623 tot
914 1564 1000 1623 caede
1013 1564 1183 1637 peremptis,

161 1653 346 1728 Serranoque
363 1653 536 1726 Numaque:
559 1657 667 1713 auctus
691 1656 738 1713 est
760 1671 863 1712 eorum
881 1653 1037 1719 luctusex
1055 1652 1184 1713 aliorum

116 1759 142 1800 ra
162 1742 302 1803 caedibus
325 1743 452 1819 repertis
474 1742 507 1801 in
529 1744 650 1817 castris,
674 1761 749 1819 quos
771 1742 884 1819 primos
907 1744 938 1802 et
959 1743 1104 1819 plurimos
1123 1761 1184 1803 una

161 1831 253 1892 simul
289 1831 446 1892 calamitas
483 1834 639 1893 straverat.
700 1833 804 1915 inpane
841 1849 1000 1892 amaneus
1038 1832 1078 1892 ud
1115 1832 1184 1905 ipsa

161 1938 298 1994 corpora,
322 1921 371 1981 vel
389 1922 461 1997 qnia
479 1919 638 1981 videbatur
655 1919 855 1997 plurimorum
878 1921 1025 1982 acerbitas
1043 1923 1184 1981 funerum
1193 1932 1245 1983 466

161 2011 210 2071 vel
248 2012 320 2088 quia
357 2011 498 2071 volebant
532 2029 619 2071 nosse
656 2028 732 2087 quos
770 2013 935 2087 quantosve
974 2010 1183 2089 perdidissent.

162 2103 284 2161 tantum
307 2103 408 2160 autem
429 2101 575 2160 momenti
597 2099 688 2160 unius
712 2100 813 2161 clades
835 2100 998 2176 inflixerat,
1022 2104 1058 2160 ut
1081 2120 1182 2162 omnes

117 2208 144 2248 so
162 2190 253 2250 simul
266 2190 382 2250 turbati
395 2189 450 2249 uni
462 2193 582 2250 tantum
596 2209 705 2250 causae
722 2191 895 2250 tenerentur
907 2190 1026 2251 intenti.
1063 2192 1185 2251 semine·

162 2281 259 2352 euque
281 2280 361 2339 uiros
383 2280 536 2353 tepidaque
558 2284 699 2339 recentem
722 2280 808 2339 caede
827 2280 921 2339 locum
943 2284 970 2339 et
987 2280 1093 2354 plenos
1114 2298 1183 2355 spu-

161 2369 272 2428 mantis
299 2370 443 2443 sanquine
469 2370 563 2428 riuos:
593 2369 688 2429 scelus
711 2369 744 2427 in
766 2369 880 2429 recenti
903 2368 1067 2429 admissum
1089 2389 1126 2428 ex
1149 2388 1183 2429 eo

162 2456 358 2536 colligebant,
382 2457 463 2535 qnod
486 2457 625 2517 nonnulli
643 2458 741 2517 adhuc
764 2457 898 2533 aliquam
921 2461 1038 2534 partem
1060 2457 1183 2534 spiritus

161 2548 332 2607 retinebant
359 2549 390 2607 et
412 2563 566 2607 caesorum
593 2548 717 2626 sanguis
741 2546 873 2606 nondum
897 2546 1039 2607 amiserat
1062 2565 1184 2623 spumas

116 2652 143 2694 aa
161 2639 302 2713 terraque
319 2635 387 2713 ipsa
405 2636 542 2697 nonnihil
560 2637 669 2697 caloris
682 2656 719 2695 ex
737 2635 852 2695 cruoris
870 2636 1013 2696 effusione
1031 2635 1183 2696 reddebat.

162 2725 240 2785 unde
272 2727 369 2804 magis
402 2726 570 2804 agebantur
599 2726 747 2799 dolentes,
779 2725 865 2800 quia,
897 2725 924 2785 si
955 2724 1082 2786 adversa
1114 2725 1183 2785 illos

162 2816 285 2875 fortuna
314 2835 373 2876 non
402 2814 580 2892 inpedisset,
612 2815 690 2875 nihil
722 2814 892 2875 emersisset
923 2814 1071 2874 eiusmodi
1104 2813 1184 2891 quod

161 2906 341 2983 plangerent
368 2906 422 2963 aut
448 2905 594 2983 lugerent.
641 2908 803 2979 agnoscunt
829 2904 925 2977 spolia
951 2905 1028 2963 inter
1054 2921 1085 2964 se
1105 2904 1185 2979 pale·

162 3010 267 3066 amque
284 2995 421 3053 nitentem
438 2995 575 3067 Messapi
598 2994 730 3054 etmnito
749 2993 892 3066 phaleras
914 2994 1021 3053 sudore
1040 2998 1185 3067 receptas:

235 3152 251 3200 3
269 3146 325 3201 dno
338 3146 365 3199 V
382 3164 416 3201 ac
430 3148 526 3216 potius
543 3148 614 3202 aiter
631 3146 748 3201 duorum
767 3146 892 3200 added.
965 3151 981 3200 b
1002 3147 1142 3201 sauciaret
1159 3144 1184 3199 V

162 3235 232 3272 corr.
251 3218 295 3271 ed.
351 3224 366 3271 'l
386 3218 537 3289 degebatV
555 3224 615 3274 erat
633 3219 676 3273 cd.
699 3217 702 3289 l
726 3218 863 3273 obsiderat
875 3216 909 3272 V.
965 3221 980 3270 9
1000 3219 1186 3272 muninantes

162 3290 206 3344 cd.
241 3288 245 3360 l
276 3297 476 3359 praeceperant
496 3290 523 3343 V
549 3296 708 3358 receperant
733 3305 784 3343 nos
812 3288 846 3343 cf.
871 3293 923 3343 458
951 3294 1113 3356 occeperunt
1140 3288 1184 3342 ed.

163 3367 195 3415 11
222 3361 325 3415 tulerat
347 3362 436 3416 Nisus
454 3361 481 3414 V
500 3362 544 3416 cd.
570 3361 674 3414 falsum
699 3377 759 3416 esse
784 3362 878 3429 patet,
907 3359 975 3428 quia
999 3359 1085 3413 Nisus
1112 3359 1185 3413 nihil

162 3432 268 3487 tulerat
290 3433 336 3501 (cf.
357 3435 420 3499 378)
443 3434 548 3501 etipse
566 3432 721 3500 Euryalum
740 3432 868 3501 respicit,
887 3432 983 3500 potest
1000 3430 1105 3485 Donati
1123 3431 1185 3499 lap-

163 3520 210 3557 sus
236 3520 309 3569 esse;
336 3503 361 3558 si
385 3504 492 3570 minus,
516 3506 605 3558 Nisus
624 3503 775 3557 delendum
799 3506 849 3558 eet.
925 3508 959 3556 14
981 3518 1129 3571 oceanoque
1149 3502 1183 3557 V.

165 3580 198 3629 18
216 3592 294 3630 noan
308 3574 334 3627 V
351 3577 421 3631 seire
439 3576 482 3630 ed.
541 3576 734 3630 tonnitorum
747 3574 773 3627 V
791 3574 981 3629 calamitatum
999 3574 1042 3628 ed.
1069 3573 1073 3645 l
1100 3590 1186 3629 causa

163 3646 207 3700 ed.
281 3652 315 3699 22
338 3648 440 3702 racemi
457 3646 483 3699 V
501 3648 533 3701 in
550 3664 572 3701 r.
592 3662 643 3701 nos
668 3646 704 3701 cl.
724 3650 751 3714 8,
764 3650 818 3701 106
837 3648 868 3702 et
885 3650 981 3714 ubit
1005 3651 1129 3701 recenter
1153 3642 1206 3694 ab..

163 3724 197 3771 24
213 3734 326 3785 parrae
342 3717 367 3770 V
380 3719 494 3774 celarem
513 3719 556 3775 ed.
634 3725 671 3777 26
693 3721 876 3795 angebantur
899 3718 959 3787 ed,
975 3717 1034 3774 aed
1052 3716 1095 3771 ci.
1111 3713 1227 3779 mibi·
