2725 4150
202 337 268 402 232
488 333 628 389 DONATI
645 333 815 388 INTERPR.
830 332 938 388 VERG.

198 507 313 578 pectore
335 520 478 563 somnum.
523 503 613 579 plena
640 506 686 562 est
712 503 802 561 istius
824 502 999 562 Rhamnetis
1022 501 1221 578 reprehensio,

202 593 284 668 quod
305 593 362 652 tali
384 593 451 652 loco
475 611 510 652 ao
527 590 584 651 tali
606 594 740 667 tempore
758 591 855 650 multa
877 594 958 652 veste
982 594 1012 650 et
1034 591 1116 650 ultra
1139 592 1221 668 pacis

203 681 324 742 delicias
343 684 515 742 constructa
538 681 705 741 dormiebat
724 682 790 740 toto
813 684 933 757 pectore
956 681 1060 740 efflans
1084 698 1223 740 somnum

202 771 385 848 perindeque
413 770 540 830 nescires
563 770 650 830 vivus
672 770 786 829 faceret
809 790 848 829 an
870 770 1047 844 moriturus3
1076 769 1223 829 stertebat

203 861 294 934 enim,
325 860 406 936 quod
434 879 494 918 nou
525 859 599 919 facit
628 860 688 919 nisi
717 858 770 934 qui
796 877 915 919 securus
943 858 1019 918 facit
1046 860 1077 917 et
1103 859 1136 917 in
1160 860 1222 918 otio
1251 873 1260 913 a

203 951 382 1010 constitutus
401 951 454 1009 est.
495 967 561 1008 eece
580 949 683 1026 quales
701 947 824 1026 vigiliae
842 949 1034 1023 Rutulorum,
1056 951 1093 1007 ut
1109 951 1223 1008 macta·

201 1042 307 1097 rentur
333 1041 364 1097 et
386 1057 416 1096 se
439 1037 585 1097 trucidari
606 1038 763 1097 nescirent.
807 1055 859 1096 ren
881 1038 959 1096 telem
982 1042 1008 1096 et
1035 1038 1098 1111 rect
1121 1032 1223 1096 anno

200 1128 388 1202 prcttsse'rnns
406 1145 510 1201 cnpnr,
529 1125 599 1202 [sed
615 1145 676 1186 non
690 1128 815 1201 cnqrrr'o
825 1128 922 1200 potnit
934 1127 1074 1200 depellere
1085 1124 1224 1202 peslemJ:

203 1218 398 1294 augmentum
421 1216 587 1291 dedecoris,
611 1219 641 1275 et
658 1235 710 1274 rex
733 1215 795 1275 fuit
812 1218 842 1274 et
865 1235 975 1294 augur,
999 1215 1050 1275 sed
1073 1215 1224 1291 quomodo

202 1325 304 1383 regere
331 1307 406 1364 alios
434 1308 537 1382 posset
564 1307 618 1381 qui
646 1306 774 1364 salutem
801 1323 887 1364 suam
915 1307 995 1365 tueri
1017 1324 1078 1365 non
1100 1303 1223 1380 potuit?
1242 1320 1266 1361 re

204 1396 258 1454 aut
281 1396 429 1472 quantum
451 1395 570 1454 inerte
599 1395 794 1472 auguriorum
817 1393 913 1454 valuit
942 1395 995 1472 qui
1022 1411 1077 1453 nec
1100 1393 1227 1453 exitium

203 1484 359 1561 proprium
385 1483 464 1544 vidit
490 1503 545 1543 nec
572 1483 668 1544 vitare
696 1482 869 1543 contendit?
908 1485 962 1543 trr's
988 1485 1073 1542 incrta
1094 1483 1226 1556 famnlos

203 1578 306 1633 temere
327 1575 404 1632 inter
431 1573 488 1632 telo
510 1573 647 1632 tacentis:
673 1576 783 1632 temere
807 1572 884 1631 dixit
906 1571 1018 1649 passim
1041 1574 1072 1631 et
1094 1571 1226 1632 meante.

141 1665 436 1738 stocrrntpernrnqne
465 1663 552 1721 Remi
577 1664 699 1735 premit,
731 1662 788 1721 hoc
821 1664 867 1722 est
897 1665 997 1740 necat,
1032 1662 1227 1736 carnemque

203 1755 258 1811 snb
281 1753 355 1825 ipsis
377 1755 503 1811 ncnctns
522 1752 617 1824 equis:
640 1752 789 1828 quomodo
808 1751 887 1810 enim
905 1750 1030 1827 reperiri
1048 1749 1153 1809 debuit
1171 1751 1228 1829 qui
1245 1765 1269 1807 u

204 1841 355 1919 deligendi
376 1840 436 1899 loci
453 1859 612 1917 oppressus
636 1841 707 1901 vino
727 1841 884 1899 arbitrium
902 1841 1011 1900 habere
1033 1857 1093 1898 non
1115 1839 1227 1916 potuit,

203 1935 238 1988 ut
260 1930 400 1990 cecidisse
422 1931 525 2006 potius
548 1930 700 1989 videretur
718 1949 810 2005 quam
829 1949 935 2007 corpus
955 1948 1042 1989 suum
1062 1931 1168 2005 sponte
1186 1929 1228 1989 ad

201 2022 336 2095 requiem
358 2017 539 2079 tradidisse?
579 2021 714 2093 ferroque
731 2023 810 2079 secet
830 2019 988 2093 pendentia
1005 2018 1094 2079 collo:
1115 2019 1229 2095 premit

202 2108 234 2167 in
263 2109 362 2168 medio
393 2109 509 2185 posuit,
543 2112 578 2167 ut
611 2109 652 2169 sit
686 2110 796 2185 premit
827 2110 969 2184 famulos,
1002 2109 1113 2186 premit
1143 2111 1227 2169 aun·-

203 2218 281 2276 gam.
323 2216 431 2275 parum
454 2201 556 2258 autem
578 2198 638 2257 fuit
660 2198 769 2258 dixisse
792 2200 902 2258 temere
923 2200 1002 2258 inter
1019 2199 1081 2257 tela
1098 2198 1227 2259 iacentis
1246 2213 1271 2253 ro

203 2292 235 2347 et
252 2287 390 2366 aurigam
408 2287 463 2347 sub
482 2287 556 2365 ipsis
575 2290 702 2347 nanetus
722 2288 820 2363 equis3
843 2291 878 2346 ut
896 2287 1076 2348 altissimam
1097 2286 1225 2347 ebrieta-

203 2380 318 2438 temet
344 2377 554 2454 gravissimam
577 2377 808 2451 demonstraret,
837 2376 953 2437 addidit
979 2378 1119 2452 ferroque
1142 2379 1227 2437 secat

202 2466 365 2543 pendentia
397 2467 483 2526 oolla.
538 2485 637 2525 secare
668 2470 714 2525 est
744 2468 822 2525 enim
853 2465 1004 2525 abscidere
1034 2484 1101 2525 cum
1131 2485 1227 2542 mora,

203 2576 281 2633 quae
299 2574 383 2614 mora
402 2557 506 2631 procul
528 2555 619 2614 dubio
638 2558 669 2614 et
688 2555 848 2615 securitate
870 2554 1010 2616 veniebat
1032 2554 1171 2615 facientis
1195 2558 1228 2615 et

204 2665 239 2704 ex
257 2645 438 2722 patientium
455 2643 658 2723 ignoratione,
681 2643 735 2720 qui
758 2644 835 2704 oolla
854 2663 908 2704 sua
927 2644 1022 2704 secari
1044 2644 1271 2705 nesciebantur

204 2735 286 2810 quod
307 2734 407 2812 ipsum
431 2732 659 2811 complurimis
682 2734 779 2808 fieret,
808 2733 908 2793 nullus
932 2734 992 2793 fuit
1015 2734 1069 2809 qui
1091 2733 1228 2794 dolorem

202 2824 327 2883 sentiret
345 2826 399 2883 aut
418 2823 537 2882 ferrum.
574 2827 643 2881 tnnc
656 2826 745 2897 capnt
757 2824 816 2897 ipsi
834 2824 932 2896 ecfert
946 2824 1062 2882 daretem
1076 2826 1228 2883 transenn-

204 2929 258 2986 qne
270 2913 408 2986 relinquit
420 2914 565 2987 sangnine
577 2912 798 2986 nncnltcntern:
810 2915 935 2972 conatus
949 2913 1084 2971 exeuntis
1099 2911 1229 2989 animae,

277 3090 291 3137 1
315 3083 415 3152 plenae
437 3081 463 3135 V
482 3083 570 3151 pleno
594 3087 634 3136 eet
658 3082 702 3136 ed.
775 3088 792 3136 4
813 3082 980 3151 perindeque
1002 3082 1125 3137 nesciens
1147 3083 1229 3139 vivas

204 3154 306 3222 faceret
324 3172 363 3208 an
380 3160 503 3209 mutnus
516 3152 542 3206 V
556 3153 673 3222 perinde
691 3155 799 3209 nescios
816 3155 930 3208 oionsne
947 3153 968 3219 f.
984 3170 1022 3207 nn
1035 3171 1069 3208 en.
1086 3153 1143 3207 ed:
1162 3155 1228 3207 tan-

204 3229 249 3280 tae
273 3225 396 3295 ineptias
419 3224 561 3279 Donatum
586 3224 732 3294 scripsisse
755 3240 862 3295 negans
884 3226 1001 3279 resones
1024 3226 1053 3277 et
1075 3225 1229 3281 marenae

205 3296 352 3352 emendari
371 3296 406 3351 cf.
425 3302 466 3362 10,
479 3300 540 3349 349.
613 3302 629 3350 t
648 3312 706 3351 non
723 3296 789 3364 fecit
802 3295 828 3349 V
842 3296 885 3350 ed.
899 3312 968 3349 corr.
983 3295 1026 3350 ed.
1040 3297 1113 3364 poet.
1140 3295 1143 3367 l
1171 3298 1228 3353 otio

205 3369 231 3423 V
245 3368 288 3423 ed.
303 3370 334 3423 in
348 3385 372 3423 o.
387 3366 431 3422 ed.
446 3369 518 3437 poet.
569 3371 586 3421 8
599 3368 686 3422 eed-
693 3373 796 3435 pectem
810 3366 889 3422 deest
902 3367 933 3420 in
946 3365 980 3433 V,
995 3366 1045 3420 sed
1059 3366 1227 3434 explicatur.

206 3445 222 3494 9
240 3442 296 3508 suit
313 3442 436 3509 incnpnr
449 3438 475 3492 V
489 3455 558 3493 corr.
573 3438 617 3492 ed.
691 3445 726 3492 14
743 3437 864 3509 nepotV
883 3454 952 3492 corr.
973 3438 1016 3491 ed.
1094 3443 1128 3492 23
1155 3438 1228 3494 colla

206 3529 259 3566 om.
275 3511 318 3566 ed.
340 3511 344 3583 l
369 3511 525 3565 abscindere
544 3510 588 3565 ed.
661 3515 696 3564 24
714 3516 740 3565 et
756 3508 939 3565 cemnitoleV
957 3526 991 3564 ec
1008 3525 1028 3564 s.
1049 3509 1102 3576 ed,
1121 3509 1172 3563 red
1190 3510 1227 3565 cf.

199 3600 328 3650 prooem.
346 3582 385 3636 in.
447 3587 481 3636 26
501 3582 635 3651 patientie
652 3580 678 3635 V
697 3582 740 3636 ed.
759 3583 845 3636 tiam
868 3597 926 3634 nos.
956 3581 958 3650 l
987 3582 1076 3635 nimia
1098 3582 1229 3638 eniens

186 3657 262 3719 porr
281 3671 338 3710 sua
359 3653 494 3725 interpol.
515 3652 586 3711 eor.
615 3654 619 3728 l
647 3651 785 3726 mporiV
802 3654 891 3708 secari
909 3651 952 3705 ed.
969 3667 1028 3706 noe.
1057 3652 1060 3723 l
1089 3654 1229 3708 msciebot

178 3724 225 3777 ed,
307 3733 345 3782 27
362 3734 434 3786 tunc
449 3727 477 3785 V
490 3728 534 3787 ed.
556 3735 617 3787 tam
635 3726 723 3802 Verg.
740 3724 819 3782 libri.
