2725 4150
206 355 270 420 228
489 352 630 408 DONATI
646 343 815 408 INTERPR.
832 353 940 409 VERG.

204 522 278 598 quid
301 522 465 582 arbitratus
492 521 585 582 fueris
612 525 642 580 te
666 520 804 600 dignum,
833 524 902 582 ante
925 521 1023 599 ipsam
1046 522 1224 599 petitionem

203 615 239 670 tu
261 611 319 671 tibi
342 611 485 688 spondere
508 630 546 669 ne
570 610 675 670 dubita
698 613 789 687 atque
812 611 871 686 ita,
894 613 929 670 ut
946 612 1008 671 iam
1025 615 1056 671 te
1074 613 1224 688 aooepisse

204 699 348 775 confidas,
371 719 425 760 nee
447 703 478 760 te
500 701 627 759 ulterius
648 701 753 760 matris
773 719 845 759 eura
863 701 1019 777 sollieitat;
1043 720 1120 777 quae
1144 703 1226 760 enim

203 793 257 848 tua
280 792 326 850 est
347 791 454 849 merito
482 789 628 848 efficietur
655 791 686 848 et
712 808 779 848 mea
806 793 970 868 tantusque
996 789 1078 850 illius
1107 790 1166 850 erit
1192 790 1225 849 in

204 881 304 938 animo
327 897 393 938 meo
411 879 565 956 religionis
584 879 720 952 effeetus,
743 881 778 938 ut
795 881 851 939 hoo
870 881 967 938 solum
987 879 1118 954 differat,
1143 879 1226 957 quod
1254 898 1265 938 s

204 968 315 1028 Creusa
332 986 392 1026 non
410 967 528 1027 dieitur.
564 970 695 1027 meretur
713 970 823 1045 quippe
841 988 984 1046 magnam
1001 971 1133 1047 gratiam
1148 988 1225 1046 quae

203 1058 308 1135 genuit
334 1058 426 1116 talem
453 1076 507 1116 nee
534 1057 582 1115 illi
609 1059 734 1117 eventus
761 1058 848 1133 faeti,
873 1059 925 1117 sed
947 1057 1069 1117 initium
1092 1058 1226 1118 debitam

202 1146 460 1205 honorificentiam
483 1146 568 1206 dabit
590 1149 620 1204 et
642 1145 721 1222 quod
740 1148 831 1206 semel
849 1151 960 1207 meruit
978 1147 1036 1206 erit
1052 1147 1085 1206 in
1104 1149 1225 1208 saecula

141 1246 193 1296 300
203 1237 387 1311 perpetuum.
419 1253 476 1310 per
494 1239 582 1308 eaput
598 1236 651 1294 boe
667 1237 743 1305 turo,
754 1253 811 1310 per
824 1237 900 1309 quod
913 1241 1002 1309 puter
1016 1241 1084 1295 ante
1101 1238 1225 1297 solebat:

202 1325 276 1384 baeu
305 1343 382 1401 quae
409 1324 601 1401 loquebatur,
622 1329 659 1383 ut
680 1327 778 1403 magis
801 1325 952 1402 Euryalus
977 1325 1121 1401 erederet,
1147 1325 1226 1386 iure·
1243 1343 1266 1384 ro

202 1414 330 1474 iurando
365 1414 528 1473 confirmat.
579 1414 659 1489 quod
693 1415 792 1490 ipsum
821 1434 881 1474 non
912 1415 1000 1491 quasi
1027 1416 1161 1476 incertus
1189 1415 1225 1476 de

203 1505 301 1564 salute
328 1503 424 1580 patris
452 1503 541 1578 dixit,
565 1502 694 1579 solebat,
722 1503 774 1562 sed
804 1506 864 1564 alio
891 1505 979 1562 illum
1006 1523 1087 1564 more
1118 1504 1226 1566 dehine

202 1593 303 1652 iurare
333 1610 488 1652 consuesse
520 1593 617 1652 voluit
646 1593 857 1652 demonstrare.
905 1611 979 1667 quoe
1006 1594 1058 1653 ttbe'
1083 1595 1226 1666 polliceor

202 1684 303 1742 reduee'
324 1684 466 1754 rebusque
488 1682 623 1741 seeundr's
645 1682 717 1741 loeo
740 1682 840 1741 eudem
861 1684 1006 1755 rnutrlque
1028 1686 1096 1742 tuoe
1112 1686 1227 1758 generi·

204 1789 257 1844 que
274 1772 448 1831 manebunt:
469 1789 524 1830 nee
546 1772 644 1830 solum
666 1771 737 1846 tibi,
760 1771 872 1847 inquit,
897 1771 989 1849 digna
1006 1775 1227 1848 promittuntur
1244 1788 1267 1830 u

203 1880 308 1920 verum
339 1864 431 1919 etiam
462 1863 553 1920 matri
583 1863 653 1920 tuae
686 1862 717 1919 et
748 1862 849 1937 generi
881 1862 943 1919 tuo.
994 1861 1067 1920 haee
1099 1861 1225 1923 dieendo

203 1952 246 2024 et,
270 1950 296 2009 si
314 1949 454 2024 redisset,
477 1949 616 2026 promisit
637 1949 872 2008 benivolentiam
891 1953 934 2024 et,
957 1949 984 2010 si
1006 1969 1067 2010 non
1085 1950 1226 2030 redisset;

203 2037 255 2099 sed
279 2039 359 2115 quod
382 2038 540 2099 adversum
564 2038 623 2098 luit
645 2040 744 2099 noluit
766 2038 947 2116 evidentius,
970 2058 1007 2099 ne
1029 2040 1111 2099 mala
1134 2061 1227 2118 quam

203 2129 282 2187 bona
299 2129 474 2205 promittere
487 2129 647 2188 videretur.
684 2130 727 2187 sle
740 2130 783 2187 ult
795 2130 999 2199 inlacrimans,
1017 2148 1117 2189 uenero
1135 2132 1227 2190 simul

141 2228 193 2277 305
203 2219 282 2277 exult
295 2235 392 2277 ensem
405 2222 553 2287 uurulunr,
568 2219 646 2276 neira
660 2234 744 2289 queue
757 2219 866 2291 fecerat
879 2223 941 2277 arte
955 2219 1078 2292 Lycaon
1093 2218 1226 2281 Gnonus
1244 2236 1267 2276 so

204 2312 289 2380 atque
315 2308 442 2367 labilem
468 2309 579 2382 rupino
602 2311 722 2379 aptarat
743 2309 868 2376 eburna,
900 2308 951 2366 etet
973 2309 1064 2367 Niso:
1093 2328 1164 2368 mox
1191 2313 1227 2370 ut

203 2398 277 2456 haee
295 2396 443 2456 Ascanius
467 2395 556 2469 dixit,
579 2395 709 2455 detraxit
731 2415 834 2455 umero
859 2415 913 2457 suo
937 2398 1089 2457 eonditum
1114 2398 1227 2477 vagina

204 2485 351 2565 gladium,
381 2505 469 2562 quem
497 2485 642 2562 praetulit
668 2487 799 2545 auctoris
822 2486 929 2545 merito
953 2490 983 2545 et
1005 2486 1102 2563 pretio
1126 2488 1225 2549 eboris

205 2594 263 2651 quo
287 2576 346 2634 fuit
367 2574 479 2653 vagina
500 2577 568 2652 ipsa
591 2575 731 2651 perfecta.
769 2576 822 2634 dat
839 2575 912 2634 Niso
931 2576 1104 2636 Mnestheus
1116 2578 1226 2650 pellens

203 2665 401 2736 horrentisque
420 2664 510 2722 leonis
529 2665 663 2733 erurlus,
687 2662 819 2739 [puteant
837 2665 917 2736 fidus
930 2670 1080 2738 permutat
1095 2665 1226 2743 AletesJ:
1243 2679 1267 2721 u

203 2753 278 2814 Niso
303 2754 356 2813 dat
378 2753 525 2813 Ascanius
549 2752 696 2830 gladium,
724 2752 799 2813 Niso
828 2754 880 2814 dat
905 2755 1076 2814 Mnestheus
1105 2757 1225 2831 pellem.

204 2843 278 2903 Niso
297 2846 328 2903 et
346 2842 400 2902 dat
416 2843 496 2901 inter
514 2841 587 2902 duos
605 2844 699 2903 estet
717 2843 756 2901 ad
774 2846 934 2919 utrumque
948 2845 1079 2920 pertinet
1097 2844 1226 2923 largien-

278 2978 419 3032 2dube'tes
437 2977 480 3031 ed.
535 2978 691 3045 4effieitur
709 2976 752 3031 ed.
808 2979 956 3045 suffectus
974 2978 1017 3033 ed.
1044 2978 1046 3049 1
1074 2979 1187 3046 differat
1200 2979 1227 3034 V

206 3067 225 3104 a
242 3067 302 3105 naeu
320 3055 406 3104 matre
423 3048 547 3103 added.
612 3053 628 3102 8
646 3050 806 3104 insaecula
825 3065 878 3103 om.
893 3049 936 3102 ed.
1001 3056 1033 3103 11
1053 3052 1228 3117 confirmavit

206 3122 249 3176 ed.
324 3126 356 3174 12
382 3126 407 3175 et
431 3121 529 3175 debirw
548 3120 574 3174 V
595 3120 638 3174 ed.
664 3126 690 3175 et
712 3118 811 3174 delevi.
886 3125 918 3174 16
941 3123 1058 3190 genitori
1075 3129 1123 3177 tuo
1139 3121 1165 3175 V
1181 3123 1226 3178 ed.

205 3193 297 3262 peneru'
319 3198 338 3246 t.
361 3208 420 3246 nos.
494 3196 528 3246 18
550 3192 597 3246 sed
619 3208 673 3246 om.
695 3191 738 3245 ed.
769 3190 772 3263 1
807 3190 941 3245 noluitV
963 3195 1073 3248 retinuit
1094 3210 1129 3249 ne
1154 3194 1224 3267 (11.1

206 3264 357 3319 euidentius
377 3262 403 3315 V
428 3280 449 3317 e.
470 3279 505 3318 ne
529 3279 580 3316 nos
606 3263 742 3318 euidentia
766 3261 808 3317 ed.
839 3262 842 3333 1
878 3278 960 3330 quum
977 3263 1003 3316 V
1022 3267 1117 3333 potius
1135 3281 1159 3333 q.
1181 3265 1226 3321 sd.

208 3340 240 3387 19
263 3337 329 3402 post
350 3334 486 3389 uideretur
508 3334 631 3402 spatium
655 3333 738 3387 unius
760 3350 856 3388 sersus
878 3335 907 3387 et
925 3349 973 3386 sex
990 3334 1048 3389 fere
1066 3336 1226 3391 litterarum

207 3405 295 3475 signis
314 3404 456 3473 expletum
475 3406 505 3459 in
518 3405 552 3460 V.
625 3410 658 3458 22
677 3403 769 3459 boeV
786 3406 852 3459 haee
871 3403 913 3458 ed.
938 3404 941 3475 1
966 3406 1040 3459 inter
1058 3407 1179 3464 detrusit
1197 3410 1227 3463 et

206 3493 299 3532 umero
325 3476 437 3530 dimidii
459 3493 553 3531 versus
577 3476 700 3544 epatium
722 3479 839 3545 propter
861 3491 961 3544 rugam
979 3477 1160 3533 membranae
1178 3495 1226 3533 va-

208 3565 291 3602 euum
310 3548 340 3601 in
354 3546 387 3601 V.
415 3549 418 3619 1
449 3549 483 3602 ab
505 3550 616 3603 numero
639 3547 682 3601 ed.
756 3554 791 3601 24
809 3548 859 3601 dat
875 3549 937 3602 niso
955 3548 1097 3616 repetitV
1112 3566 1166 3604 om.
1181 3551 1225 3606 sd.

199 3625 238 3672 26
250 3621 364 3689 vualeant
373 3620 501 3675 -Aletes
519 3620 598 3674 deest
616 3619 646 3672 in
660 3618 694 3685 V,
713 3619 763 3673 sed
782 3618 944 3689 explicatur.
1000 3625 1034 3674 26
1049 3622 1120 3676 Niso
1134 3622 1225 3677 ‹lot-

187 3694 228 3741 27
243 3692 413 3764 larffl'entem
436 3692 547 3764 partim
574 3709 629 3749 om.
647 3690 755 3763 partim
770 3694 842 3746 mut.
859 3690 904 3745 ed.
975 3697 1010 3745 26
1028 3692 1163 3747 duude'um
1181 3692 1227 3749 vel

173 3761 328 3821 claudium
348 3766 376 3822 V
390 3768 527 3841 gladium
548 3768 576 3825 Η
590 3784 655 3825 nos.
731 3770 763 3821 21
784 3769 829 3821 e’et
847 3766 885 3835 1--
899 3761 1018 3828 1111111
1043 3768 1082 3814 est
1099 3768 1125 3815 et
1139 3778 1203 3814 noa.
