2725 4150
145 289 147 293 '
204 340 271 405 590
489 335 631 391 DONATI
647 335 818 392 INTERPR.
833 335 942 391 Vuae.

203 506 286 565 ribus
308 505 533 582 inplicarentur.
566 522 621 579 quo
643 505 750 564 ruitis?
780 505 862 563 aliud
890 507 937 564 est
957 504 1001 562 ire
1025 507 1079 563 aut
1096 504 1231 580 tendere,

204 595 289 654 aliud
310 614 409 654 ruere:
432 613 517 653 ruere
540 598 586 654 est
606 593 775 653 inconsulte
797 593 915 671 aliquid
932 593 1070 671 adgredi3
1093 593 1230 654 cadentis

204 684 284 743 enim
305 702 387 742 more
411 683 573 760 decipitur,
602 702 663 741 non
690 683 770 743 enim
793 683 943 758 quomodo
970 683 1038 743 vult
1063 683 1152 743 radit
1175 684 1231 759 qui

203 773 277 849 ruit;
296 773 417 832 ducitur
434 774 515 832 enim
533 790 618 832 casus
632 772 729 848 ipsius
743 771 896 847 violentia,
909 791 971 831 non
984 772 1108 849 propria
1121 773 1229 831 volun

203 866 275 922 tate.
307 879 417 935 qaam
428 863 488 922 rata
500 878 605 934 repens
623 862 772 922 dacordia
789 862 906 936 serpit?
920 862 969 921 vel
986 879 1046 937 quo
1060 879 1114 922 vos
1132 861 1231 921 trabit
1260 875 1267 914 t

204 971 326 1030 surgens
344 952 502 1028 repentina
520 949 668 1010 discordia
687 953 717 1011 et
734 951 871 1010 incautos
886 950 1003 1027 decepit
1013 951 1050 1008 in
1064 951 1229 1027 perniciem

203 1044 337 1101 vestram
358 1041 522 1116 perniciose
549 1038 717 1117 serpendo?
752 1057 784 1099 o:
806 1041 903 1099 multa
931 1039 1126 1100 subiacebunt
1150 1058 1229 1116 quae

204 1133 313 1206 posto
336 1129 396 1190 dici
417 1132 594 1205 potuerunt,
616 1128 670 1188 sed
691 1131 810 1208 tempus
832 1149 893 1189 non
916 1127 975 1189 fuit
1002 1130 1037 1187 ut
1064 1130 1097 1188 in
1125 1147 1229 1207 super-

203 1219 271 1278 fluis
293 1221 469 1278 moraretur.
500 1218 635 1280 revocari
653 1219 734 1278 enim
752 1238 771 1278 a
789 1218 950 1278 sceleribus
969 1217 1135 1278 debuerant
1153 1236 1229 1296 quos

204 1307 355 1386 sacrilegii
386 1307 595 1368 considerabat
626 1308 746 1368 effectos
784 1327 847 1368 esso
879 1307 1050 1385 participes.
1096 1309 1230 1366 ceterum
1247 1323 1267 1364 n

204 1398 301 1458 dicere
331 1399 434 1474 potuit
460 1418 478 1458 o
506 1391 601 1472 cives,
631 1416 649 1456 o
676 1396 752 1458 socii
781 1400 836 1456 aut
867 1416 885 1456 o
916 1396 1020 1457 miseri
1047 1397 1097 1456 vel
1125 1396 1228 1456 incon-

203 1486 327 1546 siderati
340 1489 372 1546 et
385 1487 447 1546 alia
461 1491 516 1546 aut
533 1486 612 1546 bona
630 1488 683 1545 aut
699 1485 855 1547 iniuriosa.
879 1485 956 1544 dixit
973 1505 1044 1565 ergo
1061 1488 1229 1546 otantum·

203 1577 292 1636 modo
306 1579 346 1653 et,
359 1595 397 1636 ne
410 1579 573 1655 vagaretur
587 1575 718 1655 longius,
731 1576 769 1635 ad
787 1575 884 1653 ipsam
897 1595 961 1635 rem
971 1594 1048 1652 quae
1061 1576 1228 1635 necessario

141 1666 303 1730 creuerat
332 1665 457 1726 dicenda
483 1665 633 1742 pervenit:
661 1666 752 1724 atam
773 1666 836 1725 tam
857 1664 962 1738 foedas
990 1669 1138 1724 domare
1162 1681 1229 1723 coa-

200 1757 314 1829 positae
331 1756 420 1830 lepcs:
436 1755 510 1814 milri
521 1756 570 1813 ias
584 1771 755 1813 commas
772 1754 836 1823 soli,
854 1754 1099 1826 aestatemque
1112 1755 1230 1827 auferte
1248 1771 1267 1812 ιι

201 1849 307 1914 metus,
332 1862 381 1919 eqo
403 1845 523 1918 foedera
544 1845 616 1917 saxo
633 1845 725 1916 firma
746 1861 852 1913 mana,
877 1843 1013 1902 Tarracon
1035 1843 1139 1902 debeat
1155 1843 1230 1902 baec

201 1935 263 1992 iam
281 1934 354 1993 mitt
371 1951 474 1993 sacra:
495 1933 674 2010 perfectum,
696 1932 809 2008 inquit,
830 1932 1042 1992 iusiurandum
1064 1935 1111 1991 est
1134 1934 1165 1991 et
1181 1931 1229 1991 in·

202 2023 330 2099 pletum,
354 2023 435 2101 loges
458 2023 556 2083 dictae
579 2021 663 2100 pacis
687 2024 718 2082 et
739 2021 824 2098 belli,
848 2021 957 2100 quibus
980 2022 1063 2082 solus
1085 2022 1152 2099 ipse
1176 2022 1228 2081 ob·

202 2114 309 2172 noxius
331 2115 448 2189 teneor,
474 2134 522 2173 me
545 2113 643 2173 solum
665 2111 787 2172 foedera
813 2114 993 2187 nexuerunt,
1019 2131 1067 2170 me
1090 2130 1228 2191 pugnare

202 2202 366 2278 permittite
385 2222 438 2262 uec
456 2203 538 2263 ullus
556 2220 609 2262 vos
629 2200 761 2279 exagitet
778 2204 890 2276 metus,
911 2203 1023 2261 virtute
1040 2220 1109 2260 mee
1126 2201 1227 2261 firma·
1246 2218 1267 2259 a

201 2291 314 2351 buntur
331 2295 417 2370 gesta
436 2311 512 2368 quae
531 2290 745 2368 sacrilegorum
762 2292 915 2350 temeritas
938 2290 1014 2366 ruit,
1036 2291 1119 2349 laesa
1141 2309 1228 2350 sacra

201 2401 319 2441 necesse
343 2384 389 2440 est
407 2381 501 2440 Turni
523 2399 634 2457 poenas
657 2379 690 2438 in
713 2380 869 2458 suppliciis
893 2381 1022 2456 expiere.
1055 2383 1171 2455 quanta
1195 2382 1228 2439 in

202 2470 318 2530 duobus
342 2471 516 2530 diversitas!
547 2473 579 2529 in
603 2469 704 2528 Turno
727 2472 838 2545 metus,
861 2470 893 2528 in
916 2468 1019 2529 Aenea
1042 2471 1227 2545 constantia3

201 2559 233 2617 in
257 2561 358 2619 Turno
389 2560 556 2619 diffidentia
580 2562 693 2635 metus,
721 2560 754 2618 in
776 2558 880 2619 Aenea
910 2559 1041 2617 eminens
1069 2558 1168 2618 virtus
1197 2563 1228 2619 et

202 2651 307 2725 procul
335 2650 454 2709 exclusa
480 2649 624 2725 formid03
653 2650 804 2726 postremo
833 2667 910 2725 quae
934 2648 1052 2707 Turnus
1079 2648 1267 2707 horrescitis

202 2757 237 2797 ac
259 2739 347 2798 timet
369 2739 486 2800 Aeneas
509 2741 633 2816 exoptat
654 2742 685 2799 et
707 2757 828 2799 securus
847 2737 1046 2816 amplectitur.
1074 2736 1130 2795 bus
1150 2738 1228 2796 iactor

201 2846 292 2897 acces,
311 2829 411 2888 media
428 2830 505 2887 tator
522 2829 596 2888 tulta
614 2829 704 2888 cerba
723 2845 784 2887 ecce
800 2829 864 2887 ciro
884 2827 1011 2886 strideas
1025 2825 1083 2886 alis
1097 2826 1227 2900 adlapsa

140 2920 309 2991 suocapitta
332 2922 385 2986 cst,
408 2919 550 2977 incertam
573 2935 632 2990 aaa
647 2916 741 2991 palea
761 2935 867 2987 mana,
892 2934 947 2990 prro
970 2917 1085 2975 turbiue
1108 2916 1225 2982 adacta

202 3009 268 3078 qais
286 3009 399 3066 tantam
412 3007 533 3065 Rutulis
551 3006 676 3074 laudem,
692 3022 816 3064 mensae
829 3006 946 3075 clausae,
962 3005 1104 3065 attulerit:
1116 3022 1225 3078 pressa

202 3100 244 3153 est
271 3096 398 3169 instabis
422 3097 518 3171 picria
544 3096 618 3168 facti
644 3111 697 3152 aec
725 3111 787 3153 ecee
814 3093 932 3155 Aeaeae
958 3095 1079 3155 iactauit
1105 3094 1226 3153 calam
1243 3108 1267 3149 eo

274 3308 290 3356 3
309 3302 384 3357 cadit
397 3301 423 3354 V
438 3301 481 3355 ed.
501 3299 581 3355 cadit
599 3315 650 3353 nos
672 3298 707 3353 cf.
725 3305 785 3354 2⁷9.
854 3307 872 3355 4
892 3301 996 3356 dicitur
1009 3300 1035 3353 V
1049 3299 1093 3354 ed.
1112 3301 1224 3356 duntur

202 3391 259 3427 nos.
289 3375 292 3445 l
322 3374 411 3441 ipsius
429 3370 542 3426 omed,
601 3371 738 3439 tdccipit
756 3372 798 3427 ed.
860 3371 1056 3426 VomaltaV
1074 3388 1090 3426 c
1109 3371 1222 3427 omed.

202 3450 219 3498 8
235 3452 298 3513 post
316 3462 331 3500 o
346 3443 371 3495 V
389 3461 405 3499 o
423 3459 477 3498 om.
493 3442 536 3497 ed.
595 3448 628 3495 14
647 3459 664 3498 o
681 3444 798 3499 cohibete
815 3444 874 3498 iras
891 3441 1020 3496 lemmati
1033 3442 1165 3511 praefixit
1180 3442 1222 3497 ed.

203 3517 282 3570 deest
300 3516 369 3569 inV
386 3530 478 3583 neque
496 3512 660 3582 explicatur.
734 3521 767 3570 21
786 3521 862 3585 qesta
879 3512 906 3567 V
923 3513 967 3566 ed.
988 3515 1084 3569 iusta?
1112 3515 1116 3587 l
1145 3521 1223 3571 tensa

197 3589 273 3643 retas
288 3586 388 3643 ruitV
406 3587 638 3641 ummtausaat
657 3586 701 3643 ed.
778 3592 812 3639 22
828 3600 933 3655 poenae
950 3585 983 3639 ia
1001 3586 1113 3639 omed.
1143 3586 1147 3658 Ι
1177 3601 1222 3639 aa·

179 3662 270 3727 ptari
291 3660 317 3714 V
334 3660 378 3717 ed
405 3677 455 3717 ·rc
476 3676 538 3716 nos.
620 3664 655 3715 24
678 3656 836 3728 distdraia
852 3654 976 3710 aaut
994 3663 1081 3710 aetas
1104 3674 1158 3711 om.
1179 3656 1221 3710 cd.

170 3734 349 3801 genetivum
370 3751 438 3793 esse
455 3736 539 3807 puto.
