2725 4150
550 353 805 410 mnemosxu
1122 359 1186 425 637

164 524 270 584 aridos
288 524 438 583 estendere
457 541 561 584 erersas
579 524 651 583 velie
667 523 802 582 videmur
822 529 848 583 et
865 524 899 583 ie
915 525 1019 584 mediis
1038 524 1189 584 conatibus
1198 537 1250 588 910

165 614 247 689 aegra·
260 613 447 683 succideram,
465 631 525 672 aea
544 613 646 686 lingua
661 613 747 682 valet,
765 630 826 671 eoa
844 630 962 688 corpore
979 617 1065 673 notae
1081 614 1188 686 saffia-

162 708 218 762 unt
244 703 323 762 eires
349 719 402 762 aec
428 720 484 762 voe
511 706 563 762 aul
589 703 679 761 eaba
703 706 879 774 sequenter:
908 704 951 762 se'e
974 704 1088 772 Tarne,
1117 720 1189 775 que·

164 809 286 867 eumque
302 791 384 851 eiam
400 792 507 850 ariete
520 791 631 864 petivit,
645 808 811 850 sueoemwm
825 792 881 851 elea
894 792 963 851 dira
980 796 1080 866 neget:
1099 791 1188 852 datur

132 881 323 959 sperabola,
353 900 389 939 ex
417 899 478 958 qua
503 881 712 956 unusquisque
740 900 776 939 ex
803 898 834 939 se
863 881 1021 958 intellegat
1049 882 1189 959 quemad·

162 970 287 1030 modum
309 971 341 1029 in
364 970 466 1028 Turno
489 970 590 1028 omnia
610 968 775 1029 inminente
793 970 901 1030 ultimo
920 971 984 1030 fato
1001 970 1188 1047 hebuissent3

162 1079 234 1119 nam
257 1059 395 1119 omnibus
417 1058 589 1119 hominibus
607 1077 660 1135 per
684 1078 821 1119 somnum
840 1061 917 1119 talia
935 1061 1117 1121 consuerunt
1140 1079 1187 1120 ao·

163 1149 275 1225 sidere,
303 1150 339 1207 nt
372 1147 551 1207 dormientes
581 1148 741 1208 videantur
769 1148 846 1208 velle
877 1168 954 1226 quae
985 1149 1099 1226 inplere
1128 1170 1188 1210 non

162 1240 303 1316 possunt:
332 1257 560 1315 nonnumquam
590 1238 729 1297 nitsmtur
756 1237 874 1314 aliquid
896 1237 1008 1299 viribus
1033 1241 1187 1299 eteorum

121 1343 145 1384 ro
163 1330 289 1388 conatus
321 1330 391 1386 ante
420 1327 558 1387 effectum
588 1346 689 1386 rerum
725 1327 876 1387 debilitati
912 1328 1125 1404 succumbunt,
1161 1330 1188 1388 si

162 1417 315 1477 voluerint
335 1416 432 1493 loqui,
450 1435 504 1476 neo
522 1417 630 1494 lingua
647 1416 745 1493 inplet
762 1417 895 1476 officium
913 1436 1001 1477 suum
1019 1436 1073 1476 nee
1090 1419 1186 1478 inten-

161 1508 275 1567 tionem
297 1506 426 1566 volentis
450 1506 601 1582 explicant
624 1505 729 1581 verba,
759 1509 858 1566 totum
883 1526 1012 1566 saeuum
1036 1509 1082 1566 est
1105 1507 1186 1584 quio·

163 1596 237 1672 quid
260 1595 411 1656 ridebitur
433 1596 510 1672 geri,
533 1597 632 1654 totum
654 1595 821 1671 infirmum,
846 1599 952 1672 utpote
976 1597 1056 1674 quod
1078 1596 1187 1656 habere

162 1685 283 1745 ridetur
306 1703 325 1742 a
343 1684 508 1743 dormiente
531 1684 742 1746 substantiam.
770 1686 813 1744 sie
836 1704 906 1763 ergo
925 1689 1082 1761 tamquam
1100 1703 1186 1762 sopo-

124 1787 146 1827 1⁶
162 1776 222 1834 rati
242 1773 359 1834 notibus
376 1773 508 1850 negabat
524 1774 580 1833 dea
594 1773 660 1832 dira
674 1792 851 1834 successum.
885 1779 946 1833 tem
956 1779 1070 1848 periore
1083 1791 1187 1834 sensus

162 1866 316 1923 veriuntur
340 1864 432 1922 varii:
462 1863 571 1941 ineipit
598 1882 744 1940 exponere
771 1882 849 1939 quae
879 1865 920 1922 sit
948 1864 1015 1940 ipsa
1041 1864 1248 1924 varietaszslo

162 1953 289 2012 Rutulos
312 1956 441 2026 aspectet
458 1957 484 2011 et
501 1954 618 2012 arbem:
639 1953 672 2011 in
695 1952 902 2030 desperatione
921 1953 1030 2012 salutis
1050 1954 1187 2030 respicie-

163 2041 214 2103 bat
244 2040 413 2117 civitatem,
443 2043 491 2102 vel
519 2041 601 2121 quod
629 2042 694 2102 illio
720 2041 850 2103 Lavinia
877 2041 948 2118 fuit,
978 2043 1027 2103 vel
1053 2063 1091 2103 ne
1117 2044 1187 2103 inde

163 2134 278 2192 veniret
308 2133 466 2206 auxilium,
499 2132 613 2208 pudore
644 2134 746 2191 autem
773 2132 915 2192 confusus
944 2134 1097 2209 depreoari
1126 2153 1187 2193 non

127 2221 294 2281 resedebat
325 2221 506 2281 Rutulorum
538 2240 625 2298 opem
657 2242 749 2299 quam
780 2222 931 2298 inpetrare
967 2240 1027 2280 non
1060 2223 1187 2299 poterat.

164 2312 257 2371 oeulis
287 2312 390 2370 tamen
416 2311 650 2388 intellegebatur
678 2330 799 2387 poseere
828 2310 1064 2384 miserationem,
1096 2331 1187 2388 quam

164 2418 297 2461 sermone
329 2399 483 2476 nequibat.
520 2404 728 2473 condeturque
754 2404 832 2458 meta
864 2400 972 2474 teloque
999 2402 1110 2459 instare
1133 2404 1187 2458 tre·

162 2491 273 2549 missit:
286 2489 445 2550 dubitabat
457 2490 518 2548 telo
527 2490 665 2550 insistere
679 2488 796 2565 aliquid
809 2490 911 2549 meriti
924 2490 1035 2549 futuris
1050 2489 1187 2566 precibus

163 2597 295 2639 servans.
340 2597 393 2639 nee
415 2597 470 2652 quo
493 2596 524 2637 se
547 2580 653 2652 eripiet
674 2597 727 2638 nee
750 2596 809 2651 qua
835 2580 866 2637 ei
889 2579 989 2637 tendat
1009 2579 1043 2637 ie
1064 2580 1187 2637 bostem:

126 2678 148 2721 ²⁵
163 2687 285 2745 prorsus
321 2668 395 2744 quid
417 2670 541 2727 deceret
574 2666 738 2743 nesciebat3
767 2670 866 2727 totum
900 2670 979 2726 enim
1010 2668 1185 2745 inpossibile

163 2758 234 2817 fuit:
264 2756 400 2834 fugiendi
423 2756 534 2835 quippe
563 2757 678 2817 occasio
707 2757 824 2832 deerat,
855 2757 984 2816 audendi
1010 2758 1042 2814 in
1068 2757 1186 2815 hostem

162 2847 272 2907 fiducia
295 2847 472 2923 negabatur.
514 2864 568 2906 nee
594 2864 700 2905 curros
731 2863 857 2918 usquam
886 2848 964 2905 videt
995 2848 1186 2921 aurigamque

141 2990 143 2993 Α
162 2952 305 2995 sororem:
328 2937 509 2995 auxiliorum
528 2955 646 3012 quoque
666 2954 733 3012 spes
751 2936 837 2994 nulla
856 2938 1023 3012 supererat,
1046 2935 1095 2994 vel
1114 2936 1186 3012 quia

163 3043 266 3085 eurrus
277 3024 382 3100 defuit,
395 3026 488 3084 etiam
502 3025 686 3085 abscesserat
699 3044 790 3085 soror.
810 3027 958 3085 maeonii
971 3026 1059 3084 telam
1068 3022 1186 3083 Aeaeos

124 3124 146 3165 ⁸⁰
161 3115 254 3186 fatale
277 3119 410 3174 coruscat
431 3116 551 3174 sortitas
572 3118 725 3188 satanam
746 3115 852 3174 oeulis:
882 3115 953 3173 dum
979 3114 1031 3173 ille
1060 3113 1248 3174 dirersis920

235 3254 250 3302 3
274 3266 444 3318 quarumque
461 3248 487 3301 V
510 3266 614 3318 quomo.
634 3249 677 3304 ed.
757 3255 772 3303 6
791 3250 888 3303 altimo
906 3250 969 3316 fata
986 3250 1141 3303 debuissent
1159 3248 1184 3301 V

161 3320 221 3386 fato
246 3336 297 3374 noe
322 3321 419 3389 inepte
444 3323 514 3374 mut.
536 3320 579 3375 ed.
653 3325 668 3374 9
692 3322 822 3376 niteatur
839 3319 866 3373 V
885 3320 927 3375 ed.
952 3322 1119 3375 aeaitrmrwr
1137 3336 1185 3374 ex-

161 3393 271 3460 pectes,
291 3391 341 3447 sed
360 3392 395 3446 ef.
417 3399 441 3459 1,
456 3397 516 3447 662,
591 3398 624 3445 12
647 3392 716 3461 qaid
737 3392 875 3447 videbitur
893 3391 918 3444 V
942 3392 1072 3461 quioquid
1089 3409 1113 3445 o.
1133 3408 1184 3445 nos

162 3464 234 3532 quod
266 3463 438 3520 medeatur
469 3463 513 3518 ed.
600 3468 635 3516 14
665 3482 685 3517 a
716 3464 865 3518 doreeieete
891 3462 916 3515 V
948 3463 1108 3517 dormientis
1140 3462 1183 3517 ed.

163 3539 196 3588 15
221 3541 306 3605 negat
329 3534 373 3589 ed.
447 3540 479 3588 21
506 3535 678 3605 intellegebat
700 3541 848 3603 torpescere
866 3533 892 3588 V
910 3535 953 3587 ed.
980 3534 1185 3604 intellegebatur

159 3622 269 3674 poscere
291 3623 350 3660 nos.
379 3607 382 3676 Ι
412 3606 507 3675 qaaV
525 3608 592 3674 quio
610 3606 653 3659 ed.
673 3622 756 3674 qaam
775 3621 833 3659 nos.
889 3611 923 3659 22
943 3604 1183 3674 telumqaeVed.,

163 3678 211 3730 sed
232 3676 302 3731 Don.
323 3679 428 3745 teloque
448 3677 553 3750 legisse
576 3677 696 3749 interpr.
717 3677 815 3735 dooet:
833 3676 918 3732 bona
932 3677 1027 3731 leobio
1047 3677 1082 3726 et
1094 3677 1204 3737 argute

154 3745 307 3814 explicata,
333 3766 509 3819 quamquam
531 3752 566 3809 in
584 3750 674 3827 Verg.
692 3752 783 3811 libris
799 3752 854 3809 ux
868 3750 1035 3819 uestigium
1048 3744 1117 3797 exus
1132 3738 1229 3790 emat.
