2725 4150
196 344 262 409 236
481 340 621 396 DONATI
638 340 809 396 INTERPR.
823 339 932 396 Vsus.

197 510 336 569 ostendit
377 511 466 585 talia,
489 509 602 586 inquit,
625 508 756 569 breviter
778 510 897 569 locutus
921 512 967 569 est
989 509 1095 586 Nisus3
1116 530 1216 590 repre·

195 600 342 659 hensurus
361 599 439 658 enim
456 618 556 659 moras
575 618 636 658 non
654 597 759 658 debuit
776 599 915 674 plurimis
933 599 1032 676 loqui,
1054 619 1091 659 ne
1113 600 1217 660 multi·

195 688 299 765 loquio
319 707 368 748 eas
388 687 565 748 excluderet.
602 687 677 747 dicit
694 689 756 746 iam
783 706 859 763 quae
882 688 970 748 illum
991 689 1071 749 ratio
1090 689 1218 768 cogebat

195 777 228 836 in
250 777 356 854 verba3
379 780 513 838 senserat
536 777 647 854 quippe
670 796 731 836 non
754 776 859 837 satiari
877 777 1043 855 Euryalum
1066 777 1217 855 caedibus,

134 867 248 927 ssesed
278 867 376 945 magis
408 866 538 927 accendi.
593 868 785 936 absistamus,
820 867 875 935 att,
907 885 979 926 uam
1011 868 1062 926 lucc
1093 868 1217 928 inimice
1246 881 1277 923 r·

190 958 388 1029 propinquat:
409 956 605 1016 recedendum
628 958 687 1030 est,
710 956 825 1032 inquit,
848 955 992 1031 quoniam
1010 957 1062 1015 lux
1079 957 1217 1033 proxima

196 1048 242 1104 est
265 1064 341 1122 quae
364 1064 419 1104 nos
441 1049 543 1122 posset
564 1045 702 1104 hostibus
725 1044 858 1121 prodere.
899 1065 954 1105 nee
975 1045 1116 1106 inmerito
1140 1046 1218 1106 dixit

195 1132 348 1193 inimicam
370 1135 480 1211 lueem;
504 1136 530 1196 si
553 1135 632 1193 enim
654 1134 795 1193 tenebrae
813 1135 1003 1210 profuerunt,
1026 1137 1062 1194 ut
1084 1136 1217 1214 gloriosa

196 1225 303 1298 eoepta
320 1223 542 1299 perficerentur,
559 1222 770 1299 proculdubio
790 1223 932 1282 obfutura
949 1224 1051 1283 fuerat
1069 1224 1121 1283 lux
1140 1244 1216 1302 quae

195 1310 271 1371 nihil
298 1313 444 1388 relinquit
471 1313 629 1373 oecultum.
673 1331 838 1386 poenarum
867 1314 1040 1372 exhaustura
1068 1314 1144 1373 sutis
1166 1319 1216 1384 est,
1234 1327 1265 1368 ro

195 1401 246 1459 cia
263 1401 345 1474 facto
358 1418 415 1475 per
433 1403 537 1461 bostis:
558 1401 757 1461 recedendum
771 1401 917 1461 suadebat
928 1402 1029 1476 Nisus,
1048 1403 1100 1462 sed
1119 1402 1216 1463 dicere

196 1490 347 1566 Euryalus
364 1493 466 1568 potuit
484 1493 668 1551 occasionem
687 1491 780 1550 talem
798 1510 859 1550 non
877 1510 940 1551 esse
958 1492 1142 1568 perdendam
1157 1511 1217 1570 qua

195 1581 297 1640 hostes
314 1579 347 1639 in
369 1581 480 1639 maiore
503 1600 627 1641 numero
645 1583 769 1657 possent
785 1581 938 1640 trucidari.
974 1582 1086 1640 hocne
1106 1581 1215 1642 dicere·

195 1673 254 1744 tur,
273 1670 355 1746 prior
367 1669 459 1730 Nisus
474 1669 613 1746 occurrit,
632 1670 671 1729 ad
689 1671 898 1730 necessitatem
910 1671 956 1729 rei
970 1671 1044 1730 satis
1064 1671 1216 1731 abundare

196 1758 276 1834 quod
293 1759 408 1818 factum
426 1758 592 1819 videbatur.
630 1759 790 1835 transitus,
808 1760 922 1835 inquit,
945 1759 1031 1819 nobis
1050 1780 1104 1837 per
1120 1760 1216 1822 hostis
1232 1770 1255 1812 1⁵

195 1849 295 1908 fuerat
320 1849 518 1924 necessarius,
545 1849 644 1909 faetus
668 1852 726 1924 est,
760 1848 832 1924 quid
862 1848 993 1925 amplius
1024 1848 1216 1924 quaerimus?

195 1955 249 1996 nee
264 1937 510 1997 considerandum
525 1939 571 1997 est
583 1938 640 1997 hoc
653 1940 787 2016 tempore
798 1938 871 2016 quid
885 1937 982 2015 infligi
994 1939 1076 1998 hosti
1086 1940 1215 2016 amplius

195 2026 315 2102 debeat,
343 2025 394 2087 sed
422 2026 673 2103 quemadmodum
700 2046 795 2104 usque
823 2027 862 2087 ad
884 2027 984 2105 ipsum
1006 2027 1129 2088 Aenean
1153 2047 1215 2090 sus·

195 2118 315 2192 ceptum
342 2116 496 2194 inpleatur
523 2117 668 2192 officium,
696 2138 732 2176 ne
760 2117 813 2177 lux
839 2117 981 2195 ingruens
1008 2117 1119 2193 prodat
1142 2137 1216 2197 quos

194 2205 333 2265 tenebrae
368 2207 486 2283 tegunt.
544 2206 638 2265 multa
673 2207 771 2265 cirum
807 2207 899 2265 solido
936 2211 1054 2281 ocqeuto
1084 2210 1216 2281 perfectu
1231 2218 1254 2260 ’θ

193 2296 363 2368 rettuquuut
398 2311 540 2368 erucaque
575 2299 760 2368 crateresque
791 2296 880 2354 simul
908 2296 1102 2368 pulchrosque
1137 2302 1216 2371 tape-

194 2388 256 2443 tus:
292 2385 346 2461 qui
377 2385 443 2444 sola
474 2385 571 2463 gloria
603 2384 790 2443 ducebantur
820 2404 881 2443 non
913 2385 994 2462 eapti
1026 2388 1098 2445 sunt
1125 2387 1215 2446 rebus

194 2472 333 2550 pretiosis
356 2475 387 2532 st
408 2473 527 2551 magnis
550 2492 604 2533 nec
621 2473 784 2533 voluerunt
802 2473 919 2533 onerari
941 2473 1071 2554 pondere
1091 2475 1146 2551 qui
1169 2496 1215 2537 ex·

194 2562 290 2638 pediti
312 2581 472 2639 properare
495 2562 667 2622 debuerant.
703 2562 858 2638 Euryalus
876 2563 1020 2637 phalerus
1042 2564 1216 2625 Rhamnetis

132 2656 222 2711 tecet
249 2670 343 2712 aurea
373 2652 460 2711 bullis
489 2652 619 2726 ctupula,
651 2653 768 2711 Tiburti
797 2653 920 2711 Remulo
952 2654 1115 2713 ditissimus
1147 2656 1216 2714 olim
1230 2660 1253 2703 ’ὃ

194 2758 269 2813 quae
290 2742 377 2800 mauu
398 2741 477 2800 douo
499 2742 634 2814 bospitio,
663 2759 729 2801 curn
755 2742 888 2816 iuuyeret
913 2744 1031 2811 absens,
1063 2741 1215 2813 Caedicus,

193 2831 243 2889 ille
261 2848 314 2889 suo
332 2831 460 2890 mortens
478 2831 531 2890 dat
548 2832 654 2890 bebere
667 2832 777 2905 nepoti,
797 2835 1002 2905 postmortem
1021 2832 1092 2891 bello
1111 2832 1215 2892 Rutuli

190 2935 350 2994 puyuequc
370 2921 473 2992 potiti:
502 2919 680 2997 contemptis
711 2939 789 2997 quae
817 2920 967 2997 superflua
996 2940 1050 2998 pro
1080 2924 1214 2999 tempore

132 3038 134 3043 ·
195 3026 258 3069 esse
285 3011 448 3085 potuerant
473 3008 505 3067 id
532 3009 658 3069 abstulit
681 3010 763 3086 quod
790 3013 910 3069 ornaret
932 3010 1030 3070 virum
1054 3011 1164 3071 fortem
1185 3014 1215 3071 et

267 3167 283 3215 2
302 3162 383 3215 multi
400 3160 476 3229 toqui
493 3178 526 3216 ea
543 3162 685 3217 excludere
698 3161 724 3215 V
742 3163 915 3232 multiloquio
929 3180 974 3217 eas
987 3164 1142 3219 excluderet
1157 3163 1213 3219 ed.:

194 3234 228 3285 ut
247 3237 271 3299 6,
282 3236 334 3285 538
353 3231 383 3285 in
397 3232 495 3287 eadem
509 3249 539 3287 re
552 3235 684 3300 nutriret,
698 3233 739 3288 sio
752 3235 905 3289 excluderet
917 3236 1063 3303 tamquam
1079 3235 1114 3289 de
1127 3235 1213 3305 pullis

195 3303 377 3357 excludendis
396 3303 454 3359 sive
473 3303 643 3359 excudendis
663 3305 767 3359 dixisse
784 3305 929 3375 putandus
943 3308 998 3371 est,
1014 3307 1069 3361 nisi
1082 3306 1156 3362 forts
1169 3324 1214 3363 ecc-

195 3375 315 3430 teaderet
342 3375 481 3445 corrigere
507 3376 609 3444 placet.
692 3381 707 3430 3
734 3378 843 3446 iamque
870 3376 914 3430 ed.
992 3384 1007 3431 6
1036 3380 1167 3446 quonium
1188 3378 1214 3432 V

195 3463 279 3515 quum
301 3446 346 3501 ed.
420 3446 530 3502 'leetV
548 3449 585 3502 eit
603 3448 646 3502 ed.
721 3453 754 3502 13
774 3450 806 3503 iu
826 3451 930 3504 maiore
947 3448 1099 3504 uuuzeroV
1116 3450 1159 3505 ed.
1179 3449 1214 3505 ct.

197 3524 221 3583 1,
236 3522 289 3572 600
315 3519 348 3571 ia
374 3534 487 3574 numero
513 3519 618 3588 eeipuo.
693 3525 726 3573 14
751 3520 789 3574 ad
813 3537 890 3575 neces
914 3522 1007 3576 statim
1028 3519 1054 3574 V
1079 3522 1116 3576 ad
1138 3538 1214 3578 neces

189 3595 297 3643 statum
315 3589 359 3644 ed.
375 3605 444 3644 corr.
459 3589 502 3645 ed.
516 3592 589 3658 poet.
660 3595 693 3645 1⁷
711 3592 782 3645 besti
800 3607 853 3645 ome
871 3591 914 3645 ed.
985 3597 1017 3645 19
1036 3591 1213 3661 inpleaturV

178 3659 338 3737 sequentur
357 3660 402 3715 ed.
427 3663 588 3719 restruatur
608 3661 745 3792 ed'qym'
818 3668 851 3717 26
877 3664 1051 3733 oouiuuqeret
1076 3681 1127 3731 pro
1152 3681 1214 3721 eam

165 3740 302 3798 maceret
322 3732 352 3788 V.
433 3741 471 3793 28
485 3754 643 3811 usqueque
699 3735 862 3809 praedoque
881 3735 927 3789 ed.
