2725 4150
525 330 777 386 naunmosvn
1095 336 1159 405 109

138 498 337 576 militarisque
366 500 513 560 nectebat.
559 520 666 560 aurum
698 500 761 560 illie
792 503 965 577 ostrumque
994 505 1159 579 supererat,

139 591 180 650 sie
202 592 319 664 tamen,
341 592 376 648 ut
398 589 519 668 reginae
543 593 621 650 esset
637 592 750 666 totum,
772 609 833 650 non
854 608 913 668 quo
936 589 997 652 illis
1016 590 1159 652 delectari

138 678 289 739 videretur
312 697 390 754 quae
412 678 555 738 tendebat
577 678 616 738 ad
634 678 756 739 bellum.
789 679 915 754 Lyciam
936 684 970 739 at
989 685 1074 754 perat
1090 683 1159 754 ipsa

132 769 307 842 pharetram
336 772 362 826 et
385 769 568 841 pastoratem
593 770 733 842 praeytae
762 769 882 842 easpr‘de
910 773 1052 843 mprtam:
1080 768 1160 830 inter

111 860 236 916 testera
259 858 352 916 etiam
373 857 618 917 illuminabatur
641 857 806 918 multitudo
834 858 1048 934 spectantium,
1077 859 1158 936 quod

136 947 275 1005 incedens
305 964 390 1005 arma
419 964 474 1006 sua
502 946 570 1024 ipsa
599 946 755 1023 portabat,
784 947 958 1023 pharetram
985 948 1099 1008 scilieet
1128 951 1159 1008 et

136 1037 257 1094 hastam
269 1037 419 1112 myrteam
432 1036 563 1112 praefixo
582 1036 661 1095 ferro
680 1034 857 1114 graviorem,
876 1056 954 1113 quae
972 1039 1053 1098 tanti
1067 1039 1159 1098 etiam

136 1127 204 1202 ipsa
225 1124 341 1184 roboris
365 1125 438 1201 fuit,
466 1127 503 1185 nt
529 1124 568 1184 ad
594 1143 686 1184 nsum
712 1127 870 1201 pastorum
896 1126 1022 1187 fortium
1049 1130 1159 1204 parata

135 1216 302 1290 putaretur.

97 1323 120 1362 ιο
208 1302 290 1372 Quae
304 1321 395 1378 supra
409 1304 523 1379 seripta
541 1305 611 1362 sunt
624 1303 777 1379 pertinent
793 1302 832 1362 ad
845 1304 1008 1364 extremam
1026 1323 1159 1382 manum,

136 1411 230 1468 quam
247 1393 383 1467 inposuit
395 1393 472 1452 Iuno
491 1411 544 1468 per
556 1391 692 1468 Furiam3
715 1391 928 1468 perfectionem
946 1395 1048 1453 autem
1067 1395 1159 1473 signi-

135 1482 225 1541 fieare
248 1484 412 1540 extremam
429 1500 551 1540 manum
571 1480 640 1539 inde
664 1480 761 1559 magis
780 1481 952 1557 apparebit,
975 1483 1001 1541 si
1020 1484 1158 1543 ostenda·

135 1589 204 1630 mus
226 1569 258 1628 in
281 1570 347 1647 ipso
370 1571 505 1649 Vergilio
529 1571 641 1630 dietam
663 1571 757 1629 etiam
778 1571 908 1647 primam
925 1589 1063 1630 manum:
1087 1572 1159 1648 quia

136 1661 234 1736 prima
257 1678 364 1719 manus
383 1679 442 1719 non
462 1661 574 1720 dieitur
590 1659 650 1719 nisi
669 1679 747 1736 quae
763 1659 874 1719 babeat
891 1661 1044 1737 sequentis
1062 1678 1159 1737 usque

97 1766 118 1806 n
137 1749 176 1807 ad
199 1750 375 1823 extremam,
397 1752 530 1809 extrema
551 1768 612 1808 non
633 1748 745 1809 dieitur
765 1748 826 1808 nisi
843 1768 921 1826 quae
938 1749 1049 1809 habeat
1072 1768 1158 1825 supe·

135 1838 230 1897 riores
243 1856 338 1914 usque
353 1838 392 1896 ad
405 1839 542 1915 primam.
570 1838 620 1897 bie
637 1838 733 1917 igitur
751 1837 827 1898 dixit
844 1841 1009 1899 extremam
1026 1858 1158 1915 manum,

135 1927 189 1985 ubi
200 1927 387 2003 perficiendis
402 1928 490 1988 rebus
504 1928 680 1987 intendebat
694 1946 824 2004 operam,
837 1927 870 1986 in
883 1928 1041 1988 undecimo
1056 1931 1159 1988 autem

134 2016 213 2077 libro
228 2008 324 2098 (505)
338 2016 458 2078 induxit
472 2016 630 2078 Camillam
648 2017 758 2079 dixisse
777 2038 847 2094 „me
866 2019 930 2079 sine
948 2019 1047 2096 prima
1065 2037 1159 2079 manu

135 2109 285 2182 temptare
303 2108 436 2182 pericula
451 2106 546 2167 belli“
560 2100 632 2188 (hoe
645 2107 692 2167 est
704 2109 836 2185 incipere
849 2126 969 2187 pugnae
984 2102 1158 2190 eertamen),

95 2211 119 2252 n
136 2198 194 2270 „tu
213 2196 302 2271 pedes
322 2196 361 2255 ad
378 2216 481 2256 muros
499 2197 627 2256 subsiste
645 2199 677 2256 et
694 2197 813 2257 moenia
831 2196 948 2274 serva“‚
968 2202 1105 2258 secutum
1123 2200 1159 2257 ut

135 2285 253 2361 reliqua
276 2285 394 2345 Turnus
421 2286 550 2363 inpleret
576 2289 697 2362 praeter
718 2288 779 2345 ista
802 2305 879 2363 quae
904 2288 994 2346 huius
1017 2288 1087 2347 libri
1110 2305 1157 2346 ex·

135 2374 246 2449 positio
271 2374 411 2434 eontinet.
446 2377 538 2435 etiam
554 2375 633 2434 illud
651 2375 804 2435 seiendum
827 2378 873 2435 est
891 2376 972 2454 quod
990 2395 1079 2451 saepe
1096 2375 1159 2434 iam

137 2463 281 2537 diximus,
304 2464 408 2523 laudes
432 2464 551 2524 Aeneae
574 2464 667 2524 libros
691 2466 787 2524 omnis
811 2464 975 2541 continere,
1003 2464 1056 2523 sed
1078 2465 1159 2524 hune

209 2657 223 2704 1
243 2651 393 2720 superatV
411 2652 522 2707 saberet
540 2652 583 2707 ed.
602 2658 746 2721 supererat
762 2668 813 2706 nos
832 2651 866 2705 ef.
882 2656 907 2718 8,
918 2656 962 2706 28.
1033 2658 1049 2705 2
1072 2652 1159 2707 detre-

136 2729 196 2776 tare
209 2721 236 2776 V
253 2725 297 2777 ·rr'
315 2723 359 2780 ed.
428 2729 443 2777 3
462 2725 553 2793 ipsam
566 2723 599 2778 V.
667 2724 857 2791 ipraefiaam
875 2725 974 2777 eontra
991 2722 1108 2793 interpr.
1123 2723 1157 2779 V.

137 2795 375 2861 terpretamtiam
388 2793 414 2848 V
428 2811 497 2850 corr.
513 2795 557 2850 ed.
630 2802 646 2849 6
664 2793 852 2850 imeademsV
867 2811 935 2849 eorr.
951 2795 995 2850 ed.
1069 2801 1085 2849 9
1102 2812 1159 2865 pa-

136 2871 242 2919 taretar
255 2864 282 2916 V
294 2866 432 2920 m'deretm
445 2867 489 2920 ed.
545 2873 577 2921 11
589 2883 641 2935 per
654 2866 762 2932 fariam
771 2866 796 2919 V
806 2866 850 2921 ed.
861 2868 991 2935 expectes
1000 2874 1066 2936 post
1078 2869 1099 2935 f.
1113 2866 1159 2921 rel

131 2953 184 3004 per
196 2938 218 3002 f.
233 2938 302 2992 artis
316 2936 351 2990 ef.
362 2942 427 2990 571·
445 2937 448 3009 t
468 2940 533 3005 post
548 2944 639 2992 autem
652 2937 724 2991 haee
738 2939 894 3005 sequuntur
906 2938 938 2992 in
951 2937 985 2992 V:
1001 2940 1159 3009 eipaifieare

137 3014 285 3062 extremam
306 3025 421 3063 mamam
443 3009 507 3063 trade
528 3026 631 3079 mapaa
651 3009 796 3078 apparebit
813 3011 839 3064 er'
857 3009 1031 3065 eetemdamas
1048 3012 1080 3065 m
1098 3012 1159 3079 ipso

142 3080 261 3147 Verpa'lr'a
284 3080 359 3134 dieta
383 3097 444 3134 mea
465 3082 560 3148 prima
583 3098 698 3135 mamam
715 3081 841 3150 pprima
859 3098 959 3137 mamas
976 3088 1072 3137 mostra
1090 3082 1159 3136 dicit

136 3152 175 3203 mi
193 3154 210 3219 'q'
227 3150 326 3205 babeat
342 3152 477 3219 sequentis
495 3168 579 3219 meae
597 3152 636 3205 ad
653 3158 801 3207 extremam
823 3158 947 3208 etstrema
964 3169 1021 3208 aaa
1040 3153 1108 3208 dieat
1124 3157 1159 3207 ms

137 3238 186 3288 mre
205 3221 305 3276 babeat
321 3224 474 3290 saperiaree
491 3239 576 3291 aeque
589 3224 628 3278 ad
642 3225 778 3293 primam.-
796 3224 913 3278 confusa
927 3225 992 3278 sunt
1006 3240 1078 3291 quae
1093 3222 1158 3277 aliis

136 3291 206 3346 loeis
225 3296 376 3347 occurrunt
394 3293 561 3362 compendia
578 3299 598 3362 d
617 3297 710 3363 (quae)
729 3297 758 3348 et
777 3312 806 3363 q<
823 3295 923 3365 (quia),
946 3295 1015 3349 item
1034 3298 1068 3347 rii
1082 3294 1157 3363 (nisi)

136 3369 174 3417 n‘a
193 3366 309 3432 (nostra)
329 3370 348 3417 fi
367 3367 456 3433 (non);
474 3382 526 3432 pre
546 3382 649 3435 maprra
666 3368 743 3421 reete
762 3366 871 3421 emend.
890 3367 978 3435 mapis
997 3364 1029 3432 U,
1048 3364 1158 3433 reliqua

137 3452 203 3489 noe:
233 3437 557 3505 eipmifieare-maaam
588 3439 657 3491 mut.
690 3438 848 3492 trade-ad
876 3438 998 3506 primam
1030 3453 1083 3491 om.
1113 3436 1156 3491 ed.

138 3513 169 3561 17
190 3523 274 3575 opera
287 3506 313 3561 V
327 3508 370 3561 ed.
444 3512 478 3561 18
497 3509 653 3563 ramittam
671 3507 698 3562 V
716 3508 759 3563 ed.
777 3510 811 3563 ut
830 3514 872 3576 11,
888 3513 948 3563 717.
983 3508 987 3579 t
1021 3525 1062 3564 me
1084 3524 1158 3577 semp

136 3595 186 3645 pro
210 3595 252 3633 me
274 3580 333 3633 sime
351 3577 384 3633 V.
454 3584 487 3633 19
510 3581 593 3633 baius
616 3586 655 3634 eet
672 3579 698 3634 V
717 3580 760 3633 ed.
783 3581 833 3635 boe
853 3586 893 3636 eet
911 3596 972 3634 nos.
1035 3585 1071 3633 ‘ib
1092 3585 1164 3633 tuane

136 3650 209 3703 tedes
228 3666 284 3716 pro
308 3656 340 3703 m
355 3650 444 3718 pedes
466 3649 495 3705 V.
526 3650 533 3725 Ι
564 3650 731 3710 saeetmaV
758 3659 885 3711 secatam
905 3668 963 3709 nes
985 3652 1113 3721 seqnitur
1134 3648 1186 3701 ab.

127 3724 163 3768 22
178 3725 221 3769 est
236 3734 287 3771 om,
310 3720 351 3773 ed.
428 3727 464 3777 23
481 3724 560 3782 huma
575 3725 603 3783 V
620 3728 655 3785 im
674 3730 727 3787 hoc
748 3728 795 3786 ed.
