2725 4150
194 340 238 405 68
480 332 932 391 nonerimrnma.vnao.

194 505 335 583 protulit,
365 503 481 566 scilicet
509 505 649 565 inflatum
675 506 707 563 et
732 500 884 562 tumidum
911 503 942 560 et
964 501 1085 579 qualem
1106 500 1217 562 hebere

194 596 267 656 eunt
292 593 377 654 soliti
404 595 457 672 qui
482 593 602 654 rabioso
629 593 731 652 furore
760 590 943 652 demiscuit.
996 608 1033 650 en
1062 608 1112 665 epo
1139 590 1217 653 victo

193 684 266 753 situ,
297 702 386 758 wem
414 684 477 742 vert
506 685 592 756 effeta
619 685 750 741 senecas
782 699 869 741 amu
899 681 976 740 inter
1004 697 1106 754 reptem
1135 680 1218 755 salsa

193 773 353 847 formtdme
382 773 471 832 trudit:
501 771 586 848 peius
616 771 775 849 obiurgare
803 788 865 830 non
894 770 995 846 potuit
1023 771 1218 845 metuentem,

195 881 288 938 quam
314 865 351 922 ut
376 880 411 922 ea
433 861 480 920 illi
501 861 651 940 ingereret
673 878 750 936 quae
772 860 825 920 ille
847 859 1024 918 meminerat
1046 858 1217 935 protulisse
1246 873 1257 915 e

194 951 386 1026 mutinum,
409 951 522 1025 inquit,
546 969 637 1010 anum
661 948 851 1023 delirantem,
874 948 953 1008 senti
971 946 1146 1026 desipientis
1164 967 1218 1026 per

195 1042 313 1103 aenium
334 1039 475 1099 hebetata
498 1039 624 1099 consilia
646 1041 678 1098 et
701 1041 787 1098 aetus
809 1039 898 1116 longe
922 1056 940 1096 a
963 1055 1035 1097 seru
1058 1040 1090 1098 et
1108 1038 1217 1098 merito

195 1128 304 1188 aetatis
327 1129 455 1202 alienos,
479 1147 555 1205 quae
574 1127 631 1188 sim
649 1146 741 1203 nune,
760 1126 904 1204 quoniam
923 1126 1084 1203 superioria
1103 1127 1218 1187 formae

196 1219 383 1294 contemptor
419 1234 482 1276 esse
518 1217 667 1293 maluisti,
704 1216 872 1277 considera:
919 1216 1030 1290 respice
1062 1216 1103 1275 ud
1133 1217 1218 1276 haec:

194 1308 312 1365 intuere
349 1305 524 1384 diligentins
561 1306 634 1382 quid
669 1308 749 1366 inter
787 1305 951 1383 praeterita
986 1304 1219 1383 praesentiaque
1236 1320 1260 1362 ru

196 1396 301 1470 distet,
331 1414 379 1471 ac,
406 1397 436 1454 te
463 1416 501 1454 ne
525 1395 623 1456 adhuc
649 1414 746 1473 usquo
774 1397 935 1455 contumax
961 1392 1089 1453 intentio
1116 1396 1220 1455 teneat

196 1487 251 1545 ant
272 1488 303 1545 te
325 1485 394 1544 falli
416 1484 531 1545 somnio
558 1487 612 1545 aut
636 1485 731 1545 oculis
755 1487 857 1561 putes,
885 1483 965 1543 disee
987 1483 1067 1542 unde
1089 1483 1219 1558 veniam,

197 1593 274 1652 quae
311 1575 368 1634 eim
404 1575 454 1637 vel
490 1573 599 1651 quibus
636 1573 836 1653 germanitate
870 1573 1036 1651 coniungat
1067 1575 1122 1632 aut
1159 1589 1220 1651 qua

133 1675 187 1727 4155
197 1664 317 1743 vigeam
338 1665 497 1741 potestate.
538 1663 645 1723 adsum
667 1663 804 1723 dirarum
827 1663 865 1722 ut
888 1663 955 1722 sede
976 1678 1119 1732 sororum,
1144 1661 1221 1721 betto

196 1772 290 1813 manu
324 1753 466 1826 letataque
494 1769 578 1826 pero:
613 1751 724 1812 ideireo
756 1751 859 1829 posuit
889 1751 920 1810 in
950 1769 1042 1809 manu
1071 1769 1126 1811 sua
1155 1768 1220 1811 esee
1239 1766 1262 1808 rs

197 1842 278 1902 bella
300 1844 330 1901 et
351 1845 492 1917 mortem,
516 1841 590 1917 quia
607 1842 726 1902 Turnus
745 1841 773 1900 ei
792 1840 942 1900 obiecerat
961 1840 1042 1917 quod
1058 1838 1219 1918 inportune

198 1933 314 2010 gereret
342 1930 476 1990 virorum
506 1930 630 1990 fortium
657 1950 760 1990 curam
789 1930 836 1991 vel
862 1932 983 2006 cuperet
1006 1946 1093 1989 nosse
1114 1931 1221 1989 utrum

198 2020 300 2098 pacati
323 2038 386 2080 esse
409 2020 522 2082 vellent
544 2039 583 2079 an
606 2019 685 2080 bello
710 2018 894 2080 contendere.
940 2020 983 2079 sic
1010 2020 1100 2093 effato
1124 2019 1221 2092 focem

196 2110 297 2169 iuueni
320 2110 452 2169 contenit:
476 2113 547 2188 post
563 2110 803 2188 indignationem
820 2109 914 2169 talem
931 2112 962 2169 et
979 2108 1222 2187 obiurgationem

197 2198 357 2260 verborum
382 2199 563 2259 tumentium
590 2199 678 2275 quale
701 2199 815 2258 fectum
838 2198 946 2258 tiniae
970 2198 1105 2274 oportuit
1127 2198 1222 2275 aequi,
1239 2215 1265 2256 ro

197 2307 235 2347 ne
263 2288 327 2347 sine
355 2287 463 2347 effectu
491 2287 674 2348 discederet?
721 2287 824 2347 debuit
847 2288 927 2347 enim
949 2287 1092 2365 proficere
1116 2290 1222 2365 aperta

199 2375 344 2438 violentia
366 2377 419 2436 ubi
441 2378 540 2436 locum
563 2377 650 2436 dolus
673 2376 783 2436 habere
806 2396 866 2436 non
889 2378 999 2454 potuit.
1045 2377 1143 2436 facem
1164 2378 1222 2456 igi·

198 2476 250 2526 tur
267 2466 370 2526 iuveni
388 2467 515 2526 coniecit
535 2470 561 2525 et
581 2471 645 2525 atro
664 2467 774 2525 tremine
791 2466 937 2538 fwrncntts
954 2466 1021 2537 ficit
1038 2467 1093 2525 sue
1110 2470 1222 2539 pectore

199 2556 319 2616 taedas:
340 2555 459 2632 poetica
482 2556 656 2633 descriptio,
680 2574 741 2631 qua
765 2554 916 2615 ardentem
937 2555 1033 2614 facem
1051 2574 1086 2614 ao
1105 2555 1222 2616 fuman-

199 2648 262 2705 tem
283 2644 315 2703 in
333 2646 470 2705 iuvenem
490 2644 567 2704 dixit
584 2646 747 2720 intensam,
766 2648 898 2704 ceterum
917 2643 1054 2703 ardorem
1073 2644 1223 2720 quendam
1241 2659 1265 2702 rs

200 2736 232 2792 et
254 2733 450 2810 cupiditatem
473 2734 581 2794 mentis
603 2734 783 2794 memoravit
804 2732 959 2808 iniectam,
982 2735 1018 2792 ut
1040 2734 1224 2810 inpatienter

201 2826 323 2899 cuperet
353 2823 433 2899 quod
463 2826 532 2883 ante
563 2825 790 2900 contempserat.
837 2841 891 2881 neo
918 2824 1008 2882 vacat
1037 2821 1120 2898 quod
1148 2821 1225 2881 dixit

199 2912 232 2970 in
255 2912 395 2971 iuvenem
418 2914 557 2989 coniecit3
581 2914 669 2973 facile
693 2914 773 2972 enim
795 2911 897 2988 potuit
915 2913 991 2971 velle
1010 2911 1065 2988 qui
1082 2912 1223 2971 iuventae

201 2999 335 3061 subsidio
359 3000 480 3062 effectus
503 3001 668 3063 voluntatis
687 3001 797 3061 Furiae
816 3001 937 3061 valebat
956 3001 1078 3078 inplere.
1116 2998 1224 3061 dehinc

202 3088 336 3150 adnectit
353 3089 583 3167 descriptionem
600 3091 731 3151 hominia
751 3110 839 3166 quem
855 3091 901 3152 vis
920 3092 1017 3150 maior
1035 3089 1224 3150 accenderat:
1242 3105 1267 3148 er

275 3230 289 3277 1
313 3230 339 3279 et
360 3224 498 3279 tumidum
521 3241 574 3278 orn.
594 3223 637 3279 ed.
711 3230 727 3278 2
750 3226 839 3292 freteio
860 3231 928 3280 murt
945 3224 971 3278 V
992 3227 1157 3292 fremeeeant
1179 3224 1223 3279 ed.

203 3297 296 3351 toeri
316 3312 370 3349 om.
390 3293 424 3349 V.
456 3296 459 3367 t
489 3297 585 3363 effectu
602 3295 636 3349 V.
710 3298 856 3351 8alienue
873 3296 907 3350 V.
982 3300 1016 3350 10
1034 3296 1102 3365 quid
1120 3312 1175 3351 om.
1189 3294 1223 3349 V.

204 3371 236 3420 11
256 3373 282 3422 te
299 3383 333 3421 ne
350 3364 377 3419 V
395 3366 441 3423 ed.
460 3383 494 3421 ne
512 3373 555 3422 te?
584 3367 587 3437 t
616 3372 765 3422 contemno
783 3366 807 3420 V
827 3370 960 3437 pertineo
978 3367 1021 3421 ed.
1096 3373 1129 3421 12
1148 3373 1224 3423 aute-

203 3438 269 3503 salle‘
286 3437 312 3491 V
332 3444 382 3493 cut
399 3455 434 3493 ne
452 3438 518 3505 fulli
534 3437 621 3493 HOU
636 3439 679 3491 ed.
744 3443 777 3492 17
797 3445 911 3507 supera
927 3438 960 3492 V.
1026 3442 1059 3491 20
1080 3439 1138 3505 fori
1156 3444 1182 3494 et
1199 3436 1225 3491 V

202 3510 279 3575 fieret
302 3508 355 3563 OU
375 3509 418 3564 ed.
442 3510 549 3565 metae
571 3527 630 3565 noe.
713 3515 747 3564 22
769 3511 898 3576 fucem-
916 3514 950 3563 23
969 3511 1085 3565 coniecit
1106 3527 1160 3565 om.
1180 3509 1224 3564 ed.

196 3585 235 3630 24
247 3582 415 3645 fumantum
433 3582 556 3637 iacerem
571 3580 598 3634 V
614 3582 768 3647 fumantem
785 3582 879 3636 inveni
898 3579 942 3635 ed.
960 3581 1114 3646 furiantem
1132 3583 1164 3636 ire
1181 3583 1224 3636 iae·

182 3661 281 3730 cenqm
298 3667 361 3706 noe.
440 3658 475 3708 26
495 3654 651 3711 inmensam
669 3650 695 3707 V
714 3653 853 3709 intensum
871 3669 923 3707 nos
944 3653 1061 3718 induero
1079 3652 1165 3706 HOU
1179 3652 1224 3707 ed

167 3716 210 3763 28
226 3734 360 3777 iuuenem
385 3724 413 3779 V
429 3729 461 3783 a'n
482 3729 502 3785 ι’.
523 3746 578 3786 noe
598 3726 766 3787 invented.
