2725 4150
436 1003 671 1071 AENEIDOS
695 1004 830 1071 LIBER
847 1005 904 1071 IX.

234 1153 330 1228 Atque
344 1171 379 1213 ec
393 1154 511 1212 diuersa
525 1155 645 1227 penitus
659 1154 730 1213 olma
743 1158 831 1228 parte
848 1158 1004 1229 quanter:
1023 1174 1090 1214 cum
1103 1155 1185 1231 haec,

163 1243 272 1319 inquit,
290 1245 323 1301 in
341 1243 481 1303 interiore
500 1245 530 1301 et
548 1243 684 1321 longiore
703 1247 788 1320 parte
807 1245 975 1322 agerentur,
988 1245 1045 1304 hoc
1059 1247 1105 1305 est
1119 1264 1186 1304 cum

164 1333 253 1392 armis
273 1332 450 1392 caelestibus
469 1334 500 1391 et
518 1332 638 1391 auxiliis
654 1334 854 1392 instrueretur
868 1333 994 1408 Aeneas,
1009 1353 1084 1409 quos
1099 1337 1185 1393 actus

162 1422 302 1481 habuerit
320 1423 439 1481 Turnus
457 1425 548 1496 poeta
571 1421 721 1482 describit.
759 1422 827 1482 vult
844 1424 923 1480 euim
943 1422 1097 1481 ostendere
1116 1442 1184 1481 con-

133 1532 145 1572 5
163 1511 320 1586 paratione
338 1512 421 1570 facta
440 1511 540 1586 qualis
553 1512 671 1571 Aeneas
690 1512 722 1569 in
741 1511 974 1590 cogitationibus
990 1511 1072 1586 belli,
1086 1512 1185 1587 qualis

163 1600 255 1659 fuerit
268 1601 394 1660 Turnus.
426 1600 459 1659 in
477 1601 575 1677 prima
594 1601 705 1677 quippe
723 1604 810 1677 parte
829 1602 929 1660 octavi
945 1601 1016 1660 libri
1030 1593 1103 1681 (26)
1117 1619 1185 1660 con-

164 1691 314 1765 petentem
327 1690 392 1749 viro
407 1690 562 1749 Dardanio
581 1690 813 1749 sollicitudinem
832 1690 915 1749 dedit
934 1689 1101 1751 describens
1118 1709 1187 1748 eum

165 1778 207 1836 sic
225 1780 292 1837 tota
308 1782 407 1838 mente
425 1779 517 1838 fuisse
534 1798 720 1856 suspensum,
734 1781 779 1854 ut,
794 1799 863 1838 cum
877 1782 955 1840 esset
968 1798 1027 1839 nox
1041 1782 1071 1838 et
1085 1781 1187 1838 omnia

165 1867 284 1925 silentio
315 1871 346 1927 et
374 1869 471 1927 somni
500 1869 602 1945 requie
633 1871 815 1945 tenerentur,
845 1869 927 1929 solus
956 1869 1021 1946 ipse
1044 1869 1187 1948 vigilaret

121 1978 146 2015 10
165 1955 219 2014 sub
244 1957 325 2014 caelo
348 1959 378 2016 et
400 1958 465 2016 loco
489 1958 589 2035 gelido
618 1960 813 2035 constitutus,
841 1959 1039 2035 procumbens
1063 1958 1095 2016 in
1117 1960 1186 2034 ripa

164 2045 307 2120 fluminis,
326 2065 386 2106 non
403 2047 518 2122 iacens,
537 2047 591 2106 ubi
609 2066 644 2107 ex
662 2048 818 2110 vicinitate
837 2048 1016 2127 frigidarum
1036 2067 1185 2125 aquarum

165 2138 341 2195 acerrimum
363 2137 460 2215 frigus
480 2140 511 2195 et
529 2136 724 2197 durissimum
742 2138 814 2213 fuit,
836 2138 1013 2214 tardiusque
1032 2138 1186 2213 dormisse,

163 2244 223 2283 non
246 2226 426 2302 voluptatis,
455 2229 491 2285 ut
513 2227 669 2303 apparuit,
698 2246 802 2303 causa,
833 2228 885 2288 sed
907 2231 942 2287 ut
965 2246 1032 2287 cum
1056 2246 1089 2286 eo
1114 2227 1185 2286 deus

163 2334 198 2373 ex
231 2316 385 2374 occasione
415 2315 500 2391 loqui
530 2336 658 2392 eumque
689 2336 826 2376 securum
855 2317 976 2375 reddere
1008 2319 1039 2375 et
1067 2316 1185 2375 firmme

119 2423 144 2462 15
164 2404 288 2463 consilio
311 2404 468 2481 potuisset.
507 2424 572 2464 ecce
596 2408 626 2465 et
644 2405 693 2465 hic
711 2406 845 2465 laborem
862 2405 1026 2464 maximum
1045 2404 1186 2480 suscepit,

163 2494 293 2569 perrexit
317 2493 356 2552 ad
382 2496 514 2553 remotas
541 2495 661 2569 penitus
693 2496 803 2572 partis,
836 2495 951 2554 scilicet
973 2495 1117 2553 venturus
1140 2495 1186 2551 in-

164 2582 313 2642 structior.
354 2584 470 2642 interea
493 2585 615 2659 propter
637 2602 688 2643 eos
712 2583 765 2660 qui
788 2582 825 2642 ab
848 2583 1005 2641 intellectu
1026 2581 1185 2641 manifesto

164 2672 274 2731 diversi
297 2674 369 2731 sunt
391 2674 421 2731 et
443 2674 554 2748 putant
576 2672 726 2733 diversam
748 2674 866 2749 partem
890 2672 977 2748 quasi
999 2670 1185 2731 aduersario-

163 2782 231 2819 rum
254 2760 364 2820 dixisse
377 2761 547 2840 Vergilium
565 2762 712 2821 addamus
732 2762 914 2836 exemplum,
938 2763 975 2820 ut
993 2761 1185 2822 ostendamus

118 2870 145 2907 ao
164 2852 282 2909 diversa
300 2854 386 2926 parte
404 2851 525 2929 lougius
545 2853 686 2927 separata
700 2850 877 2929 significare.
906 2852 1017 2927 quippe
1032 2852 1065 2909 in
1080 2852 1185 2928 quinto

163 2940 240 2998 libro
266 2932 362 3022 (166)
391 2940 435 2999 ait
462 2960 544 3015 „quo
575 2940 710 3001 diuersus
741 2938 826 2999 abis?
865 2940 976 2999 iterum
1005 2943 1074 3016 pete
1104 2959 1186 3014 saxa,

163 3026 332 3104 Menoete“‚
362 3029 418 3088 hoc
442 3032 488 3088 est
514 3029 677 3105 plurimum
702 3050 720 3089 a
742 3032 823 3089 meta
846 3033 878 3089 et
905 3048 992 3089 cursu
1020 3029 1185 3089 necessario

164 3120 329 3194 separatus.
383 3119 457 3177 item
488 3118 521 3176 in
552 3120 609 3178 hoo
640 3119 717 3179 libro
750 3111 846 3201 (691)
884 3120 926 3178 sic
962 3120 1096 3195 positum
1127 3120 1185 3176 est:

164 3208 301 3280 „ductori
320 3209 422 3267 Turno
446 3206 564 3267 diuersa
586 3209 618 3267 iu
640 3210 727 3285 parte
745 3206 889 3284 fruenti“,
906 3210 963 3267 hoc
982 3211 1027 3267 est
1046 3226 1064 3265 a
1083 3208 1185 3265 Troia·

237 3366 250 3413 1
275 3367 358 3429 utque
381 3360 424 3414 ed.
503 3361 569 3414 tire
587 3361 717 3415 interiore
730 3360 756 3411 V
776 3361 885 3416 diense
903 3361 946 3413 ed.
977 3358 980 3431 l
1014 3360 1140 3429 longiora
1160 3357 1186 3411 V

164 3434 207 3485 ·rr'
230 3432 273 3486 ed.
309 3433 312 3505 l
347 3437 489 3500 egereretur
506 3430 532 3483 V
554 3438 700 3500 comentur
723 3432 766 3485 ed.
789 3436 964 3503 gererentur?
1037 3436 1053 3484 6
1077 3431 1141 3485 belli
1160 3429 1187 3484 V

164 3505 187 3555 b.
204 3510 229 3558 et
247 3504 290 3557 ed.
343 3508 376 3556 10
394 3505 426 3556 ire
443 3504 535 3571 rabam
548 3501 582 3567 V,
602 3501 652 3555 sed
670 3502 701 3555 in
719 3502 784 3556 Vlll
802 3506 834 3557 irc
851 3504 923 3572 ripa.
975 3508 1009 3555 14
1027 3502 1147 3568 {minure
1160 3500 1187 3552 V

159 3591 234 3696 dom
250 3574 313 3716 eds
345 3581 378 3628 24
397 3574 506 3701 dumoiri
522 3575 618 3630 Turno
633 3590 690 3630 om.
704 3574 750 3631 ed.
763 3574 775 3649 l
788 3575 901 3631 diuersa
913 3572 1028 3642 uomet
1041 3612 1052 3636 g
1063 3574 1102 3622 ut
1112 3572 1213 3619 affl*-

177 3663 231 3697 ‚m
243 3662 274 3711 ,0.
340 3663 359 3699 a
378 3662 465 3702 ome
488 3692 493 3703 .
