2725 4150
213 348 280 414 594
496 344 637 400 DONATI
654 345 824 399 INTERPR.
839 343 947 398 VERG.

212 534 321 572 nomen
338 514 433 592 igitur
450 514 558 572 habuit
576 515 639 588 avi,
656 511 766 573 nobilis
784 515 855 588 viri,
877 512 964 573 factis
983 516 1086 574 autem
1104 513 1232 574 fortibus

212 604 359 662 Dolonem
385 602 558 663 reddiderat
584 605 710 680 patrem.
755 602 804 661 hic
827 603 926 662 Dolon
948 604 1036 662 tanta
1063 605 1234 663 constantia

212 693 284 768 fuit,
310 694 344 751 ut
365 692 438 751 belli
460 691 584 751 Troiani
606 693 740 768 tempore
762 694 795 750 in
819 694 917 751 castra
931 690 1104 767 Graiorum,
1128 693 1156 754 si
1178 692 1234 753 sibi

212 802 266 860 pro
290 780 402 840 laboris
425 782 580 841 commodo
603 781 811 841 decerneretur
833 780 960 841 Achillis
983 800 1088 841 currus
1093 826 1233 857 .......

215 915 760 930 .........................
782 870 867 928 attae
882 871 1010 946 ltdtdes
1029 871 1088 930 atto
1097 889 1157 945 pro
1171 872 1235 931 tali·
1260 889 1269 928 1

213 963 267 1019 tas
290 961 374 1018 ausis
397 961 494 1033 offacit
511 961 618 1033 pretio,
642 977 735 1033 acque
757 960 837 1034 equis
860 960 996 1034 adspirat
1017 957 1159 1020 Achillas:
1180 961 1235 1020 hoo

212 1050 393 1125 promissum
407 1067 461 1109 neo
475 1049 633 1126 adgressus
648 1051 694 1108 est
707 1067 761 1108 nco
774 1049 914 1125 inplevit3
932 1049 1036 1126 rapuit
1052 1050 1134 1109 enim
1146 1051 1235 1140 huius

213 1140 309 1197 vitam
329 1136 488 1197 Diomedes
512 1141 543 1197 et
565 1139 692 1198 consilia
715 1137 778 1198 eius
802 1139 924 1198 virtutis
948 1139 1129 1198 auctoritate
1152 1157 1236 1217 prae·

214 1228 306 1286 vertit
329 1247 455 1304 sumque
479 1227 581 1287 docuit
605 1228 704 1304 spolia
730 1246 791 1287 non
814 1247 957 1304 quaerere
980 1228 1124 1288 fortioris.
1160 1229 1237 1288 hanc

211 1317 327 1389 procat,
351 1317 384 1376 id
407 1318 453 1376 est
476 1316 628 1375 Eumedes
655 1315 815 1392 iuniorem,
844 1321 878 1375 at
900 1335 1001 1390 acopo
1026 1318 1149 1378 Turnus
1166 1335 1237 1392 pro-
1254 1337 1275 1375 rc

214 1406 308 1479 spexit
329 1409 442 1478 aperto,
471 1409 539 1465 aate
564 1405 620 1464 teat
646 1407 744 1466 iaculo
772 1406 889 1481 aarum
913 1423 968 1480 per
994 1408 1085 1466 iaaac
1107 1411 1238 1467 scasas:

214 1496 293 1554 hunc
307 1495 426 1555 Turnus
445 1514 514 1554 cum
527 1495 632 1571 procul
648 1494 774 1555 vidisset
792 1487 866 1577 (fuit
884 1497 964 1555 enim
981 1496 1100 1574 longius
1116 1495 1239 1557 videndi

214 1583 355 1660 proclivis
379 1583 509 1660 occasio,
537 1585 682 1660 quoniam
704 1585 782 1644 hano
809 1584 903 1644 dabat
929 1585 1098 1661 aequalitas
1127 1587 1239 1646 diffusa

216 1665 411 1755 camporum),
425 1673 571 1733 aviditate
585 1672 712 1733 feriendi
724 1676 906 1750 provocatus
920 1674 1019 1734 iaculo
1031 1676 1134 1752 potius
1149 1676 1240 1736 celeri

215 1782 306 1839 quam
328 1763 466 1822 manibus
488 1763 601 1839 tenuit3
627 1763 730 1839 potuit
757 1763 834 1824 enim
862 1764 1012 1824 maturius
1039 1764 1106 1823 fieri
1128 1766 1164 1824 ut
1187 1785 1240 1842 per
1257 1781 1281 1822 11

214 1852 303 1910 inane
334 1852 465 1912 volitans
493 1853 583 1912 hasta
613 1851 709 1929 ipsius
737 1852 900 1913 adventum
927 1853 1022 1912 Turni
1047 1855 1241 1930 praeveniret

153 1943 245 2000 aocet
268 1942 408 2000 vinceret.
440 1942 518 2000 sistit
539 1958 625 2014 equos
649 1943 756 2016 titaats
779 1946 806 2000 ct
823 1959 913 2000 curra
931 1942 1028 2001 desilit
1045 1947 1132 2016 atque
1153 1945 1241 2002 semi-

216 2031 309 2090 aataa'
342 2031 480 2105 lapsoque
510 2032 692 2105 sapaceae't:
728 2049 794 2091 ecoe
826 2033 975 2108 quantum
1006 2031 1122 2110 proluit
1153 2035 1242 2095 missi

216 2120 353 2179 celeritas
375 2119 479 2196 iaculi,
507 2120 546 2196 si,
575 2120 706 2180 adeum
729 2121 849 2181 Turnus
872 2139 940 2180 cum
964 2124 1149 2199 supervenit,
1177 2123 1241 2183 iam

215 2211 331 2286 lapsus,
353 2209 415 2268 iam
438 2209 621 2269 semianimis
644 2209 713 2269 fuit.
743 2210 946 2284 carcerato
969 2212 1102 2283 tapresso
1121 2212 1242 2273 άεωίναο
1259 2230 1281 2271 rs

215 2316 382 2358 maoroacra
408 2303 554 2373 extorquet
581 2304 606 2357 et
633 2300 692 2358 atto
719 2300 877 2374 fataeataa
904 2300 988 2375 ta'nqa't
1014 2300 1130 2375 taqalo:
1163 2320 1241 2379 quac

216 2408 283 2447 oum
306 2389 351 2448 ita
374 2391 484 2464 essent,
508 2390 618 2466 pressit
635 2388 710 2465 pede
733 2389 844 2448 collum
865 2389 927 2448 eius
948 2388 986 2448 ad
1004 2391 1116 2449 terram
1136 2393 1168 2449 et
1186 2410 1241 2451 suo

216 2478 302 2536 illum
325 2478 427 2557 gladio
449 2478 608 2556 iugulavit.
654 2478 767 2537 iratum
789 2477 888 2537 voluit
910 2478 1046 2537 Tamum
1074 2481 1242 2557 ostendere,

215 2570 252 2625 ut
269 2567 409 2627 morienti
428 2568 519 2627 etiam
533 2568 668 2647 gladium
688 2568 750 2628 alto
771 2567 895 2627 satiaret
913 2568 944 2625 in
962 2567 1080 2646 iugu103
1100 2571 1242 2644 ceterum,

217 2656 243 2714 si
265 2657 321 2716 hoc
348 2676 409 2715 non
436 2658 567 2733 fecisset,
596 2661 763 2718 moreretur
789 2676 825 2715 ex
849 2657 947 2734 primo
975 2658 1105 2717 vulnere.
1143 2678 1242 2736 usque
1259 2677 1281 2717 rs

218 2746 291 2804 adeo
315 2751 497 2807 commotum
525 2750 682 2825 expressit,
709 2749 746 2806 ut
773 2748 968 2823 sequerentur
990 2748 1021 2805 et
1047 2746 1139 2807 verba
1162 2767 1242 2825 quae

218 2853 350 2912 congrua
365 2839 451 2896 erant
464 2837 558 2898 facto:
577 2856 613 2896 oa
631 2853 718 2911 aqroo
735 2840 761 2895 et
779 2853 867 2909 quara
886 2836 967 2904 bollo,
987 2836 1124 2906 Troiana,
1141 2838 1243 2911 petisti

291 3031 304 3077 1
324 3031 489 3080 aoruca-2
501 3032 610 3093 patrem
628 3039 681 3075 om.
698 3022 741 3076 ad.
763 3022 766 3094 l
788 3025 868 3079 lactis
881 3024 907 3078 V
920 3026 1004 3092 factis
1017 3041 1076 3078 nos.
1139 3031 1243 3097 dyra-

218 3098 307 3149 ioram
321 3096 347 3148 V
360 3098 514 3165 speculator
526 3097 579 3150 iret
592 3092 656 3147 add.
672 3093 716 3147 ed.
740 3093 742 3165 l
763 3096 789 3149 oi
801 3094 827 3148 V
842 3112 895 3150 om.
906 3095 959 3149 ch
973 3102 999 3151 ct
1012 3095 1082 3150 eds.
1139 3103 1157 3151 4
1176 3100 1243 3167 post

218 3184 317 3221 currus
339 3167 447 3236 aliquid
471 3166 609 3221 excidisse
627 3167 720 3233 patet,
739 3165 859 3220 fortasse
877 3168 1072 3236 spcwtatorem
1089 3184 1118 3223 sc
1135 3169 1243 3224 itteram

215 3240 384 3306 yuomittaret
398 3238 432 3291 of.
442 3239 493 3293 troc
502 3238 668 3305 prmarssam
681 3254 705 3291 v.
717 3241 778 3291 851.
830 3243 845 3291 6
859 3255 945 3307 acqua
954 3238 981 3292 V
990 3239 1034 3293 ed.
1048 3255 1098 3293 acc
1111 3238 1243 3308 plerique

219 3310 301 3378 Verg.
316 3309 390 3363 libri.
446 3314 461 3361 ‘1
480 3310 564 3362 taius
576 3308 602 3362 V
616 3308 675 3361 cias
689 3308 732 3363 ed.
790 3313 805 3361 9
822 3326 935 3379 caraque
949 3309 975 3363 V
988 3327 1101 3380 cumque
1114 3325 1185 3367 corr.
1196 3312 1243 3366 ed.

220 3386 253 3433 10
279 3384 328 3435 troc
352 3387 392 3435 cot
415 3380 459 3434 ed.
495 3378 499 3450 Ι
533 3395 563 3434 co
590 3380 686 3434 medea
707 3379 741 3434 V.
825 3386 857 3433 13
883 3398 966 3449 qucum
991 3383 1064 3438 haar
1088 3383 1169 3438 daret
1196 3384 1242 3438 ed.

220 3457 253 3504 19
272 3451 351 3506 sicV
368 3454 393 3505 si
411 3451 455 3505 ed.
483 3450 486 3521 l
516 3449 605 3505 csch
623 3467 686 3505 cam
704 3451 747 3506 ed.
817 3456 851 3503 20
870 3452 989 3519 colloque
1003 3453 1036 3507 V.
1102 3459 1135 3507 21
1156 3456 1243 3511 ta'aoeit

219 3523 262 3576 ed.
292 3524 294 3593 l
322 3524 413 3577 iaculo
431 3522 464 3577 V.
533 3526 567 3575 28
585 3522 628 3576 ita
645 3529 704 3577 tum
717 3522 744 3576 V
761 3524 865 3577 iratum
884 3521 927 3577 ed.
996 3529 1030 3578 24
1049 3526 1109 3580 alta
1125 3528 1244 3583 satiaret

422 3593 448 3738 l
466 3593 793 3741 carrarca
853 3592 1243 3732 catara-ca·

187 3749 334 3807 arcerent
351 3742 428 3800 edF,
457 3744 462 3820 Ι
490 3750 576 3817 atque
594 3742 664 3801 haec
680 3742 797 3809 mmor
817 3735 898 3791 odda
909 3733 1047 3787 lemnes
1058 3736 1194 3798 ora-effi
1207 3740 1255 3789 ad,
