2725 4150
560 290 744 347 AENEOEOS
762 290 816 345 Χ]
925 351 928 354 ⁴
1126 293 1192 360 457

171 460 238 520 istis
262 462 292 521 et
315 461 391 521 velle
414 464 445 520 et
471 463 603 521 statuere
627 477 720 537 quam
747 478 826 520 nuno
855 458 964 537 cupitis
992 459 1122 519 definire.
1169 464 1196 520 et

170 552 271 624 fuerat
290 551 395 609 melius
412 567 472 610 nore
491 554 615 624 tempore
633 551 688 609 tati
705 567 803 625 copore
821 550 987 618 eonditum,
1011 566 1078 608 oure
1094 566 1195 608 muros

171 639 286 699 adsidet
307 640 411 699 mets:
434 659 469 699 ex
491 639 579 699 istius
601 657 730 716 persona
749 638 803 699 dat
819 638 990 698 hominibus
1013 640 1104 714 poeto
1127 656 1194 698 oon·

172 729 273 788 silium
291 728 373 803 quod
389 728 423 787 in
440 728 528 788 rebus
543 728 643 789 dubiis
662 729 837 805 asperisque
854 730 1006 788 sectentur
1023 725 1194 804 adseritque

141 819 254 894 equod
276 837 380 878 revera
402 817 591 894 probandum
614 820 672 893 est,
695 816 821 878 vitanda
844 835 907 878 esse
931 818 1094 893 antequam
1111 817 1194 878 veni·

172 909 227 967 ant
244 908 326 966 mala
345 927 435 985 quem
454 906 638 984 expectanda
652 907 725 966 dum
739 910 874 984 serpant3
892 905 966 984 quid
979 906 1060 967 enim
1076 906 1195 982 melius,

172 996 245 1075 quid
263 995 368 1072 tutius,
387 996 459 1074 quid
477 999 578 1073 potest
594 995 719 1073 reperiri
736 997 939 1074 praestantius
959 1015 1051 1072 quam
1067 998 1103 1056 ut
1115 997 1193 1055 trao-

171 1089 253 1146 tatus
277 1087 430 1146 oommode
452 1086 674 1162 salubriterque
701 1086 863 1147 volvantur
890 1088 921 1145 et
947 1085 1073 1164 integris
1097 1085 1194 1146 adhue

170 1176 260 1234 rebus
280 1178 371 1252 etque
389 1175 422 1234 in
440 1193 495 1236 suo
514 1177 598 1235 stetu
615 1175 807 1235 manentibus
825 1173 1037 1252 praevideatur
1053 1175 1193 1252 quemad·

127 1285 153 1324 ro
171 1264 292 1324 modum
309 1265 481 1343 ingruentia
498 1265 580 1325 mala
598 1265 785 1324 declinentur
803 1267 833 1323 et
850 1264 920 1341 plus
937 1265 1091 1324 metuatur
1109 1264 1194 1324 dimi·

172 1355 298 1414 cationis
317 1355 464 1413 incertum
482 1373 575 1430 quam
592 1354 705 1414 fidatnr
723 1353 795 1414 solis
813 1353 964 1430 prosperis
982 1352 1092 1413 rebus?
1114 1356 1192 1414 trao-

171 1443 356 1520 tantumque
379 1463 417 1502 ne
435 1446 541 1519 pereat
557 1445 690 1520 tempure,
712 1446 748 1503 ut
767 1442 928 1520 prolixiore
952 1442 1013 1517 die,
1037 1442 1109 1501 dum
1124 1443 1193 1503 suff·

170 1536 296 1610 regatur
319 1534 415 1592 otium
438 1535 470 1592 et
486 1532 592 1609 procui
614 1535 661 1592 est
682 1532 793 1609 hostie,
815 1532 900 1592 utilis
924 1531 1021 1592 exitus
1044 1533 1193 1592 tractatus

170 1621 313 1682 inveniet.
346 1621 384 1680 ad
405 1623 479 1681 haee
499 1622 649 1682 noscenda
666 1640 726 1681 non
745 1621 806 1682 fuit
827 1621 927 1700 segnis
945 1619 1086 1696 Latinus,
1109 1639 1193 1697 prae·

127 1735 152 1774 rs
171 1713 254 1770 venit
272 1712 384 1788 quippe
409 1711 509 1771 omnia
527 1713 618 1788 atque
637 1711 670 1770 in
688 1711 762 1788 ipsis
782 1711 912 1771 exordiis
930 1709 1004 1770 belli
1025 1710 1098 1786 quid
1120 1708 1195 1770 mali

170 1802 308 1860 futurum
331 1803 409 1860 esset
431 1800 570 1860 ostendit.
607 1800 744 1860 homines
768 1800 841 1876 quin
871 1799 963 1859 etiem
991 1800 1121 1876 deosque
1150 1803 1194 1860 te·

171 1892 269 1949 status
292 1892 338 1949 est
360 1909 392 1950 se
414 1889 453 1948 ab
476 1909 511 1950 eo
536 1890 645 1950 seelere
669 1889 751 1965 quod
773 1890 934 1968 gerebatur
957 1889 1101 1965 alienum,
1123 1889 1193 1949 illos

171 1979 267 2039 omnis
291 1981 321 2038 et
344 1979 493 2054 Turnum,
518 1980 551 2038 ni
579 1977 778 2055 quievissent,
806 1978 1017 2057 gravissimum
1038 1978 1193 2040 interium

171 2074 351 2129 secuturum.
397 2069 525 2145 denique
547 2069 580 2129 in
602 2068 678 2129 libro
707 2069 835 2144 septimo
864 2069 1024 2145 oonplexue
1052 2071 1098 2129 est
1123 2068 1192 2145 ista,

126 2181 153 2219 ro
170 2162 275 2234 utpote
300 2157 353 2236 qui
375 2158 464 2219 eoiret
487 2159 561 2236 quid
583 2157 769 2219 ostenderint
791 2176 876 2235 apes,
904 2157 977 2235 quid
1003 2160 1193 2219 nuntiassent

170 2247 288 2306 infinita
307 2251 460 2325 portenta,
480 2247 553 2325 quid
570 2248 650 2308 ratis
667 2247 827 2324 Faunique
847 2266 990 2324 responsa
1007 2246 1193 2323 cecinissent,

171 2339 318 2413 quantum
340 2337 486 2397 valuisset
508 2337 676 2398 custoditae
693 2336 870 2397 beneficium
887 2335 970 2412 pacis
990 2339 1020 2395 et
1037 2335 1123 2413 regni
1145 2336 1194 2396 sui

170 2426 355 2503 temporibus
378 2426 469 2505 longo
488 2444 562 2487 aevo
585 2429 705 2487 servato
726 2426 942 2504 tranquillitas.
980 2443 1039 2485 vox
1061 2424 1123 2484 eius
1147 2427 1194 2485 eet

171 2508 215 2596 (7,
229 2508 309 2596 594)
328 2515 519 2593 „frangimur
536 2516 596 2574 heu
613 2516 687 2576 fatie
705 2515 887 2593 terimurque
901 2513 1043 2591 procella,
1060 2513 1120 2590 ipsi
1137 2514 1192 2575 hos

125 2625 152 2665 rs
171 2605 316 2683 sacrilego
345 2606 482 2681 pendetis
507 2604 654 2683 sanguine
676 2623 803 2681 poenas,
831 2624 848 2664 o
871 2603 987 2679 miseri,
1014 2604 1056 2678 te,
1085 2602 1192 2680 Turne,

171 2694 264 2769 nefas,
278 2697 308 2753 te
327 2694 413 2755 triste
429 2694 564 2754 manebit
581 2694 764 2771 supplicium
777 2694 916 2770 votisque
930 2692 1000 2753 deos
1014 2692 1192 2753 uenerabere

171 2782 262 2858 seris3
285 2802 355 2842 nam
377 2784 454 2842 mihi
475 2785 565 2861 parta
587 2784 672 2861 quies
696 2783 852 2859 omnisque
875 2784 907 2841 in
929 2782 1033 2841 limine
1055 2780 1193 2858 portus“.

170 2873 243 2931 haeo
261 2876 363 2948 posset
376 2872 504 2933 Latinus
522 2874 633 2932 iterum
648 2890 889 2946 commemorare,
908 2872 935 2931 si
952 2871 1193 2949 obiurgationem

170 2965 288 3037 tempus
317 2962 502 3039 admitteret3
533 2962 566 3021 in
592 2962 649 3021 hae
677 2962 758 3021 enim
784 2961 943 3021 insultatio
969 2961 1071 3038 potius
1099 2980 1191 3037 quam

125 3072 152 3110 so
171 3050 362 3111 commonitio
381 3050 482 3128 potuit
499 3050 661 3111 aestimari.
693 3051 791 3110 utitur
808 3050 876 3109 miti
894 3052 925 3109 et
942 3050 1108 3127 tranquilla
1127 3068 1192 3109 ora·

170 3141 266 3216 tione3
289 3141 480 3217 perturbatos
503 3140 582 3200 enim
598 3139 802 3201 multitudinis
821 3138 937 3201 animos
958 3157 1017 3198 non
1035 3140 1138 3216 posset
1159 3138 1192 3197 in

171 3248 220 3288 eas
250 3249 324 3306 ques
352 3233 425 3289 tuno
453 3248 573 3307 quoque
603 3249 664 3289 non
691 3228 792 3307 potuit
819 3230 914 3306 partis
942 3228 1103 3303 adducere,
1132 3227 1192 3287 nisi

170 3322 303 3394 parentis
332 3320 431 3379 animo
459 3321 490 3380 et
516 3318 702 3380 sermonibus
727 3321 866 3379 uteretur
887 3336 942 3394 pro
966 3336 1057 3379 eausa
1080 3317 1191 3377 feoien·

244 3478 257 3524 1
278 3479 396 3529 uetuere
414 3489 496 3541 quom
509 3472 536 3527 V
550 3471 593 3527 ed.
612 3477 731 3527 etatem
744 3488 801 3526 rem
814 3476 857 3539 q?
876 3470 924 3541 (ad
938 3470 1052 3538 definire
1068 3469 1103 3525 oi.
1119 3472 1191 3535 etei.

172 3544 311 3598 sedetet
323 3543 357 3599 V.
422 3542 578 3613 tquomV
595 3559 680 3611 neque
699 3542 743 3597 ed.
810 3547 843 3597 18
862 3540 1039 3611 proauiamV
1065 3555 1145 3591 eom.
1161 3538 1215 3585 eu.

172 3622 205 3669 14
224 3616 311 3685 siquis
324 3614 350 3669 V
364 3632 434 3670 oorr.
449 3616 492 3671 ed.
548 3618 582 3670 18
600 3612 839 3687 inquietiseeotV
862 3615 899 3669 rut
917 3630 968 3683 qu.
981 3611 1032 3666 ab.
1084 3609 1130 3657 ub
1147 3612 1236 3653 uore-

166 3703 260 3740 meere
277 3686 379 3744 Veorr,
396 3688 439 3743 ed.
516 3693 551 3746 28
571 3689 700 3749 latiorem
710 3688 740 3747 V
759 3706 838 3746 sorr.
852 3686 904 3745 ed.
