2725 4150
532 338 769 395 cauamosix
1098 341 1162 408 185

143 511 252 578 Turne,
275 508 386 586 inquit,
404 509 481 581 qood
499 510 612 582 optumi
630 508 732 567 diocia
744 509 914 582 promittere
931 524 1015 567 acmo
1034 509 1162 578 audaci,
1191 521 1207 569 e

141 599 284 657 volvendo
308 598 370 657 dics
394 615 429 656 en
453 599 550 657 acccc
570 598 662 657 ultro:
685 597 793 672 Turne,
818 599 875 672 ait,
900 599 954 673 qui
976 597 1069 656 saluti
1090 601 1162 658 tuae

142 688 300 764 profutura
322 690 453 747 tractare
476 706 536 746 non
559 689 654 761 nosti,
684 688 766 746 ultro
790 688 953 746 occurrisse
980 705 1040 745 non
1068 689 1161 746 sentis

144 777 224 853 quod
252 779 390 853 optatum
417 776 635 853 multiplicibus
663 778 757 851 votis,
791 778 910 836 etiamsi
942 776 1077 836 faverent
1108 796 1162 835 nu-

109 869 237 940 smina,
268 869 421 943 praestare
450 885 511 925 non
541 864 683 942 possent?
719 885 779 926 non
808 865 916 941 arripis
946 864 1025 942 quod
1056 867 1162 941 sponte

144 956 253 1015 detulit
285 955 348 1015 dies
380 957 543 1032 oportuna,
581 954 653 1013 dum
686 953 838 1015 volvitur?
883 952 1002 1013 Aeneas
1033 956 1105 1014 wrbc
1137 958 1164 1014 ct

142 1046 228 1103 sociis
260 1049 287 1103 et
322 1045 415 1104 classa
450 1045 552 1103 relicto
587 1048 702 1117 seeptro
737 1044 871 1102 Palatini
906 1044 1058 1117 sederitque
1090 1044 1164 1119 petit

141 1134 300 1206 Euandrc';
328 1151 380 1193 nec
406 1135 493 1203 sotis,
522 1137 665 1193 extremos
691 1131 808 1207 Corythi
830 1135 997 1206 penetrato
1019 1134 1056 1192 ab
1079 1133 1163 1192 wrbis
1173 1143 1207 1192 10

142 1223 351 1297 [odoremque
366 1241 495 1292 monum,
515 1223 643 1282 collectos
661 1225 761 1281 armat
778 1223 908 1296 eprcstc‘s.
941 1222 1012 1296 quid
1024 1223 1162 1282 dubitas?

95 1335 123 1374 ro
142 1331 221 1371 lieno
247 1316 360 1386 tempos
388 1328 488 1384 equos,
518 1329 599 1370 canc
624 1328 743 1385 poscere
774 1328 887 1370 corros.
932 1328 1036 1384 rmnpc
1062 1329 1163 1371 moras

141 1403 236 1459 omnis
266 1406 293 1460 et
321 1403 440 1461 turbato
470 1402 569 1475 arripe
599 1405 713 1460 castro:
747 1400 821 1459 haec
853 1400 944 1459 dictio
976 1400 1162 1460 intellectum

141 1491 339 1567 multiplicem
356 1492 451 1565 tenet3
469 1490 560 1550 babet
579 1492 658 1549 enim
676 1508 712 1549 ex
730 1509 792 1549 una
810 1492 896 1566 parte
915 1489 1162 1564 exhortationem,

141 1584 286 1639 terrorem
309 1598 379 1640 vero
403 1582 434 1638 et
456 1579 699 1658 obiurgationem
721 1597 756 1638 ex
780 1579 858 1638 aliis.
899 1596 970 1636 nam
989 1578 1071 1655 quod
1089 1578 1163 1638 dicit

141 1670 264 1727 Aenean
296 1669 460 1746 longinqua
492 1669 633 1744 petivisse
665 1669 752 1728 tanto
784 1668 899 1743 labore,
931 1669 967 1726 ut
995 1686 1091 1744 usque
1124 1667 1163 1727 ad

95 1779 121 1819 ιο
141 1757 317 1816 Euandrum
340 1758 568 1835 Tyrrhenosque
604 1759 760 1835 pervenire
794 1757 956 1834 potuisset,
992 1756 1162 1835 obiurgatio

142 1847 205 1905 eius
236 1849 282 1906 est
311 1848 364 1923 qui
394 1847 548 1907 nesciebat
578 1847 694 1906 inimici
726 1848 874 1906 tractatus
907 1847 937 1906 et
964 1849 1058 1924 gesta.
1110 1846 1162 1905 ille

143 1937 223 1993 enim
255 1934 373 2014 inpiger
401 1936 549 2014 vigilabat
577 1936 739 2013 providens
769 1935 905 2012 partibus
936 1935 1011 2011 suis,
1044 1935 1162 1996 Turnus

143 2024 265 2085 sedebat
283 2024 448 2101 periculum
467 2045 554 2086 suum
572 2045 633 2085 non
651 2027 799 2105 cogitans,
819 2027 941 2086 trahens
960 2025 1057 2086 otium
1076 2026 1163 2104 quasi

143 2114 251 2189 quietis
280 2115 426 2176 omnibus.
473 2115 555 2193 quod
581 2134 651 2175 vero
680 2116 792 2176 armari
819 2116 962 2192 populos,
991 2115 1059 2194 cogi
1086 2116 1164 2175 dixit

96 2222 124 2262 ao
143 2205 269 2281 agrestis
293 2204 332 2263 ad
353 2205 479 2280 bellum,
502 2205 644 2265 iniciendi
666 2206 791 2265 terroris
815 2224 906 2264 causa
929 2206 983 2264 est.
1025 2205 1162 2265 exhorta·

141 2293 233 2353 tionis
256 2296 358 2370 partes
382 2297 454 2353 sunt
475 2296 545 2369 hae,
569 2294 650 2370 quod
672 2294 785 2355 relictis
808 2294 891 2369 urbe,
914 2293 1050 2368 navibus,
1074 2294 1162 2354 sociis

140 2383 307 2460 longinqua
334 2383 504 2460 penetravit
526 2384 657 2458 Aeneas,
685 2386 804 2461 tempus
832 2401 895 2443 esse
921 2386 970 2458 ut,
998 2385 1163 2459 antequam

139 2473 306 2531 instructus
334 2474 450 2547 veniat,
483 2472 667 2533 invadantur
693 2474 878 2549 praesentes,
909 2489 1036 2547 quorum
1065 2465 1177 2530 rector

141 2561 293 2621 abscessit.
340 2562 420 2637 quod
449 2564 549 2637 ipsum
582 2562 739 2622 confirmat
770 2561 894 2621 consilio
927 2560 1162 2636 profuturorum,

94 2667 121 2707 ss
140 2654 176 2710 ut
200 2651 252 2727 qui
275 2669 396 2710 securus
420 2670 488 2710 oum
516 2651 635 2711 auxiliis
658 2653 743 2711 venit
770 2668 892 2710 suorum
920 2652 1051 2727 stragem
1078 2649 1161 2708 fune-

140 2759 234 2816 raque
256 2741 388 2816 reperiat
411 2760 506 2817 eoque
529 2741 583 2800 fiat
610 2743 646 2800 ut
674 2742 728 2817 qui
750 2758 896 2799 novorum
920 2756 1041 2798 accessu
1064 2738 1162 2815 dupli-

141 2833 276 2888 caturum
304 2848 335 2889 se
368 2829 508 2889 credebat
541 2832 704 2889 exercitum
734 2830 813 2889 solos
843 2829 979 2887 inveniat
1008 2846 1162 2905 superesse

141 2936 215 2993 quos
245 2917 336 2977 ducit.
382 2938 501 2978 rursum
528 2938 563 2977 ex
590 2938 624 2978 eo
652 2918 740 2978 inicit
765 2920 892 2993 metum3
923 2936 995 2976 nam
1023 2920 1050 2977 si
1076 2918 1162 2978 bene-

140 3006 241 3065 ficium
269 3010 315 3066 est
344 3009 426 3083 quod
455 3008 573 3068 Aeneas
603 3008 763 3069 videbatur
790 3006 906 3082 abesse,
938 3010 1064 3085 apparet
1094 3027 1163 3067 eum

93 3096 213 3155 ecferri
244 3116 305 3155 non
336 3116 437 3172 posse,
470 3116 538 3157 cum
569 3098 747 3158 instructior
778 3096 900 3156 venerit.
951 3116 1018 3156 ecoe
1049 3100 1163 3173 quanta

213 3301 329 3356 acitv
347 3303 439 3370 inquit
457 3302 500 3357 ed.
561 3302 754 3358 evolviturV
771 3319 799 3357 sc
816 3303 930 3358 volverit
947 3303 991 3355 ed.
1052 3306 1086 3355 13
1105 3302 1163 3356 alio

140 3372 184 3426 ed.
248 3378 282 3426 14
299 3374 479 3444 lonqinquom
498 3374 541 3428 ed.
605 3379 638 3428 16
656 3373 771 3445 pcataV
788 3390 831 3428 rec
844 3380 938 3498 pastos
956 3373 999 3427 ed.
1061 3377 1093 3424 17
1112 3374 1163 3426 im-

137 3446 218 3513 ptyra
236 3444 279 3497 ed.
343 3449 376 3498 19
395 3444 494 3516 00in
512 3452 538 3500 et
555 3462 576 3500 c.
597 3446 640 3501 ed.
706 3451 738 3499 21
759 3446 831 3514 qaod
888 3451 914 3500 ct
931 3444 975 3498 ed.
1006 3444 1009 3515 l
1043 3443 1163 3498 sociisV

140 3533 174 3569 oc
191 3532 212 3569 e.
232 3515 275 3569 ed.
351 3522 383 3569 22
409 3523 499 3572 monet
522 3517 610 3586 ὁρίων
634 3518 692 3571 Iris
717 3518 783 3570 ante
807 3523 913 3585 tempus
937 3514 1068 3583 interpol.
1090 3515 1133 3569 ed.
1158 3514 1161 3587 l

140 3604 196 3641 csse
209 3585 236 3639 V
250 3588 293 3641 ed.
313 3586 433 3642 fortasse
451 3594 490 3643 eet
508 3589 569 3642 ait?
642 3592 675 3641 25
694 3587 808 3642 occitV
824 3588 928 3643 venerit
945 3587 988 3641 ed.
1063 3592 1098 3640 26
1116 3588 1167 3652 qai

139 3675 238 3712 norem
261 3657 288 3711 V
314 3660 363 3727 qui
388 3675 520 3715 morum
547 3674 598 3715 nos
624 3660 697 3717 sicot
722 3658 769 3715 ct.
841 3664 877 3714 ‘tt
904 3656 1019 3713 solus'l
1048 3671 1126 3707 cori.
1140 3653 1192 3702 eu.

136 3734 172 3779 29
190 3746 250 3781 eum
264 3729 508 3800 ferrc'Vrdfiera'
525 3731 573 3790 ed.
