2725 4150
212 353 279 417 260
497 349 637 405 DONATI
654 349 824 405 INTERPR.
839 348 948 406 vend.

211 520 343 579 retinens
376 517 473 577 breve.
532 519 697 596 inglorium
729 518 805 578 dixit
836 519 909 579 haec
944 519 1053 578 mereri
1088 519 1233 595 potuisse,

212 608 285 686 quia
307 626 380 669 casu
401 607 502 683 potius
525 610 662 668 evaserat
684 627 775 684 quam
798 607 909 668 virtute
932 608 1065 686 corporis
1088 609 1143 668 eut
1165 607 1233 669 sule

212 698 324 757 tilitete
354 696 480 756 consilii.
524 697 606 769 isaac
636 698 689 756 nbi
721 714 751 757 se
784 697 881 757 Tarni
911 697 1010 756 media
1040 698 1118 757 inter
1147 698 1233 757 milia

150 787 383 856 senatumne
404 787 482 845 acies
500 789 586 858 atace
607 786 675 845 hinc
694 787 771 846 acies
794 786 913 846 adstare
935 787 1079 857 Latinas,
1102 790 1138 846 at
1156 787 1232 861 fera,

211 893 286 951 qnae
303 877 396 936 densa
414 879 573 934 aenantnm
595 878 699 950 saepta
722 892 830 936 corana
852 879 954 935 cantra
981 875 1039 935 tcta
1059 876 1137 948 sarit
1159 892 1233 935 cese·
1259 889 1269 931 r

212 983 265 1040 qne
287 966 360 1023 hant
381 965 481 1023 nescia
502 965 589 1023 marti
610 965 695 1023 inicit
712 969 739 1024 ct
755 965 834 1024 satta
851 982 946 1038 snpra
962 964 1111 1024 aenabnta
1128 966 1232 1039 fertur,

150 1055 284 1113 destant
305 1055 391 1112 aliter
407 1054 533 1112 innenir
540 1055 650 1113 medios
667 1055 829 1113 nwrc'tnrns
850 1054 884 1113 c'n
905 1054 996 1119 nostis
1013 1054 1109 1115 inruit
1131 1058 1234 1128 ctqrn

211 1143 268 1202 teta
295 1143 373 1200 videt
399 1142 575 1201 densissima
598 1144 702 1203 tendit:
731 1143 808 1202 nihil
836 1141 953 1220 profuit
980 1142 1125 1203 Helenori
1151 1143 1234 1221 quad

211 1233 314 1291 ruinas
337 1232 430 1290 turris
456 1231 565 1305 evasit,
594 1231 674 1309 qucd
702 1251 763 1292 non
790 1231 908 1292 interiit
934 1231 1037 1310 gladic
1066 1250 1121 1293 suo
1145 1251 1234 1311 quem

211 1320 333 1380 tenebat
355 1320 468 1380 nudum
496 1314 571 1400 (non
599 1321 679 1380 enirn
707 1321 831 1382 evadere
859 1322 919 1382 fuit
940 1320 1025 1381 milia
1047 1321 1183 1382 hostium
1204 1325 1234 1382 et
1249 1335 1270 1378 n

211 1413 346 1470 catervas
369 1403 543 1489 incurrisse)
573 1409 612 1469 ed
641 1409 697 1470 hoc
727 1408 884 1487 deductus,
916 1415 964 1487 ut,
994 1411 1086 1471 turris
1116 1411 1233 1472 casibus

211 1500 300 1574 liber,
322 1501 476 1559 teneretur
496 1499 576 1558 inter
598 1517 684 1558 erma
707 1500 853 1576 captivus.
898 1500 924 1560 is
947 1499 1043 1578 igitur
1065 1499 1119 1560 ubi
1140 1500 1233 1561 hosti·

211 1590 266 1650 bus
294 1608 325 1649 se
352 1589 569 1649 circumdatum
598 1589 773 1666 nullamque
803 1599 886 1666 spem
915 1607 1068 1665 superesse
1097 1589 1234 1669 fugiendi

212 1678 378 1756 conspexit,
409 1679 471 1737 ruit
502 1679 535 1737 in
567 1679 717 1738 confertos
749 1678 844 1739 hostis
877 1679 1010 1739 ferarum
1041 1696 1124 1739 mere
1157 1697 1234 1757 quse

211 1768 333 1828 vivendi
355 1766 560 1842 desponsione
588 1786 619 1826 se
641 1769 784 1847 ingerunt
811 1768 890 1828 ferro
914 1770 945 1827 et
971 1770 1082 1852 petunt,
1105 1771 1234 1829 mortem
1249 1777 1270 1820 lt

212 1877 305 1934 quem
327 1857 424 1916 vitare
446 1876 508 1916 non
529 1859 663 1932 possunt.
710 1862 742 1917 at
759 1858 886 1932 pedibas
909 1857 991 1931 tanae
1013 1857 1116 1916 melan
1133 1857 1234 1933 Lycus

211 1948 288 2005 inter
306 1950 332 2004 et
348 1946 439 2004 hastis
455 1947 532 2004 inter
550 1950 577 2005 ct
594 1964 680 2005 arna
698 1948 773 2021 faya
790 1965 891 2007 maros
909 1951 997 2006 tenet:
1020 1945 1096 2006 dixit
1110 1964 1234 2008 causam

212 2053 273 2111 qun
294 2035 375 2095 inter
392 2034 487 2095 hostis
506 2037 537 2094 et
554 2036 634 2095 inter
652 2055 737 2096 erma
762 2036 801 2096 ed
823 2055 924 2098 maras
947 2035 1049 2114 potuit
1071 2037 1234 2114 pervenire.

211 2123 335 2200 pedibus
358 2126 478 2200 melior,
504 2124 617 2201 inquit,
647 2145 738 2202 quam
767 2126 899 2186 Helenor
920 2129 951 2186 et
973 2125 1020 2185 his
1048 2125 1173 2186 adiutus
1196 2126 1235 2187 sd

211 2232 313 2273 muros
335 2213 409 2292 fuge
432 2214 513 2273 fecte
535 2216 679 2290 pervenit.
726 2215 843 2287 attaqne
873 2219 963 2275 certat
987 2215 1133 2290 prendere
1163 2220 1235 2276 tecta
1249 2227 1271 2268 η

211 2321 305 2362 mann
326 2304 492 2375 sociamque
519 2304 659 2377 attinpcrc
687 2305 821 2363 destrae:
851 2304 904 2363 ubi
937 2304 976 2364 ad
1008 2322 1109 2365 muros
1142 2306 1235 2380 venir,

213 2393 312 2469 coepit
329 2391 387 2451 niti
409 2394 444 2451 ut
461 2391 604 2452 retineret
626 2395 775 2453 tectarum
792 2396 861 2453 tuta
880 2395 935 2454 eut
953 2394 1102 2454 sociorum
1121 2394 1234 2455 dextris

213 2482 370 2541 tolleretur
387 2481 420 2540 in
439 2500 598 2543 summum.
634 2500 720 2555 paean
739 2483 860 2541 Tarans
873 2484 990 2555 pariter
1013 2500 1102 2543 ansa
1125 2483 1235 2559 naqa

212 2575 341 2630 secatus:
372 2589 472 2645 cursu,
502 2570 613 2646 inquit,
643 2572 763 2631 secutus
791 2575 822 2631 et
844 2572 918 2631 telo:
950 2575 1071 2632 tentum
1103 2573 1236 2633 cucurrit

213 2660 330 2719 Turnus
359 2663 505 2736 quantum
533 2661 666 2720 cucurrit
693 2664 724 2720 et
746 2662 849 2722 telum.
886 2680 1027 2739 magnam
1049 2661 1093 2721 ibi
1114 2662 1235 2723 leudem
1250 2673 1271 2716 2⁶

213 2748 359 2809 currentis
374 2748 529 2826 expressit,
545 2768 613 2809 cum
627 2749 702 2809 dicit
719 2768 869 2810 eumcum
887 2751 947 2811 telo
966 2752 1136 2827 pervenisse
1154 2751 1235 2831 qued

151 2838 332 2898 scoieceret.
372 2839 505 2911 increpat
526 2838 572 2897 ln's
594 2839 693 2907 victor,
717 2840 892 2901 insultantis
915 2859 986 2900 voce
1008 2859 1080 2901 usus
1098 2840 1147 2901 his
1166 2860 1235 2902 con·

213 2928 393 3003 prehensum
407 2926 560 3004 increpare
574 2946 634 2987 non
649 2928 778 2987 destitit:
797 2933 951 2988 nostraene
965 2929 1094 2999 enadere,
1107 2930 1234 3000 densere,

213 3018 340 3089 sperasti
362 3019 388 3074 tc
406 3033 494 3089 posse
516 3017 645 3076 manns?
679 3036 770 3094 quem
792 3016 891 3078 brevis
916 3018 1007 3079 dictio
1027 3022 1058 3078 et
1075 3020 1234 3095 superfluis

214 3107 328 3166 carens!
352 3103 426 3182 quid
440 3105 518 3164 enirn
538 3105 635 3166 multe
647 3104 799 3183 ingereret
815 3107 913 3168 verbis
927 3108 959 3167 in
978 3128 1044 3167 eum
1064 3128 1154 3185 quem
1173 3110 1235 3170 iem
1249 3119 1271 3162 Ν

214 3195 336 3256 tenebat
358 3194 482 3254 exitium
503 3196 534 3253 et
557 3194 596 3255 ed
618 3196 703 3255 cuius
726 3214 854 3271 poenam
881 3196 999 3275 gladius
1023 3197 1144 3259 deberet
1166 3217 1234 3276 pra·

214 3304 318 3362 perere
349 3302 441 3360 quem
470 3283 574 3359 verba,
604 3284 654 3343 cui
683 3285 758 3345 setis
788 3284 826 3345 ed
857 3286 1113 3347 conservationem
1140 3286 1234 3363 deret,

287 3454 469 3524 linplcrtam
482 3453 515 3508 V.
575 3456 706 3510 tmcrtis
723 3455 766 3510 ed.
827 3457 975 3510 trainam
993 3457 1035 3511 ed.
1063 3456 1066 3528 t
1093 3464 1145 3513 ant
1161 3457 1235 3529 quad

215 3526 259 3580 ed.
315 3530 348 3579 10
366 3524 461 3592 faitV
477 3528 569 3596 potnit
586 3526 630 3581 ed.
687 3532 720 3580 11
739 3528 859 3582 incurrit
875 3527 1005 3596 edpost.
1066 3534 1099 3582 13
1119 3531 1234 3586 circnm-

212 3596 418 3653 datachorr.
433 3598 477 3652 ed.
542 3604 576 3652 ll
594 3603 729 3653 conuertas
747 3598 790 3653 ed.
853 3604 886 3652 1⁷
905 3605 931 3654 ct
948 3602 1014 3655 ente
1032 3600 1117 3655 tractes
1135 3617 1191 3657 am.
1200 3599 1233 3656 V.

201 3672 239 3721 30
258 3667 466 3742 emerentVe‘
502 3676 564 3729 erat
581 3669 626 3726 cd.
699 3674 732 3724 81
751 3668 905 3726 eaitiamV
923 3672 961 3725 ad
978 3688 999 3725 e.
1019 3671 1063 3725 ed.
1090 3671 1093 3743 l
1121 3673 1235 3730 nnbat

187 3739 234 3793 ed·
315 3748 355 3800 32
372 3762 462 3818 quam
518 3746 620 3822 patine
638 3762 663 3819 q.
683 3743 731 3802 ed.
754 3743 764 3820 t
789 3743 1019 3800 concursationem
1035 3742 1081 3794 eu.
