2725 4150
555 319 738 375 asininos
757 319 794 374 ix
1119 324 1185 389 223

164 487 317 547 heberent.
349 489 460 564 species
480 490 580 547 autem
597 488 730 548 muneris
749 507 817 548 aum
834 488 924 548 leude
943 507 998 549 sus
1011 490 1112 566 posite
1127 493 1186 549 est:

165 580 304 656 argento,
333 578 448 655 inquit,
476 578 609 655 perfecta
639 580 731 656 atque
759 597 866 655 aspera
893 578 987 657 signis
1015 581 1046 638 et
1068 578 1187 639 devicte

163 668 284 745 genitor
302 685 378 742 quae
397 669 476 744 cepit
494 666 617 744 Arisbe;
639 687 700 727 non
723 668 803 726 enim
825 667 990 727 tollebatur
1012 670 1081 745 post
1093 667 1186 728 victo·

163 758 242 815 riam
265 756 323 816 nisi
346 757 427 834 quod
450 759 528 816 esset
551 757 656 834 magni
685 756 793 816 meriti.
835 761 861 816 et
889 757 1022 832 tripodas
1046 759 1248 832 palaestes

134 868 146 908 s
165 847 235 905 aarc‘
252 846 310 904 duo
332 864 443 920 mappa
461 846 585 906 talenta:
607 845 709 905 omnia
727 846 862 922 utrisque
881 846 1049 906 communie
1067 845 1186 906 obtulit

164 939 282 994 cratera
309 936 452 1004 anticam,
481 955 516 995 ex
543 936 611 1012 ipsa
637 938 788 996 vetustate
818 935 999 1012 mirabilem,
1028 953 1113 1009 caan
1135 937 1187 996 dat

163 1023 289 1083 Sidonia
306 1024 404 1083 Dido:
428 1023 565 1083 additnm
588 1026 635 1084 est
654 1024 743 1084 istim
761 1026 903 1084 meritum
921 1044 958 1084 ex
975 1043 1104 1104 persone
1121 1026 1186 1085 eius

165 1132 243 1189 quae
257 1112 388 1172 dederat.
424 1114 476 1174 sed
494 1115 525 1173 et
542 1114 611 1189 hoc,
631 1115 703 1190 quia
720 1134 815 1174 unum
828 1114 897 1189 fuit,
915 1133 1072 1174 commune
1086 1116 1187 1175 umbo·

164 1203 220 1262 bns
244 1201 350 1262 datum
373 1205 427 1262 est.
469 1204 522 1262 dat
546 1202 671 1262 Sidonis.
693 1202 773 1263 Dido
797 1203 839 1264 sio
866 1205 981 1280 posuit,
1004 1205 1093 1280 qussi
1115 1207 1187 1265 tuno

120 1315 146 1353 1o
163 1311 225 1351 non
248 1290 286 1351 ab
304 1291 449 1368 Ascanio,
472 1291 524 1352 sed
542 1311 561 1352 n
578 1292 696 1352 Didone
719 1292 955 1369 proficisceretur
977 1295 1076 1370 posite
1095 1294 1133 1353 ab
1152 1314 1187 1355 eo

165 1381 220 1458 qui
243 1379 336 1440 dabat
356 1382 389 1440 in
412 1381 570 1458 praesenti.
606 1381 705 1441 futuri
728 1401 847 1458 quoque
874 1382 1017 1459 temporis
1046 1387 1187 1460 separata

165 1470 292 1548 singulis
321 1490 447 1531 munere
475 1472 636 1548 pollicetur
666 1473 697 1530 et
727 1490 804 1547 quae
836 1475 914 1531 esset
944 1472 1110 1549 largiturus
1138 1493 1186 1531 ex·

164 1559 287 1636 pressit,
316 1563 440 1637 propter
467 1579 559 1636 quam
581 1580 644 1620 rem
666 1560 864 1637 praemiserat
886 1579 1090 1637 quaecumque
1112 1561 1188 1620 mihi

164 1649 287 1723 fortune
315 1648 448 1726 fidesque
476 1652 530 1710 est.
570 1650 626 1709 hoe
653 1649 754 1726 ipsum
780 1669 861 1709 nunc
888 1649 1023 1727 exponit:
1055 1652 1082 1709 si
1108 1667 1185 1720 cero,

120 1759 145 1799 rs
163 1737 278 1815 inquit,
307 1756 410 1812 capere
436 1739 561 1799 Italiam
587 1741 763 1813 sceptrisque
787 1741 880 1814 potiri
908 1740 1058 1815 coatiperc't
1085 1741 1187 1799 pictori

164 1831 192 1885 ct
210 1828 342 1900 praedae
364 1828 468 1887 dacerc
489 1833 607 1898 sartan,
630 1828 664 1887 id
687 1831 732 1888 est
755 1830 783 1888 si
800 1830 953 1889 ducendae
971 1832 1082 1889 sortem
1101 1849 1185 1907 pree·

164 1915 221 1974 dae
248 1916 394 1976 fuerimus
422 1919 586 1992 consecuti,
613 1917 715 1976 oidatc'
741 1935 796 1990 qao
821 1919 942 1979 Taras
969 1936 1053 1992 epac,
1081 1920 1187 1992 quibas

163 2007 227 2065 ibat
254 2007 287 2065 ia
321 2008 415 2066 armis
447 2025 570 2066 aareas:
607 2009 707 2080 ipsam
737 2008 834 2079 ittera,
872 2009 996 2083 clipeata
1028 2010 1249 2083 cristasqreato

162 2097 295 2155 rabcatc's
317 2098 461 2170 excipiam
483 2098 567 2166 sorti,
590 2098 653 2156 iam
675 2116 756 2156 aaac
778 2101 830 2157 taa
849 2100 1001 2171 praemia,
1021 2099 1103 2158 Nise.
1140 2117 1187 2158 ex-

118 2185 277 2262 recipiam
304 2187 380 2246 sorti
405 2186 487 2246 ideo:
517 2188 615 2247 certus
642 2186 723 2245 enim
750 2186 786 2246 de
814 2187 1006 2264 adipiscendo
1034 2206 1097 2248 esse
1128 2208 1188 2247 non

163 2275 265 2351 potest
288 2277 338 2334 cui
366 2275 467 2335 obstet
489 2276 579 2335 sortis
601 2277 757 2335 incertum.
798 2275 909 2337 ideirco
937 2295 1007 2355 ergo
1035 2277 1112 2336 dixit
1140 2297 1187 2337 ex·

163 2363 288 2440 cipiam,
309 2367 345 2423 ut
362 2366 436 2425 haec
453 2365 565 2425 iudicio
584 2367 687 2442 potius
704 2365 835 2425 hominis
854 2386 947 2442 quem
965 2369 1073 2427 eventu
1092 2385 1188 2425 sume·

162 2455 211 2511 ret
232 2453 329 2513 fortis
371 2455 445 2514 haec
471 2456 572 2529 erunt,
600 2454 687 2530 Nise,
716 2455 851 2531 praemis
872 2458 940 2529 tue,
964 2456 1189 2529 praetereatis

163 2559 214 2601 sea
230 2544 343 2615 peritior
357 2543 514 2603 lectissima
530 2547 660 2603 matram
677 2561 813 2617 corpora,
832 2544 989 2603 duodecim
1007 2564 1042 2603 ex
1061 2544 1188 2619 captivis

119 2649 145 2690 rs
163 2630 292 2691 feminas
315 2634 470 2693 formosas.
508 2633 590 2708 quod
612 2632 656 2691 eit
672 2635 820 2707 matrum,
843 2651 904 2691 non
927 2633 1025 2693 solum
1046 2631 1187 2693 mulieres

163 2720 339 2799 intellegere
352 2740 521 2798 possumus,
535 2721 677 2798 quonism
695 2723 738 2781 sio
750 2722 855 2781 multis
869 2722 942 2781 locis
959 2721 1070 2799 posuit,
1085 2741 1189 2782 verum

164 2809 257 2869 etiam
279 2813 402 2887 propter
424 2812 557 2870 muneris
576 2809 697 2870 leudem
715 2809 872 2886 fecundas,
894 2815 931 2870 ut
948 2813 1068 2888 praeter
1085 2831 1188 2871 nume·

164 2919 233 2957 rum
247 2900 278 2958 et
290 2900 419 2959 formam
432 2901 501 2959 inde
516 2920 634 2978 quoque
653 2918 761 2975 earum,
775 2903 919 2960 cresceret
936 2902 1087 2977 meritum,
1106 2900 1188 2978 quod

165 3008 201 3046 ex
223 2988 347 3047 illarum
370 2989 461 3048 etism
487 2992 579 3065 partu
605 3009 718 3068 magna
743 2991 867 3065 possent
893 2990 1097 3049 emolumenta
1119 3010 1186 3050 con·

120 3096 147 3135 so
166 3077 254 3152 quiri.
306 3097 402 3154 usquc
436 3077 510 3138 adeo
543 3078 712 3138 ostenditur
743 3079 956 3138 fecunditatem
987 3082 1124 3159 tetigisse
1156 3081 1188 3138 in

238 3284 456 3354 iethocala
474 3285 518 3339 ed.
587 3291 715 3356 sprater
728 3285 762 3339 V.
834 3289 867 3338 10
884 3291 980 3354 pastea
997 3286 1033 3340 ab
1052 3302 1082 3340 eo
1100 3283 1188 3353 qaiV

162 3363 260 3425 postea
277 3358 313 3412 ab
331 3359 370 3411 ets
387 3373 457 3427 qaae
476 3357 520 3410 ed.
535 3359 629 3424 posita
642 3358 678 3412 ab
692 3373 722 3412 eo
736 3358 785 3425 aa
802 3374 861 3411 nos.
915 3362 949 3410 13
965 3358 1130 3425 promiserat
1143 3356 1187 3410 cd.

167 3434 201 3481 14
218 3428 385 3497 forteaapee
403 3427 565 3483 estVeorr.
581 3428 624 3481 ed.
699 3433 733 3481 15
752 3430 916 3498 coattapertt
928 3427 961 3482 V.
1032 3435 1065 3482 16
1083 3428 1132 3482 troc
1150 3434 1190 3482 est

166 3500 210 3553 ed,
233 3499 236 3570 l
257 3500 397 3555 docendae
414 3506 513 3555 sortem
527 3500 650 3567 praedae
662 3500 797 3565 fuerimus
810 3501 947 3555 coasecati
959 3497 986 3552 V
999 3501 1104 3553 temere
1118 3500 1187 3552 mut.

166 3571 224 3625 ed:
250 3570 377 3626 lemmsti
402 3570 553 3639 explicatio
577 3587 634 3624 non
657 3570 800 3637 convenit,
823 3570 942 3626 fortasse
961 3572 1100 3626 daceadae
1118 3576 1189 3625 sorte

162 3643 286 3711 praedae
310 3644 331 3709 f.
355 3660 378 3698 e.
401 3644 588 3698 occasionem?
669 3646 703 3696 19
732 3643 960 3713 excipiam-‘io
982 3644 1048 3699 ideo
1075 3658 1137 3696 ein.
1157 3640 1208 3693 et.

167 3720 198 3767 21
218 3730 282 3781 erpo
298 3730 349 3768 orn.
366 3713 407 3769 ed.
484 3719 519 3769 23
534 3716 621 3783 fortis
635 3714 662 3771 V
679 3718 766 3775 sortis
787 3716 834 3774 ed.
