2725 4150
178 332 244 398 364
464 328 604 384 DONATI
621 326 791 382 INTERPR.
805 325 914 382 VERG.

177 516 234 574 pus
253 498 361 559 hostile
375 496 462 557 ferire
480 515 541 556 non
558 499 673 575 posset,
696 499 759 556 tun
772 498 860 570 ceput
874 493 988 554 orantis
1005 495 1199 569 nequicquam

116 592 205 648 sobet
225 588 320 648 uultu
336 588 478 661 parantis
500 587 595 647 dicen
617 586 752 646 detrabat
773 590 868 645 turae
891 587 1082 658 truncumque
1104 587 1199 660 tepen-

178 682 234 737 tem
243 677 433 751 provolvens:
452 677 545 752 caput
558 677 673 736 orantis
687 674 801 736 mustra
815 677 846 734 et
858 674 961 752 parati
978 673 1076 733 multa
1090 673 1199 733 addere

178 784 321 826 conversa
343 763 508 826 intentione
527 783 583 824 sua
600 763 753 842 provolvit
770 767 867 824 terrae
890 765 921 823 et
937 764 1078 823 munaum
1101 762 1200 823 reddi·

179 855 231 915 dit.
268 871 357 930 super
378 854 449 914 baec
475 853 593 913 inimico
611 858 727 928 penne
748 856 847 927 future
872 852 1018 929 expressit
1039 851 1112 912 irati
1134 872 1199 931 per·
1227 865 1237 907 e

178 963 296 1020 sonam3
318 962 389 1003 nam
409 961 549 1003 casurum
567 941 686 1020 perdito
704 941 802 1019 capite
820 940 984 1018 provolvit,
1007 941 1063 1001 hoe
1086 943 1134 1002 eet
1156 943 1200 1002 in·

178 1033 271 1111 pulit,
302 1033 390 1110 quasi
421 1051 544 1093 casurus
578 1051 639 1091 non
671 1036 756 1093 esset.
803 1030 920 1090 addidit
949 1033 979 1090 et
1007 1029 1100 1091 verba
1132 1034 1201 1108 post

177 1123 292 1182 factum
323 1120 427 1198 qualia
453 1121 555 1181 firrens
581 1139 718 1198 promere
750 1119 854 1180 debuit
881 1122 911 1179 et
938 1119 1035 1180 victor
1060 1119 1200 1182 inimicus

178 1210 337 1271 effundere.
378 1211 509 1272 breviter
536 1210 609 1270 dicit
635 1210 701 1269 istic
727 1227 818 1279 nunc,
848 1210 1011 1279 metuende,
1039 1210 1118 1270 iace:
1150 1209 1200 1285 sie,

177 1299 293 1378 inquit,
315 1301 412 1360 iacere
434 1299 585 1375 meruisti,
608 1299 661 1377 qui
678 1301 714 1359 te·
731 1300 823 1359 talem
851 1299 1014 1358 arbitratus
1038 1317 1082 1374 es,
1105 1301 1142 1359 ut
1163 1300 1200 1360 ti·
1217 1313 1239 1354 ro

146 1401 148 1404 ·
178 1388 253 1448 meri
271 1389 432 1451 debuisses.
466 1407 526 1448 non
548 1394 575 1448 tc
592 1390 703 1464 optimu
727 1393 821 1448 noter
844 1388 945 1447 condet
965 1388 1047 1448 lumi
1066 1388 1201 1462 putrique

178 1479 311 1539 onuubit
331 1480 463 1538 nemun
484 1478 649 1552 snulcluo:
672 1477 793 1537 alitibus
811 1478 940 1552 linquere
961 1478 1035 1552 feris
1057 1481 1111 1536 aut
1131 1496 1201 1553 qun

117 1576 169 1626 560
176 1569 234 1644 pite
255 1585 384 1627 inermen
409 1567 494 1627 uredo
515 1570 590 1641 feret
605 1568 758 1641 piscesque
779 1566 891 1640 inpasti
916 1566 1042 1626 cunero
1060 1566 1201 1628 lamberet:

178 1656 328 1732 Manristi,
350 1656 464 1734 iuquit,
491 1655 599 1733 capitis
623 1655 817 1733 supplicium,
845 1655 903 1714 erit
925 1655 982 1715 tibi
1004 1656 1067 1715 elia
1089 1675 1201 1733 poena:

178 1750 248 1824 post
270 1748 396 1806 mortem
415 1747 505 1805 funus
527 1748 615 1805 tuum
641 1765 702 1805 non
725 1747 923 1823 prosequetur
949 1747 1047 1805 mater
1068 1747 1124 1805 tua
1147 1765 1202 1806 neo
1218 1760 1239 1802 u

178 1836 318 1895 humabit
336 1836 503 1895 exanimem
517 1853 571 1895 nec
584 1834 712 1895 sociabit
725 1834 842 1895 ossibus
856 1832 961 1910 patris.
993 1835 1114 1912 praeter
1127 1835 1202 1896 haee

179 1925 296 1985 addidit
319 1924 381 1984 alia
399 1927 430 1984 et
448 1943 524 2002 quae
542 1925 604 1984 ista
621 1925 683 1985 sint
701 1923 785 1984 dixit.
820 1922 944 1983 alitibus
962 1921 1098 2000 linquere
1115 1923 1201 1985 feris:

180 2032 260 2089 cum,
283 2014 395 2091 inquit,
417 2017 448 2074 te
472 2013 556 2074 nulla
578 2017 660 2075 terra
678 2012 856 2089 contexerit,
882 2031 951 2074 aves
974 2015 1005 2071 te
1027 2014 1109 2072 ferae
1132 2031 1201 2074 con·

179 2106 311 2179 sument,
330 2106 384 2163 aut
402 2103 477 2163 siin
496 2102 647 2183 gurgitem
659 2103 753 2164 fueris
771 2121 898 2178 mersus,
916 2121 977 2162 non
993 2101 1113 2172 latebis;
1131 2122 1201 2181 por·

178 2193 258 2253 tabit
276 2192 388 2271 quippe
406 2195 436 2252 te
454 2194 536 2252 unda
555 2194 712 2253 sublimem
729 2197 760 2253 et
777 2192 906 2268 piscium
920 2193 1030 2252 famem
1049 2195 1241 2270 oportunae

178 2282 291 2360 praeda
314 2281 448 2342 satiabis.

267 2372 408 2431 Rotlnus
434 2368 584 2431 Antaeus
608 2376 635 2430 et
660 2370 790 2440 Ducum,
815 2371 918 2443 primu
944 2371 1065 2446 equina
1094 2371 1199 2442 Tune,

174 2461 361 2535 persequitur
386 2462 545 2534 fortemque
566 2460 700 2519 Naeuam
722 2460 892 2534 fnluuquque
916 2458 1091 2529 Camertem,
1118 2477 1201 2536 uoq

179 2551 300 2609 noniano
320 2550 452 2610 Volcente
469 2554 579 2619 satum,
604 2549 766 2607 iussimus
785 2549 851 2623 uqri
869 2550 919 2623 qul
935 2549 995 2623 fuit
1011 2546 1201 2609 Ausonidum

179 2644 206 2698 et
223 2639 319 2698 tacitis
336 2638 470 2714 rennuit
484 2636 623 2697 Auiclis:
641 2656 702 2697 non
713 2637 848 2697 Antaeus
868 2650 898 2696 et
916 2637 1014 2697 Lucae
1034 2637 1092 2698 soli
1109 2639 1201 2714 primi
1218 2653 1242 2695 n

178 2729 235 2787 hoe
258 2732 305 2787 est
324 2729 436 2788 virtute
458 2730 645 2804 praestantes
668 2728 793 2786 fuerunt
815 2728 848 2786 in
865 2727 960 2786 Turni
983 2728 1129 2803 exercitu,
1148 2728 1202 2788 sed

179 2824 210 2877 et
228 2816 319 2877 ceteri
337 2834 413 2894 quos
431 2820 537 2893 postea
554 2816 735 2891 nominarit,
753 2818 784 2875 et
799 2818 914 2891 tamen,
933 2835 1000 2876 cum
1019 2816 1058 2875 ad
1076 2815 1201 2877 Aenean

179 2906 343 2981 venissent,
357 2906 465 2966 virtuti
479 2904 542 2966 eius
557 2906 706 2983 armisque
723 2908 887 2980 cesserunt,
902 2905 1028 2981 denique
1042 2924 1200 2985 perseque-

179 2996 270 3055 batur
293 3014 351 3055 eos.
390 2996 446 3056 hoe
470 2994 551 3073 quod
575 2993 651 3053 dixit
672 2995 864 3072 persequitur
886 3013 945 3054 non
964 2995 1003 3055 ad
1021 3014 1129 3071 unum,
1149 2996 1201 3057 esd

180 3084 219 3144 ad
249 3084 346 3145 omnis
372 3086 516 3162 pertinet,
542 3086 578 3144 ut
603 3084 726 3143 illorum
752 3084 901 3144 neminem
923 3084 1025 3144 virum
1052 3083 1201 3147 dimisisse
1218 3100 1243 3142 so

118 3173 327 3234 stanneum.
359 3172 497 3250 Aequeon
519 3173 629 3248 qreolis,
652 3178 766 3233 nutum
789 3173 837 3232 cui
859 3174 996 3233 nocella
1018 3173 1119 3233 inunt
1137 3192 1200 3235 cen·

180 3267 318 3337 tenusque
344 3280 464 3333 mauis,
495 3263 708 3338 qunqucpnta
735 3262 835 3321 oribus
861 3263 958 3337 unani
981 3263 1202 3340 pectoribusque

253 3440 418 3504 tparautn
430 3432 489 3487 VR.
506 3435 509 3503 t
528 3438 661 3502 petentem
674 3431 733 3486 Vll.
785 3434 915 3501 sperati
929 3431 980 3485 Vll
993 3439 1142 3501 meantem
1156 3433 1200 3489 ed.

182 3504 411 3562 oemuumVR
428 3504 565 3560 illuued.
621 3510 654 3557 11
670 3503 1004 3573 punineonerouitllll.
1058 3508 1090 3558 15
1107 3521 1200 3574 prose·

174 3578 340 3649 qtulucVR
363 3593 432 3632 corr.
451 3575 496 3630 ed.
569 3582 603 3631 ld
621 3576 727 3644 patriis
749 3573 792 3629 ed.
824 3591 827 3628 l
858 3582 968 3645 macter
986 3575 1037 3629 VR
1055 3582 1138 3645 pater
1156 3576 1200 3632 ed.

166 3656 207 3706 1⁷
222 3658 253 3709 et
270 3652 333 3709 alcu
352 3650 395 3709 ed.
419 3654 424 3721 Ι
444 3646 639 3722 [ηἰεοω.θᾶ.
688 3651 724 3702 ‘la
739 3646 893 3702 Antlueuea
910 3645 954 3700 ed.
1004 3652 1038 3700 25
1053 3648 1188 3717 auilllcl‘

135 3740 225 3779 cum
246 3744 304 3785 ras.
324 3726 359 3787 V,
439 3732 475 3786 27
494 3726 536 3785 ad
555 3720 663 3783 oml.
736 3724 774 3775 bt
793 3716 950 3789 epaonis.
