2725 4150
451 383 455 388 -
552 349 736 405 nummos
754 348 793 404 1x
1119 342 1186 420 '283

163 518 245 579 cordi
273 515 482 594 [numerosque
508 517 656 578 intendere
684 509 816 595 nnoiSJ:
845 537 906 578 non
933 537 1026 578 unam
1052 521 1186 584 tuntum·

162 608 252 667 modo
288 606 418 667 musicae
460 609 555 667 ortem
591 609 730 684 uoueret,
770 607 884 669 sciebat
920 625 1084 684 conponere
1121 628 1185 669 eur·

162 698 259 772 mina,
286 697 413 756 noverat
435 695 567 757 citharae
595 696 729 756 studium
752 699 783 757 et
804 696 890 774 loqui
911 716 966 774 per
987 716 1103 758 nervos.
1149 718 1185 759 ea

163 786 275 863 quippe
297 785 503 846 moderatione
521 783 676 862 tendebat,
695 788 731 844 ut
750 786 914 846 humanam
931 804 1035 847 vocem
1053 788 1135 847 souis
1153 791 1185 848 et

133 875 296 934 enumeris
328 876 520 936 testarentur.
572 892 686 949 sernper
718 891 804 948 eques
840 879 927 950 atqne
963 893 1050 935 arina
1085 877 1184 936 eirena

158 981 334 1039 manesque
352 966 489 1023 canebat:
505 965 563 1024 hoc
575 964 674 1024 leudis
690 966 885 1042 augmentum
904 967 958 1041 est,
975 967 1011 1024 ut
1028 965 1185 1026 scientiam

162 1054 309 1113 musicam
326 1072 387 1112 non
406 1054 446 1112 od
463 1053 560 1130 turpis
579 1058 694 1130 centus,
714 1052 765 1113 sed
784 1054 823 1113 od
836 1053 971 1114 virorum
988 1055 1080 1115 fortia
1099 1057 1185 1133 gesto

163 1145 358 1219 converteret,
377 1141 504 1220 denique
523 1145 575 1203 aut
594 1161 687 1221 equos
706 1146 760 1203 aut
778 1162 862 1203 arma
880 1143 1007 1204 canebet
1024 1147 1078 1204 eut
1095 1144 1183 1204 belle..

235 1232 368 1291 Tandem
382 1233 514 1292 ductores
528 1233 633 1292 andita
646 1233 733 1292 caede
745 1250 867 1292 suornm
881 1234 1056 1293 conveniunt
1069 1234 1183 1304 Teucri,

118 1336 145 1376 ro
162 1322 335 1380 Mnestheus
365 1339 486 1396 acerqeae
514 1321 662 1381 Serestus:
691 1340 751 1381 non
781 1321 851 1396 soli,
881 1322 933 1383 sed
962 1324 1042 1383 inter
1071 1326 1184 1385 ceteros

162 1411 223 1486 ipsi
245 1411 408 1487 praecipui.
449 1411 640 1486 palantisque
666 1412 766 1471 vident
789 1412 881 1470 sodes
903 1412 1066 1485 besteneqne
1087 1428 1183 1487 recep·
1195 1423 1246 1474 '180

163 1504 239 1559 tuen:
260 1501 443 1559 contrarium
461 1501 560 1561 nescio
580 1501 654 1578 quid
671 1503 720 1577 ut,
739 1501 841 1561 clauso
859 1500 941 1560 hosti
959 1518 1028 1559 cum
1046 1500 1184 1561 insistere

163 1588 336 1648 debuissent
363 1592 455 1665 utque
482 1590 560 1649 hunc
587 1608 708 1666 necare,
738 1590 841 1668 fugere
868 1589 969 1666 potius
997 1609 1089 1666 quam
1117 1608 1185 1650 cum

162 1679 219 1738 hoc
243 1681 356 1738 certare
379 1679 564 1738 maluissent.
611 1680 831 1739 etMnestbeas
858 1695 913 1753 pao
940 1679 1044 1737 deinde
1071 1680 1183 1754 sapam,

119 1780 144 1821 1⁶
163 1785 219 1840 qna
240 1769 377 1827 tenditis?
408 1769 517 1841 inquit:
539 1769 712 1829 Mnestheus
732 1787 802 1830 suos
823 1767 986 1846 obiurgans
1006 1767 1112 1827 deinde
1132 1767 1184 1843 uit,

162 1858 219 1916 hoc
243 1859 288 1916 est
310 1859 346 1916 ut
368 1855 445 1916 vidit
467 1858 624 1936 fugientis,
648 1858 805 1918 confestim
828 1858 944 1918 locutus
968 1859 1014 1917 est
1036 1859 1110 1934 isto3
1133 1856 1184 1932 sio,

163 1945 278 2023 inquit,
297 1947 416 2025 fugitis,
435 1946 522 2022 quusi
539 1965 592 2006 vos
612 1939 709 2006 exitio
727 1947 801 2026 fuga
822 1949 919 2024 possit
937 1946 1058 2024 eripere,
1077 1947 1185 2006 vellem

162 2039 264 2096 temen
287 2054 374 2096 nosse
402 2054 461 2112 quo
485 2036 634 2096 sententia
656 2039 758 2098 vestre
781 2036 949 2098 contendat.
986 2037 1052 2113 ille,
1074 2036 1184 2113 iuquit,

162 2143 304 2202 praesens
332 2126 499 2202 periculum
526 2124 642 2204 fugitat
668 2126 723 2204 qui
749 2128 932 2205 receptaculi
953 2129 1054 2204 potest
1075 2126 1185 2187 hebere

119 2228 145 2269 ro
163 2214 343 2290 subsidium,
373 2233 426 2274 vos
456 2234 517 2292 quo
546 2214 692 2275 tenditis?
729 2236 806 2293 quae
836 2216 920 2276 vobis
950 2219 1070 2292 praeter
1096 2216 1185 2276 istius

163 2304 222 2363 loci
250 2305 437 2363 munimenta
468 2302 558 2364 sunt?
595 2306 648 2382 qui
677 2309 838 2365 occurrunt
868 2305 1052 2383 fugientibus
1084 2303 1183 2364 muri?

164 2412 241 2469 quae
265 2394 326 2453 ulie
348 2392 441 2452 turris
460 2393 592 2469 palantis
611 2392 759 2471 excipiet?
796 2396 852 2454 hoc
875 2394 1025 2472 estquod
1048 2394 1092 2453 uit
1115 2411 1186 2468 qnos

164 2483 239 2541 abies
261 2484 382 2541 meres?
418 2500 492 2556 qnae
513 2484 576 2541 iarn
598 2484 678 2543 nitra
696 2484 813 2542 moenia
831 2484 962 2543 bebetis?
998 2482 1107 2560 incipit
1124 2483 1186 2542 iem

163 2572 278 2631 factum
300 2572 434 2649 ipsorum
458 2574 593 2631 excutere
617 2575 660 2647 et,
685 2572 757 2630 dum
780 2573 938 2632 consilium
963 2571 1186 2631 incommodum

119 2673 145 2714 re
163 2661 355 2738 reprehendit
377 2661 457 2738 quod
479 2661 647 2721 inconsulte
670 2663 843 2737 tenuerunt,
870 2661 951 2720 viam
979 2680 1070 2738 quam
1100 2660 1186 2738 sequi

164 2750 293 2810 debeant
316 2750 467 2810 subtiliter
484 2753 641 2810 monstrat.
682 2768 762 2810 nnus
779 2751 863 2809 borno
881 2754 907 2809 et
924 2752 1040 2820 bestris,
1065 2767 1081 2809 o
1100 2751 1184 2820 cibes,

163 2840 293 2913 undique
315 2843 434 2913 saeptus
452 2842 606 2914 apperibns
624 2844 724 2899 tantas
742 2844 855 2914 strapee
876 2840 988 2914 inpune
1006 2856 1063 2913 per
1084 2841 1186 2898 arbem

164 2929 306 2987 ediderit?
341 2930 481 2987 inuenere
498 2930 614 3002 prienes
636 2933 676 2988 tot
697 2930 810 2988 miserit
829 2923 926 2988 Oreo?
963 2948 1054 3004 uuus,
1077 2928 1185 3006 inquit,
1197 2935 1247 2986 ⁷85

163 3019 290 3092 multos,
319 3018 408 3078 homo
431 3018 579 3093 homines,
609 3020 748 3095 captivus
776 3017 885 3078 liberos
912 3037 973 3078 non
1000 3037 1061 3077 nne
1088 3018 1186 3092 coede,

120 3119 146 3159 ³0
164 3106 216 3166 sed
239 3108 371 3184 plurima
394 3109 425 3165 et
446 3108 531 3167 nullu
557 3108 671 3168 ultione
699 3108 842 3185 repetitu,
868 3106 990 3168 iuvenes
1018 3108 1128 3167 electos
1157 3109 1187 3167 et

238 3320 251 3365 1
272 3315 586 3381 numerosque-neruis
604 3313 684 3369 deest
701 3314 732 3369 in
747 3314 781 3382 V,
801 3314 850 3369 sed
869 3313 1034 3383 explicetur.
1065 3386 1071 3397 .
1094 3319 1111 3366 4
1129 3319 1186 3367 ten-

164 3386 246 3524 {322⁸}
258 3382 365 3509 ξὲἕαῖὲ
377 3383 515 3523 gqtngg'ed.
534 3389 549 3438 ⁷
567 3385 839 3513 ξξῦῗῖαῑθζαῗοὲιίθῗῗ
851 3458 884 3511 ct.
899 3383 1188 3511 dffltedquaslgcdrrm

164 3526 299 3610 tendatV
318 3528 376 3580 -dit
394 3525 437 3580 ed.
457 3526 465 3610 ΙΙ
489 3527 620 3595 inquitV
637 3530 680 3583 ait
697 3528 740 3583 ed.
811 3533 844 3583 19
862 3527 986 3601 snpifait
1003 3543 1067 3580 cum
1088 3542 1187 3580 rasura

165 3597 314 3665 Vfapetot
331 3614 384 3681 nos
399 3598 474 3667 supet
492 3598 535 3653 ed.
613 3604 646 3652 21
670 3601 839 3656 monimenta
856 3598 889 3654 V.
952 3604 1093 3655 eccnrrent
1115 3596 1209 3680 edF.¹

166 3674 199 3722 22
218 3671 278 3724 abia
291 3669 317 3721 V
331 3669 398 3724 tobes
411 3669 481 3725 edF.
541 3674 575 3724 25
594 3670 985 3730 murmurmurmur.
1036 3674 1078 3722 ‘tt
1093 3680 1211 3736 222222

162 3741 204 3792 ed.
277 3745 313 3791 29
330 3740 431 3795 multoe
445 3741 527 3799 hemo
542 3742 569 3799 V
585 3743 710 3804 invertit
727 3746 776 3805 ed.
804 3745 814 3823 t
844 3741 1010 3818 captant
1031 3734 1175 3795 corret-
