2725 4150
543 357 807 412 nnunmosun
1124 362 1188 428 115

169 530 308 605 cepisset3
327 528 440 586 diceret
457 528 536 585 enim
555 527 697 586 adversus
712 544 762 585 eos
781 527 941 603 profutura
955 546 1031 603 quos
1049 528 1083 587 in
1096 529 1189 589 Italia

169 619 215 677 sui
235 618 367 676 aemulos
385 617 556 677 invenisset.
583 616 755 691 multasque
773 617 839 676 viro
858 635 889 675 se
909 617 1071 695 adiungere
1091 619 1188 696 gentis

168 707 322 766 Dardanio
342 710 372 766 et
390 707 451 764 late
466 704 555 765 Latio
573 705 772 764 increbescere
791 724 912 765 nomen:
935 706 1061 782 multas,
1078 708 1188 784 inquit,

168 798 279 874 gentis:
302 797 399 854 maior
421 799 518 853 metus
540 795 722 854 iniciebatur
744 814 779 854 ex
802 814 836 854 eo
863 795 944 871 quod
966 815 1062 872 neque
1085 816 1188 855 nume·

139 898 236 945 erum
255 885 400 962 expressit
418 888 472 943 aut
490 886 626 962 gentium
643 885 774 942 nomina.
805 884 911 944 dehinc
931 884 1007 944 dixit
1026 885 1188 964 adiungere

168 980 198 1034 et
215 975 428 1049 increbescere,
451 973 616 1050 inperfecto
639 972 719 1031 enim
739 973 828 1033 modo
846 975 944 1033 maior
961 975 1090 1034 formido
1105 979 1188 1052 pote·

166 1067 216 1124 rat
239 1066 361 1138 exoriri,
392 1062 473 1140 quod
501 1063 683 1121 auxiliorum
712 1065 743 1121 et
769 1063 881 1123 favoris
905 1063 1024 1124 Aeneae
1054 1064 1188 1140 quotidie

168 1153 319 1212 crescebat
351 1154 485 1228 effectus3
521 1171 592 1210 nam
624 1151 650 1210 si
682 1151 798 1227 aliquid
830 1153 996 1228 perfectum
1027 1156 1189 1230 nuntiaret,

168 1243 323 1301 aestimari
349 1244 470 1318 poterat
492 1244 523 1300 et
545 1242 623 1300 forte
646 1242 805 1300 contemni.
847 1242 905 1302 duo
929 1244 1023 1321 igitur
1045 1244 1189 1304 mandata

125 1346 149 1385 ro
167 1332 310 1408 portabat
327 1331 476 1391 Venulus:
499 1351 593 1389 unum
615 1348 676 1406 quo
699 1330 848 1390 indicaret
866 1350 942 1407 quae
966 1337 1139 1410 gererentur
1156 1336 1188 1393 in

167 1421 271 1495 italia,
295 1422 423 1479 alterum
446 1439 506 1496 quo
528 1422 662 1478 terreret.
699 1420 822 1479 edoceat
844 1439 904 1479 non
928 1422 1019 1479 semel
1043 1423 1189 1498 accipien-
1247 1426 1250 1444 '

167 1511 240 1568 dum
263 1514 321 1584 est,
345 1510 427 1585 quod
448 1509 559 1568 idcirco
583 1510 615 1566 in
637 1510 736 1568 medio
760 1511 871 1585 posuit,
894 1529 931 1568 ne
954 1513 1131 1586 turparetur
1154 1532 1189 1571 ex

167 1600 393 1659 continuatione
411 1599 553 1673 narratio,
578 1600 604 1657 si
626 1598 659 1656 in
682 1598 781 1674 capite
801 1599 850 1658 vel
873 1599 904 1657 in
928 1599 986 1658 fine
1005 1600 1188 1661 consisteret.

167 1689 338 1748 ordinemus
349 1708 419 1766 ergo
434 1688 543 1762 omnia,
552 1690 589 1746 ut
596 1688 769 1747 intellectus
782 1688 836 1747 fiat
849 1689 1014 1763 inlustrior,
1024 1691 1055 1748 et
1067 1693 1190 1765 propter

122 1790 148 1832 rs
167 1778 430 1838 demonstrandam
448 1777 603 1853 petitionis
622 1795 757 1836 causam:
780 1776 903 1837 edoceat
920 1776 1009 1838 Latio
1029 1779 1189 1839 consistere

167 1868 310 1943 Teucros,
333 1867 492 1926 advectum
510 1866 633 1925 Aenean
654 1867 744 1926 classi
761 1867 916 1942 victosque
939 1869 1056 1944 penatis
1080 1868 1189 1928 inferre

168 1961 198 2014 et
216 1957 288 2016 fatis
305 1976 406 2034 regem
425 1974 456 2015 se
475 1955 572 2015 dicere
590 1956 682 2033 posci.
711 1975 765 2032 per
783 1957 903 2034 singula
922 1976 992 2036 ergo
1012 1977 1088 2034 quae
1108 1959 1190 2018 dicta

167 2050 239 2106 sunt
269 2045 506 2105 subaudiendum
534 2047 580 2105 est
607 2044 743 2121 edoceat,
772 2045 845 2105 item
868 2047 1059 2110 inferioribus
1084 2054 1189 2125 aptan-

167 2136 251 2210 dum,
281 2138 317 2193 ut
344 2136 385 2196 sit
412 2136 535 2195 edoceat
561 2136 674 2194 multas
698 2136 795 2213 gentis
818 2138 884 2196 viro
908 2136 1060 2197 Dardanio
1083 2157 1114 2198 se
1138 2140 1188 2197 ad·

121 2239 148 2279 ro
166 2227 302 2303 iungere,
325 2227 399 2282 item
422 2224 544 2284 edoceat
561 2225 624 2283 late
642 2223 731 2285 Latio
749 2226 949 2286 increbescere
967 2246 1084 2289 nomen.
1116 2228 1189 2287 haec

167 2315 303 2390 exempla
325 2314 470 2390 loquendi
490 2314 630 2373 debemus
652 2314 781 2388 imitari,
805 2334 873 2373 cum
897 2315 1000 2391 aliqua
1023 2317 1189 2377 scribimus.

167 2404 271 2463 odiosa
298 2407 344 2463 est
372 2403 452 2462 enim
479 2405 511 2462 in
533 2403 580 2462 his
604 2405 801 2477 continuatio,
824 2423 901 2480 quae
924 2404 959 2463 fit
981 2405 1098 2480 melior,
1122 2425 1189 2465 cum

167 2514 262 2551 unum
289 2493 414 2552 verbum
440 2493 472 2551 in
499 2493 598 2552 medio
630 2494 763 2569 positum
791 2492 995 2569 superioribus
1023 2493 1115 2553 simul
1144 2496 1189 2554 in·

166 2582 385 2659 ferioribusque
407 2582 576 2657 respondet.
616 2581 725 2659 incipit
746 2599 816 2658 pars
836 2582 896 2641 alia
914 2582 1125 2641 mandatorum
1143 2585 1189 2643 in·

122 2684 148 2724 π
167 2672 299 2748 terponi,
326 2675 375 2745 ut,
404 2672 430 2730 si
458 2671 692 2747 inpetrationem
714 2690 774 2730 non
798 2672 982 2745 concederet,
1006 2691 1040 2730 ex
1063 2672 1190 2749 periculi

168 2763 216 2819 sui
246 2759 502 2836 contemplatione
531 2761 693 2835 postulatis
723 2760 881 2821 Diomedes
913 2761 1065 2820 adnueret.
1118 2763 1190 2835 quid
1200 2774 1233 2823 15

167 2855 264 2909 struat
275 2852 322 2909 bis
336 2851 449 2922 coeptis,
465 2867 556 2922 quem,
571 2851 598 2908 si
615 2853 738 2923 fertum
756 2853 903 2922 sequatur,
923 2854 1055 2910 ccentwm
1067 2869 1189 2927 pepone

168 2942 280 3012 cupiat:
298 2941 493 2998 manifestum
512 2942 566 3013 est,
584 2940 695 3015 inquit,
713 2939 787 3014 quid
806 2939 868 3000 eius
887 2942 994 3017 coepta
1012 2942 1189 3019 significent,

167 3030 362 3088 manifestum
389 3047 478 3103 quem
505 3029 608 3104 cupiat
634 3031 785 3102 eventum
814 3030 841 3087 si
867 3029 990 3089 fortuna
1014 3031 1189 3091 consentiat.

122 3131 148 3170 so
168 3118 241 3177 dicit
279 3120 341 3176 iam
376 3118 500 3176 maioris
536 3120 635 3176 metus
672 3136 807 3193 causam,
843 3118 967 3180 Aenean
1002 3121 1189 3193 manifestius

241 3325 348 3377 lecim
367 3341 420 3377 om.
436 3322 479 3377 ed.
536 3322 843 3378 'IAechcorred
896 3330 929 3378 10
943 3331 1081 3393 quo-11
1097 3324 1189 3393 qaoV

168 3395 362 3464 quod-qaod
381 3396 424 3449 ed.
476 3400 509 3448 12
524 3395 681 3450 turbaretur
695 3395 738 3449 ed.
790 3401 822 3449 21
839 3395 1003 3464 loqucudiV
1016 3397 1131 3451 docemi
1145 3396 1187 3450 ed.

168 3472 202 3520 25
222 3473 248 3521 et
261 3465 421 3534 periculiV
440 3483 474 3520 ex
486 3483 517 3534 p.
537 3466 581 3519 ed.
661 3471 696 3521 28
719 3469 815 3535 cupiat
838 3484 891 3521 om.
907 3466 940 3521 V.
1020 3473 1055 3521 30
1073 3469 1189 3523 Aeacon

168 3537 382 3604 croaifcstiusV
401 3539 517 3593 Aeacon
535 3554 588 3591 om.
605 3538 663 3593 ed:
681 3537 748 3592 hinc
767 3540 852 3607 atque
871 3554 906 3592 ex
923 3538 959 3592 iia
978 3555 1050 3607 quae
1069 3555 1189 3608 sequun-

167 3613 215 3663 tur
243 3612 361 3676 apparet
385 3609 527 3663 Donatum
554 3610 730 3677 manifestius
751 3627 803 3680 pro
826 3608 978 3677 adverbio,
999 3628 1139 3680 apparere
1161 3611 1203 3661 be

169 3680 338 3733 occurrendo
364 3681 519 3749 accepisse;
551 3700 619 3738 nam
648 3683 728 3755 quod
756 3702 847 3756 supra
879 3683 955 3740 dicit
986 3682 1222 3749 masticatum-

156 3750 333 3811 manifestum
352 3767 389 3803 ex
405 3752 466 3807 solo
487 3759 690 3828 comparativo
712 3759 821 3818 eiicere
842 3758 905 3815 sibi
921 3757 1058 3813 uidetur.

1049 3861 1089 3918 Q*
