2725 4150
186 338 252 403 220
471 334 921 392 consumpseramus.

183 503 340 580 praebebit
361 503 447 564 nobis
465 506 627 564 transitum
649 505 733 564 locus
756 503 811 581 qui
833 507 918 583 patet
938 505 972 563 in
994 503 1076 564 bivio
1099 507 1203 581 portae

184 612 262 670 quae
291 595 428 670 proxima
461 596 563 670 ponto.
608 613 767 671 pergemus
794 595 979 670 quaesitum,
1008 594 1065 654 hoc
1092 596 1139 654 est
1165 594 1205 654 ad

183 682 410 759 inquisitionem
423 681 542 742 Aeneae
560 685 592 742 et
608 683 783 743 Pallanteae
802 682 945 744 civitatis.
971 682 1029 743 erit
1046 703 1204 762 argumen-

183 774 249 831 tum
267 773 476 850 prosperitatis
494 773 584 832 istius
602 773 638 831 ut
660 773 789 833 videatis
812 772 934 832 reduces
958 775 1080 832 onustos
1099 774 1204 850 spoliis

183 865 215 920 et
240 865 362 938 peracta
389 861 479 921 caede
505 863 643 922 victores.
689 862 790 939 potuit
812 863 872 921 dici
899 861 1049 938 quomodo
1073 863 1204 940 pergatis
1232 876 1243 918 s

184 952 237 1027 qui
259 953 341 1011 viam
363 970 423 1010 non
445 949 562 1011 nostis?
593 951 665 1010 huic
691 952 774 1028 parti
797 953 926 1012 occurrit
953 951 1053 1012 dicens
1075 968 1129 1011 nee
1150 969 1205 1011 reos

182 1041 234 1099 cia
254 1041 335 1113 fallit
357 1041 460 1099 erretis.
497 1059 562 1100 ecce
586 1041 711 1101 accessit
728 1040 819 1100 huius
841 1041 886 1100 rei
909 1041 1053 1101 adsentior
1075 1041 1204 1100 videres

120 1130 314 1188 subobscuris
340 1130 473 1202 primam
503 1130 559 1189 sub
590 1130 720 1190 callibus
748 1131 850 1190 urbem
880 1134 989 1189 cenato
1021 1130 1147 1190 adsideo
1179 1134 1205 1190 et

182 1221 272 1276 totusm
295 1219 481 1292 coercuimus
499 1235 624 1278 comem,
664 1218 714 1279 hie
735 1239 796 1279 nou
820 1220 991 1295 quaerenda
1010 1221 1056 1280 est
1077 1221 1204 1295 veritas3

182 1307 273 1365 eundi
302 1309 382 1366 enim
411 1308 515 1385 cupidi
543 1311 708 1386 potuerunt
734 1310 768 1367 in
798 1327 854 1369 sua
884 1309 1051 1368 adsertione
1073 1308 1203 1368 mentiri.
1222 1324 1245 1364 ιο

181 1396 355 1475 adsignavit
373 1396 533 1457 dictionem
552 1400 642 1475 poeta
659 1397 815 1458 hominum
832 1397 1090 1475 perturbatorum
1111 1417 1204 1476 supra

181 1485 262 1545 enim
291 1486 368 1546 dixit
396 1485 510 1563 primus
537 1487 622 1547 Iulus
653 1488 770 1563 accepit
797 1487 939 1564 trepidos.
993 1488 1074 1547 hunc
1103 1488 1204 1548 locum

181 1576 315 1635 dicamus
346 1576 493 1653 apertius:
526 1576 629 1636 audite
662 1596 679 1637 ο
712 1577 861 1636 mentibus
894 1577 1011 1652 aequis,
1034 1576 1203 1653 Aeneadae,

180 1685 255 1725 neve
272 1666 346 1725 haec
363 1664 474 1724 nostris
493 1668 666 1742 spectentur
684 1666 722 1725 ab
741 1665 827 1725 annis
847 1686 925 1742 quae
948 1667 1080 1726 ferimus.
1120 1668 1203 1744 prin·

181 1755 327 1831 cipiornm
355 1773 459 1817 cursus
486 1755 578 1814 habet
600 1756 856 1816 continuationem
879 1774 978 1831 suam,
1006 1757 1058 1815 sed
1080 1756 1203 1832 quando
1222 1769 1246 1811 rs

181 1847 227 1903 est
249 1843 288 1903 ad
307 1844 368 1902 alia
386 1847 509 1903 ventum
532 1849 635 1905 exorta
651 1845 833 1922 interruptio
852 1847 911 1921 est3
934 1845 987 1904 ubi
1005 1846 1082 1904 enim
1103 1846 1205 1924 coepit

181 1934 278 1993 dicere
311 1932 384 2009 quid
415 1934 516 1994 hostes
544 1937 668 2013 agerent
697 1954 758 1994 non
786 1936 941 1994 coniunxit
967 1933 1121 2009 universa,
1151 1936 1204 1996 sed

179 2022 301 2083 miscuit
323 2041 400 2099 quae
423 2024 462 2083 ad
489 2025 575 2085 actus
597 2024 779 2084 Rutulorum
807 2043 867 2084 non
895 2025 1080 2101 pertinerent
1106 2025 1138 2084 et
1164 2025 1205 2085 ad

180 2132 215 2172 ea
237 2131 357 2173 rursum
379 2115 533 2173 revolutus
557 2116 602 2173 est
625 2117 656 2173 et
677 2115 720 2174 sic
743 2113 895 2191 conplevit
915 2113 1105 2190 interposita.
1150 2115 1203 2176 sed

179 2203 254 2262 haec
276 2202 412 2262 confusio
431 2203 512 2263 facta
536 2203 724 2263 ordinatione
742 2203 960 2263 monstrabitur
978 2206 1009 2262 et
1030 2203 1204 2265 invenietur
1220 2216 1246 2258 re

179 2291 349 2351 intellectus
372 2292 554 2352 instructior.
606 2292 716 2352 Rutuli
737 2312 840 2353 somno
863 2292 994 2368 vinoque
1017 2292 1110 2353 soluti
1132 2312 1203 2353 con·

179 2381 303 2457 ticuere,
320 2382 484 2459 interrupti
506 2382 590 2459 ignes
614 2385 737 2458 aterque
761 2383 800 2442 ad
822 2382 920 2443 sidera
943 2382 1045 2442 fumus
1066 2383 1202 2461 erigitur,

178 2471 235 2531 hoc
252 2472 384 2546 pertinet
407 2471 445 2529 ad
464 2473 549 2530 actus
568 2471 759 2532 Rutulorum.
795 2471 906 2532 dicitur
925 2472 999 2547 quid
1018 2474 1049 2530 et
1071 2473 1202 2548 quasia

179 2559 355 2619 faciundum
379 2559 432 2619 sit:
458 2560 559 2619 locum
581 2561 700 2621 insidiis
728 2561 934 2638 conspeximus
957 2562 1016 2638 ipsi
1039 2561 1094 2637 qui
1115 2564 1202 2639 patet

178 2648 209 2707 in
228 2648 310 2708 bivio
333 2651 438 2725 portae
462 2669 540 2726 quae
558 2650 696 2726 proxima
713 2654 820 2726 pontu,
839 2652 865 2710 si
884 2650 1006 2710 fortuna
1023 2651 1201 2727 permittitis
1219 2663 1243 2704 ’ὅ

178 2738 224 2797 uti
242 2737 413 2814 quaesitum
430 2737 553 2798 Aenean
576 2740 607 2798 et
628 2739 748 2799 moenia
774 2740 945 2815 Pallantea,
968 2759 1037 2799 mox
1059 2740 1108 2799 hic
1131 2760 1200 2802 cum

179 2827 283 2904 spoliis
306 2826 423 2905 ingenti
446 2827 536 2887 caede
558 2831 681 2905 peracta
705 2828 807 2889 adfore
831 2831 971 2904 cometis,
993 2848 1048 2888 nec
1071 2848 1125 2889 nos
1148 2831 1200 2892 via

179 2917 259 2976 fallit
281 2918 393 2993 euntis3
415 2916 546 2976 vidimus
564 2916 699 2977 obscuris
721 2918 850 2995 primam
868 2919 922 2979 sub
941 2918 1071 2978 vallibus
1094 2919 1200 2980 urbem

178 3008 291 3066 venatu
314 3004 452 3082 adsiduo,
476 3009 507 3065 et
528 3008 628 3067 totum
651 3009 845 3085 cognovimus
868 3028 994 3067 emnem.

249 3095 310 3154 Hic
332 3096 421 3154 anem
441 3097 544 3169 praeis
567 3100 652 3168 crece
670 3097 766 3156 animi
787 3102 923 3156 meteres
945 3096 1058 3157 Aletes:
1085 3103 1199 3161 maturi
1215 3109 1242 3150 ω

177 3185 306 3244 hominis
321 3188 352 3244 et
363 3187 482 3243 tantam
496 3184 729 3245 sollicitudinem
743 3187 872 3264 gerentis
888 3187 985 3262 qualis
999 3206 1061 3248 esse
1075 3207 1197 3267 respon·

177 3275 222 3333 sio
237 3274 344 3333 debeat
357 3273 521 3334 videamus.
558 3275 601 3334 dii
608 3276 713 3347 patret,
733 3293 856 3350 puerum
873 3293 987 3349 semper
1004 3279 1058 3337 sub
1076 3281 1198 3340 nemine

179 3364 270 3422 Troia
293 3368 346 3432 est,
369 3381 429 3422 noc
452 3368 549 3422 tamen
572 3365 690 3423 manino
714 3365 841 3425 Teucros
863 3365 957 3424 delere
975 3368 1106 3439 paretis,
1131 3387 1197 3429 cum

249 3520 265 3568 3
284 3516 322 3569 ad
340 3518 515 3572 Pallanteum
532 3518 669 3572 cimicum
688 3518 731 3572 ed.
790 3523 807 3571 4
825 3518 936 3573 reduces
949 3519 975 3572 V
992 3520 1133 3576 redeuntes
1151 3522 1194 3577 ed.

174 3591 210 3638 16
229 3587 523 3643 adomvrrorred.
585 3594 617 3641 21
637 3590 749 3644 mitulus
761 3588 795 3643 V.
859 3595 892 3643 23
912 3591 1098 3646 aestcsVed.
1118 3600 1196 3650 aetus

147 3659 395 3791 3202272⁰2defn
415 3677 503 3733 supra
522 3660 609 3717 dicta.
668 3666 703 3716 26
721 3660 885 3716 edessenis
903 3662 945 3716 ed.
1002 3667 1035 3717 30
1054 3665 1148 3721 aleltee
1161 3664 1194 3722 V.
