2725 4150
562 332 791 389 muumosx
1121 336 1186 404 301

166 502 342 564 violentiam
371 503 499 564 senserit
528 505 559 563 et
587 522 648 564 non
675 501 804 582 emergit
826 521 862 562 ex
889 502 952 563 alto
975 502 1103 581 pectoris
1127 504 1187 564 nisi

167 592 249 670 quod
280 593 312 652 vi
343 593 476 671 cogentis
509 592 687 653 excluditur.
742 592 887 653 obductus
919 611 990 653 vero
1023 593 1109 652 dolor
1140 595 1187 654 est

167 701 255 759 quem
277 682 355 761 tegit
376 682 525 758 patientia
548 682 776 743 dissimulantis.
818 679 1027 742 commendata
1048 682 1081 741 in
1104 680 1186 759 prin·

166 770 252 848 cipiis
276 789 403 848 persona
430 790 485 833 sua
512 773 543 831 et
569 771 703 833 diversam
726 769 822 848 partis
850 771 1004 831 nonnullis
1026 771 1185 832 calumniis

134 879 288 938 caspersa
317 859 419 920 omisit
447 861 663 937 narrationem,
694 862 766 937 quia
793 860 872 920 banc
899 859 998 937 ipsam
1025 859 1186 920 scientibus

163 949 299 1028 ingerere
328 950 428 1009 fuerat
457 949 601 1011 vitiosum
627 953 658 1010 et
687 949 727 1010 ad
755 949 837 1026 ipsas
868 949 1058 1026 quaestiones
1087 949 1184 1029 magis

164 1039 265 1099 fuerat
287 1040 517 1116 properandum.
561 1037 594 1098 in
623 1039 671 1099 his
699 1040 810 1116 quippe
838 1041 869 1099 et
894 1040 1021 1118 purgari
1043 1057 1075 1099 se
1098 1057 1185 1117 posse

165 1127 370 1187 arbitrabatur
399 1128 475 1188 Iuno
505 1131 536 1189 et
564 1128 710 1188 Troianos
741 1129 799 1189 sibi
827 1128 942 1205 potius,
969 1147 1030 1188 non
1052 1129 1184 1205 aliquem

166 1217 330 1293 aliquando
353 1218 489 1278 nocuisse
512 1219 631 1294 poterat
649 1218 861 1278 demonstrare.
893 1214 1018 1278 Aeacon
1035 1217 1185 1277 minam
1204 1230 1238 1281 65

120 1328 146 1368 ιο
164 1308 320 1380 quisquerat
343 1307 499 1383 divamque
520 1307 631 1381 sabeqit
654 1307 730 1366 teila
752 1308 835 1379 sequi
857 1310 910 1366 aut
935 1307 1043 1367 lanera
1071 1308 1133 1382 reqa'
1154 1324 1186 1368 sc

164 1397 275 1469 inferre
296 1395 430 1456 Latiae?
474 1394 585 1455 nititur
611 1396 745 1456 colorare
773 1414 894 1455 causam
920 1396 1045 1455 malam:
1067 1395 1185 1456 Aeneas

165 1487 245 1544 enim
276 1504 337 1545 non
363 1486 460 1546 movit
486 1484 611 1561 bellum,
639 1484 692 1545 sed
714 1483 911 1544 existentibus
933 1483 1063 1545 inimicis
1087 1485 1186 1546 adfuit

164 1575 223 1634 sibi
245 1593 299 1633 nee
317 1573 427 1635 Latino
450 1594 482 1636 se
504 1575 620 1634 hostem
638 1575 806 1650 professus,
823 1573 876 1634 sed
896 1573 942 1633 his
966 1575 1019 1651 qui
1040 1573 1185 1634 instincta

163 1663 259 1740 ipsius
282 1662 407 1724 Iunonis
429 1663 521 1741 primi
538 1667 731 1740 sumpserunt
748 1682 840 1723 arma.
872 1663 996 1722 Italiam
1009 1663 1096 1737 petiit
1111 1665 1185 1736 fatis

120 1773 145 1814 15
164 1754 347 1822 accwribcs,
371 1758 442 1823 esto,
468 1752 658 1813 Cassandrae
684 1753 823 1827 inpulsas
848 1753 954 1826 fatis:
983 1755 1014 1812 et
1039 1750 1088 1811 hic
1116 1752 1184 1812 sub-

165 1842 287 1902 auditur
309 1846 383 1902 esto.
415 1845 446 1903 et
464 1842 538 1918 quia
559 1843 617 1903 hoc
639 1862 749 1921 negare
771 1861 832 1902 non
854 1842 956 1919 potuit
978 1840 1058 1918 quod
1080 1861 1185 1901 verum

164 1949 227 1990 esse
251 1932 421 2009 constabat,
444 1951 504 1992 non
527 1951 601 1992 ausa
623 1935 670 1992 est
692 1930 865 2009 inprobare,
889 1932 962 2009 quin
985 1929 1087 2009 potius
1115 1949 1183 1991 con·

164 2021 256 2081 sensit
283 2023 314 2081 et
340 2024 396 2083 hoc
423 2021 531 2082 nititur
558 2021 618 2082 alio
641 2041 749 2100 genere
772 2039 979 2100 praegravare.
1025 2039 1110 2091 awm,
1138 2022 1183 2081 in·

164 2110 243 2187 quit,
273 2111 403 2185 ttaqaere
430 2116 529 2172 eastra
557 2112 664 2171 hortati
691 2129 794 2171 sumas
823 2115 877 2171 aut
897 2112 990 2171 &aaa
1012 2112 1184 2171 committere

118 2220 145 2260 ao
162 2201 275 2258 acatis?
322 2202 360 2261 ad
389 2203 549 2277 utrumque
578 2202 721 2277 pertinet,
751 2200 784 2260 id
813 2204 859 2261 est
888 2200 927 2260 ad
956 2202 1055 2260 castra
1084 2203 1115 2260 et
1144 2201 1184 2260 ad

163 2290 396 2368 navigationem
447 2309 512 2349 ecce
540 2292 751 2369 argumentum
778 2289 902 2349 Iunonis
930 2291 1035 2349 contra
1057 2288 1182 2349 Veneris

162 2380 330 2439 inventum:
341 2380 466 2439 Veneris
476 2379 555 2438 enim
564 2379 724 2439 consilium
733 2379 793 2438 fuit
801 2398 862 2438 non
876 2396 1015 2438 accusare
1029 2378 1183 2455 plurimos,

162 2468 235 2527 haec
268 2469 376 2529 nititur
407 2469 530 2529 miscere
563 2468 621 2528 sibi
653 2468 729 2528 alios
762 2467 917 2543 omnisque
950 2469 1115 2541 conectere,
1147 2470 1183 2526 ut

162 2577 255 2616 unam
278 2558 412 2617 omnium
434 2558 528 2617 faciat
550 2576 686 2632 causam,
709 2576 745 2617 ne
768 2558 834 2617 sola
852 2558 930 2615 esset
947 2556 979 2615 in
998 2555 1182 2615 obiectorum

117 2664 143 2706 ao
162 2646 288 2706 invidia.
336 2647 553 2724 numquidnam
585 2665 653 2721 nos,
687 2644 801 2722 inquit,
835 2663 903 2704 eum
934 2663 1036 2704 sumus
1068 2644 1183 2705 hortati

162 2740 328 2796 castrorum
357 2740 425 2797 tuta
455 2737 606 2796 dimittere
636 2738 667 2795 ct
696 2736 881 2795 committere
909 2735 1042 2793 animam
1064 2733 1182 2794 ventis?

162 2828 208 2884 est
230 2845 334 2885 revera
361 2826 525 2885 maximum
553 2826 673 2903 signum
699 2825 878 2883 temeritatis
902 2826 933 2883 et
954 2821 1181 2899 reprehensione

162 2913 286 2992 dignum
306 2916 387 2991 quod
404 2917 502 2992 primo
520 2915 586 2974 loco
606 2912 733 2974 credidit
751 2910 953 2987 obiciendum,
972 2912 1024 2972 sed
1041 2911 1074 2972 id
1087 2914 1180 2973 retor-

162 3003 312 3080 quendum
343 3006 376 3063 in
408 3024 474 3063 eam
506 3023 583 3080 qaae
611 3001 763 3062 hominem
793 3002 929 3078 quietum
957 3000 989 3060 in
1018 3002 1182 3062 extremam

116 3111 142 3151 aa
160 3093 369 3153 necessitatem
387 3094 523 3170 conpulit
540 3092 619 3152 bello
638 3092 799 3166 commoto,
818 3093 853 3149 ut
871 3090 965 3151 satius
985 3094 1064 3151 esset
1080 3095 1180 3168 petere

160 3184 275 3241 incerta
297 3184 420 3259 propter
442 3183 667 3258 expeditionem.
682 3179 881 3241 neeessariam
904 3184 997 3258 quam
1023 3199 1092 3239 oum
1112 3180 1181 3257 ipsa

161 3275 325 3331 castrorum
350 3271 520 3331 defensione
544 3270 687 3331 consumi.
732 3288 804 3330 aum
824 3286 916 3345 puero
939 3265 1086 3331 ammam
1104 3269 1179 3338 belli,
1200 3278 1233 3327 το

232 3449 248 3497 6
267 3443 305 3497 ad
318 3441 370 3496 VR
388 3444 421 3498 ob
439 3443 482 3497 ed.
561 3446 576 3495 '1
591 3441 802 3510 proponendam
821 3440 864 3496 ed.
943 3445 975 3494 11
995 3439 1115 3495 colorare
1128 3437 1180 3493 VR

160 3514 275 3570 tolerare
294 3514 364 3568 cdl'.
439 3520 471 3568 12
491 3514 563 3569 caim
577 3512 629 3567 VR
646 3513 747 3582 quippe
760 3512 804 3567 ed.
826 3515 829 3582 l
850 3512 958 3567 monuit
969 3510 1021 3565 VR
1038 3512 1121 3565 mouit
1135 3510 1179 3566 ed.

161 3591 195 3639 13
209 3586 311 3640 Latini
328 3586 372 3639 ed.
418 3591 453 3639 14
469 3587 540 3655 petit
551 3584 604 3638 VR
617 3586 701 3653 petiit
718 3602 739 3639 r.
786 3588 820 3637 20
839 3584 877 3638 ad
890 3589 982 3638 castra
994 3583 1020 3636 R
1038 3582 1076 3637 ad
1090 3580 1179 3636 omV

160 3657 203 3710 ed.
226 3658 229 3728 ι
250 3658 288 3711 ad
301 3659 393 3728 accip.
408 3656 460 3710 Vlt
477 3658 516 3711 ad
529 3674 583 3711 om.
598 3656 642 3711 ed.
694 3660 727 3709 27
742 3660 768 3711 ct
781 3654 834 3710 VR
847 3654 894 3711 ed.
907 3660 1024 3712 atnoe.
1065 3657 1105 3706 ‘ab
1112 3653 1195 3705 betto

160 3735 287 3782 commoto
300 3744 352 3782 om.
364 3728 406 3783 ed.
464 3734 496 3783 31
512 3728 774 3803 expetitioncmlllt
787 3727 923 3787 corued.
977 3731 1018 3781 ‘aa
1034 3717 1220 3795 pmcoaffi
