2725 4150
188 337 232 402 32
473 333 614 390 DONATI
631 334 802 390 INTERPR.
815 333 923 388 VERG.

188 523 290 562 eorum
312 503 499 579 postulatum
520 505 551 563 et
568 505 648 563 ultro
667 503 780 562 obtulit
797 501 878 578 quod
892 502 1033 579 sperabat
1049 502 1207 580 petitiuoa

187 593 294 652 melius
324 593 404 651 enim
433 593 494 652 fuit
523 596 628 670 sponte
657 594 792 670 ingerere
823 592 902 668 quod
929 592 1119 668 poscentibus
1146 610 1208 650 non

187 681 289 741 fuerat
323 684 487 760 negaturus
518 685 551 741 in
587 701 622 742 eo
657 683 724 758 ipso
760 681 917 740 cumulans
951 681 1141 756 beneficium,
1173 685 1209 740 ut

187 788 292 830 eorum
312 772 476 831 amicitiam
495 772 615 831 offerret
632 771 685 848 qui
704 790 722 829 a
741 770 872 830 Saturno
896 789 990 848 genus
1008 773 1039 830 et
1062 770 1208 848 originem

125 859 339 920 subducerent.
376 865 461 933 atque
479 861 610 933 equidem
626 861 748 919 memini
765 860 864 933 (faena
882 864 924 919 est
941 861 1091 919 obsearhr
1104 860 1208 933 anais)
1241 872 1254 912 s

187 949 346 1009 Auruncos
368 951 411 1009 ita
437 951 516 1023 serre
542 967 638 1008 senes:
670 953 801 1009 veterem
823 949 898 1009 satis
921 951 1096 1009 memoriam
1118 949 1209 1025 repli-

188 1043 238 1098 cat
263 1058 324 1097 non
355 1041 474 1097 tantum
502 1037 559 1096 sibi
586 1039 661 1098 vitio
690 1039 882 1116 antiquitatis
915 1039 1073 1098 obscuram
1104 1058 1208 1098 verum

188 1128 280 1186 etiam
306 1128 457 1187 Auruncis
485 1128 605 1186 senibus
627 1129 760 1188 tenuiter
782 1132 899 1201 notam,
928 1129 980 1204 qui
1002 1128 1112 1186 referre
1140 1146 1209 1187 con·

188 1218 324 1276 suessent
356 1236 433 1293 quae
464 1216 544 1275 infra
571 1217 678 1277 tenuit.
724 1219 783 1287 his,
811 1217 925 1293 inquit,
955 1221 1036 1275 ortus
1065 1221 1099 1275 at
1128 1218 1210 1291 apris

187 1306 355 1364 Dardanas
383 1305 495 1364 Idaeas
523 1307 670 1382 Phrygiae
695 1309 862 1381 penetrauit
890 1306 930 1365 ad
953 1306 1037 1364 artis
1061 1305 1255 1364 hiraetes-10

188 1412 292 1466 amque
308 1394 445 1464 Samma,
469 1413 543 1468 qaae
565 1415 645 1456 nahe
666 1397 871 1456 Samothracia
888 1398 990 1468 ferhhr.
1035 1394 1103 1452 hiae
1124 1395 1212 1453 ilhhrh

125 1492 178 1541 210
190 1482 307 1558 Corythi
339 1485 493 1559 Tyrrhena
529 1487 567 1545 ab
603 1486 669 1545 sede
700 1487 866 1558 profectura
898 1500 991 1543 aurea
1022 1500 1102 1541 husae
1137 1484 1211 1542 solio

187 1573 330 1633 stellantis
346 1574 435 1646 reaia
457 1575 531 1633 caeli
554 1577 660 1648 aeapit
681 1579 883 1633 ethelmerum
905 1573 1040 1631 diuorum
1066 1572 1212 1632 altaribus

188 1667 288 1737 capet:
305 1662 442 1722 omnibus
460 1664 557 1723 modis
575 1664 735 1723 adstruens
752 1661 986 1722 benivolentiam
1001 1680 1086 1721 suam
1104 1662 1211 1722 multis

187 1752 345 1830 generibus
363 1753 496 1812 ostendit
514 1772 564 1812 eos
581 1753 690 1812 habere
709 1752 814 1811 debere
831 1751 972 1810 fiduciam
991 1751 1211 1827 praesumendi,
1231 1765 1256 1806 ιε

189 1841 262 1900 adeo
287 1845 321 1900 ut
344 1842 464 1901 adserat
490 1843 569 1901 inter
596 1843 741 1901 Troianos
769 1844 799 1901 et
826 1841 920 1906 Italos
948 1841 1066 1899 nullum
1093 1840 1210 1917 generis

188 1948 251 1989 esse
279 1930 446 2001 discrimen.
492 1932 562 1991 licet
593 1931 741 2004 obruerit,
772 1930 886 2006 inquit,
918 1931 1009 2008 longa
1040 1933 1212 2006 temporum

189 2021 278 2080 series
302 2020 474 2095 veritatem,
501 2023 631 2081 novatur
657 2024 759 2080 tamen
786 2039 855 2080 eum
876 2018 1073 2080 relationibus
1097 2037 1211 2095 senum,

188 2111 299 2170 transit
322 2111 361 2169 ad
383 2115 528 2186 posteros.
574 2110 723 2169 Aunmcis
751 2110 876 2186 quippe,
907 2113 943 2169 ut
971 2110 1107 2182 memini,
1135 2109 1211 2168 refe·

187 2200 324 2260 rentibus
346 2200 442 2260 habeo
461 2204 635 2276 conpertum
652 2200 828 2259 Dardanum
850 2200 882 2256 in
900 2201 947 2258 his
969 2200 1104 2276 genitum
1121 2198 1211 2258 terris
1231 2215 1258 2255 re

189 2290 356 2367 profectum
388 2308 451 2348 esse
484 2289 522 2348 ad
554 2289 731 2367 Phrygiam,
762 2289 831 2346 inde
865 2288 923 2347 isse
957 2288 995 2346 ad
1022 2287 1213 2346 Thraeiciam

191 2379 326 2455 Samum,
363 2398 440 2454 quae
476 2378 692 2455 posterioribus
730 2377 856 2437 saeculis
890 2376 1098 2436 Samothracia
1130 2377 1213 2437 dicta

190 2474 249 2545 est,
272 2489 291 2528 a
315 2468 446 2545 Corytho
474 2487 545 2528 vero
576 2468 615 2526 ad
638 2469 755 2527 caelum
783 2486 846 2527 esse
875 2466 1027 2525 sublatum
1051 2470 1081 2525 et
1103 2468 1211 2527 merito

189 2558 325 2618 inlustris
349 2559 430 2617 vitae
451 2558 582 2616 relatum
603 2558 683 2616 inter
706 2557 784 2616 deos
825 2556 904 2615 unde
928 2557 1027 2631 coepit
1049 2554 1119 2614 inde
1143 2574 1212 2615 con-

190 2648 281 2707 clusit
304 2647 464 2707 dictionem
487 2666 587 2720 suam3
614 2666 685 2705 nam
713 2646 858 2723 incipiens
883 2644 960 2704 dixit
987 2645 1111 2719 „dicite,
1136 2644 1212 2703 Dar·
1231 2660 1257 2701 rs

190 2736 339 2796 danidae“
363 2739 394 2795 et
417 2736 497 2812 quod
519 2736 653 2795 clausum
671 2738 751 2795 inter
767 2734 858 2794 initia
880 2734 941 2793 fuit
959 2733 1078 2810 aperuit
1094 2733 1126 2790 in
1144 2734 1213 2808 fine,

189 2829 226 2885 ut
252 2824 376 2884 Troiani
407 2845 467 2884 non
494 2827 615 2883 tanturn
644 2824 680 2883 de
715 2844 794 2885 nova
821 2822 970 2882 amicitiae
1004 2823 1213 2883 coniunctione

191 2935 293 2976 verum
316 2914 408 2973 etiam
431 2914 467 2973 de
490 2914 655 2973 adfinitatis
679 2914 789 2973 fiducia
813 2912 1021 2990 gloriarentur.

261 3005 400 3072 Dixerat,
430 3008 455 3061 et
478 3004 557 3062 dicta
579 3004 717 3062 Ilioneus
744 3005 787 3063 sic
813 3019 880 3061 ecee
907 3007 1036 3062 secatae:
1067 3001 1139 3060 licet
1161 3002 1213 3061 ille

190 3094 457 3171 interrogationem
480 3111 565 3152 suam
592 3094 772 3152 relevaverit
800 3092 947 3151 offerendo
971 3093 1109 3150 Troianis
1134 3110 1213 3168 quae
1233 3107 1260 3146 eo

263 3305 279 3354 2
298 3300 438 3369 ingredere
451 3298 509 3352 VH
526 3300 648 3368 ingerere
667 3296 720 3351 OU
740 3297 783 3351 ed.
837 3302 852 3351 9
872 3314 941 3366 qaae
959 3298 1036 3364 iustu
1055 3298 1144 3352 tehait
1157 3295 1214 3350 VU

191 3370 332 3427 meminit?
350 3388 421 3440 quae
433 3372 506 3425 trater
518 3370 607 3424 terruit
620 3369 647 3422 H
665 3386 735 3438 qaae
748 3371 850 3424 itehait
863 3369 886 3423 Ο
901 3384 969 3437 qaae
982 3375 1134 3436 sequautur
1147 3367 1215 3491 cdx)

191 3441 670 3513 hisiaqaitachreortusatcd.
721 3446 753 3493 12
773 3439 922 3495 asedeed.
969 3444 1001 3491 19
1021 3440 1175 3494 transituri

192 3514 290 3568 deiude
307 3516 441 3583 interpos.
461 3514 504 3568 ed.
569 3518 603 3566 23
623 3513 763 3567 chorintho
781 3511 807 3565 V
826 3516 922 3580 (supra
940 3512 1035 3578 recte).
1098 3517 1132 3563 24
1151 3528 1216 3565 core

180 3585 270 3638 clusit
286 3585 312 3636 V
324 3587 469 3641 emicavit
480 3585 508 3639 H
527 3585 660 3641 conduxit
678 3582 732 3637 OU
752 3583 808 3637 ed:
828 3599 894 3651 ergo
913 3581 943 3634 in
963 3582 1103 3634 communi
1122 3598 1215 3636 exem-

161 3650 248 3714 Plarr'
274 3659 425 3713 amaheae
448 3659 539 3715 fnisse
565 3657 692 3725 videtur,
719 3654 797 3726 quod
815 3654 845 3709 il
868 3652 1009 3718 reddidit,
1031 3652 1120 3705 ceteri
1142 3653 1215 3706 lalsc

153 3724 399 3784 emendaverunt,
