2725 4150
553 327 738 388 AENEIDOS
756 326 796 381 XI
1120 333 1185 398 417

162 499 238 556 haec
257 515 335 572 quae
354 498 568 556 contexuerunt
585 497 680 574 virgis
694 495 909 556 inumbrabant
922 497 1037 557 frondis
1054 497 1187 572 obtentu,

163 587 220 647 hoc
251 593 297 646 est
324 584 466 664 tegebant
492 585 597 646 fronde
626 589 657 645 et
683 585 898 646 inumbrabant
923 586 1081 661 interiora,
1110 606 1187 663 quae

163 675 256 736 ramis
288 674 430 735 mollibus
458 674 673 752 frondibusque
701 677 898 736 contexerant
943 694 1035 752 quam
1064 676 1188 752 pulchre

163 764 267 841 posuit
289 763 475 823 inumbrant!
507 783 567 823 non
586 764 665 824 enim
682 764 744 824 illis
763 767 817 824 aut
835 765 955 842 penitus
976 766 1117 843 adempta
1136 764 1188 824 lux

132 875 144 915 s
163 855 264 914 fuerat
287 856 341 912 aut
359 854 398 912 ad
416 853 537 930 plenum
555 853 748 912 tenebrarum
767 854 933 914 crassitudo
953 857 1102 932 congesta.
1132 855 1186 925 bic,

163 944 221 1003 hoc
243 944 343 1003 estin
366 943 490 1018 feretro,
511 944 646 1002 imoemem
668 944 777 1018 opresti
799 944 952 1002 sublimem
974 945 1115 1003 stramine
1135 961 1188 1017 pe-

164 1036 253 1092 mmmt:
277 1035 394 1110 agreste
416 1035 549 1092 stramen
571 1033 617 1091 est
640 1032 720 1107 quod
738 1032 838 1091 herbis
857 1050 928 1110 agro
947 1033 1089 1093 detractis
1113 1035 1187 1093 ster·

164 1124 260 1181 nitur:
289 1139 379 1198 super
400 1121 457 1181 hoc
479 1122 575 1198 igitur
596 1124 764 1197 posuerunt
786 1120 952 1181 sublimem.
990 1123 1105 1194 coelem
1128 1124 1187 1188 oir-

161 1213 247 1286 emec
261 1211 424 1270 demessum
432 1210 538 1284 pollice
551 1212 653 1282 florem
666 1227 718 1269 sem
730 1210 827 1269 emilis
841 1211 935 1270 uiolae
951 1228 1003 1269 sem
1022 1212 1187 1287 iompmmtis

116 1322 145 1362 ro
162 1300 319 1374 hyacinthi,
341 1301 389 1359 mi
404 1316 496 1374 mecm
512 1300 611 1374 sulpur
629 1300 726 1358 udbmc
739 1300 862 1358 mecdmm
875 1318 933 1359 suu
945 1302 1044 1373 forme
1061 1303 1186 1370 recessit,
1207 1315 1240 1364 70

162 1407 224 1447 mm
246 1390 307 1448 iem
329 1393 423 1449 muter
446 1389 500 1447 alit
531 1389 615 1448 tellms
643 1389 773 1463 ciricum
798 1390 962 1448 ministrat:
990 1389 1049 1449 duo
1078 1410 1187 1468 genera

164 1480 237 1538 sunt
258 1477 369 1553 violae,
394 1479 490 1537 crocei
513 1479 620 1537 coloris
648 1481 679 1538 et
702 1479 858 1555 purpurei:
883 1478 963 1554 quod
986 1497 1021 1537 ex
1043 1478 1090 1538 his
1119 1497 1186 1538 con·

162 1572 325 1644 paraverat
345 1567 480 1627 Pallanti
502 1567 659 1643 hyacinthi
690 1569 970 1626 commemoratione
992 1568 1186 1644 monstravit3

163 1659 211 1716 est
229 1659 307 1716 enim
326 1657 433 1716 coloris
453 1656 544 1716 etiem
557 1656 622 1733 ipse
635 1657 787 1732 purpurei.
814 1656 967 1715 inducitur
983 1658 1079 1735 igitur
1097 1657 1186 1717 funus

117 1766 144 1807 1s
162 1746 312 1806 Pallantis
331 1745 462 1806 retinens
477 1746 574 1806 adhuc
588 1746 651 1806 vivi
664 1745 793 1805 hominis
808 1745 945 1822 speciem,
963 1748 1068 1822 itaque
1085 1745 1186 1811 iacens

162 1836 197 1894 in
216 1837 359 1894 stramine
382 1835 474 1894 talem
497 1834 605 1895 habuit
626 1835 756 1895 colorem
775 1836 894 1912 qualem
912 1835 1004 1896 habet
1017 1836 1072 1896 fios
1087 1836 1185 1896 violae

162 1925 212 1985 vel
229 1924 393 2001 hyacinthi,
411 1943 479 1984 cum
496 1924 623 2003 languet
640 1923 774 1984 abscisus
794 1927 824 1982 et
842 1944 910 1984 cum
923 1925 971 1984 illi
985 1924 1081 1985 adhuc
1099 1928 1186 1985 natu·

162 2015 236 2075 ralis
264 2016 420 2091 permanet
445 2014 546 2093 tirlgor
577 2017 609 2074 et
635 2016 737 2074 tamen
764 2015 826 2074 iam
853 2013 926 2075 viris
954 2015 1061 2076 solitas
1090 2018 1187 2076 mater

163 2106 293 2182 denegat
306 2108 395 2164 terra.
425 2108 487 2163 tom
503 2105 637 2178 perminus
654 2105 742 2163 vestis
761 2120 890 2177 auroque
912 2110 1044 2180 ostroque
1066 2107 1187 2180 ripemtis

117 2214 145 2253 so
163 2195 265 2253 extulit
286 2191 421 2256 Aemus:
448 2193 583 2252 dicturus
605 2192 730 2253 Aenean
763 2195 876 2253 vestem
903 2193 1001 2252 funeri
1024 2196 1186 2254 contulisse

162 2283 239 2342 dicit
257 2284 322 2342 eius
340 2284 485 2359 pretium,
504 2282 578 2341 dicit
597 2285 628 2341 et
644 2281 799 2357 meritum,
818 2282 908 2356 duas,
925 2282 1038 2359 inquit,
1056 2284 1187 2359 protulit

162 2373 255 2432 vestis
277 2371 404 2450 rigentis
428 2390 500 2431 auro
520 2374 612 2448 atque
636 2374 731 2446 ostro,
755 2370 871 2430 duabus
895 2372 1009 2431 scilicet
1032 2371 1185 2448 speciebus

161 2462 302 2538 pretiosis
326 2464 357 2519 et
378 2461 511 2538 pulchris
536 2463 667 2521 ornatas.
700 2479 774 2535 emas
796 2462 842 2519 iili
865 2461 943 2519 lectu
962 2461 1096 2520 laborm
1118 2462 1186 2535 ipse

162 2553 226 2611 smis
249 2551 396 2625 quomdam
418 2551 557 2611 momibms
578 2549 705 2610 Sidomic
726 2550 807 2609 Dide
830 2551 939 2624 feceret
964 2553 989 2608 et
1011 2551 1091 2609 immi
1114 2551 1239 2610 telesti

116 2658 143 2698 aa
162 2641 341 2699 discreverat
358 2657 446 2700 omo:
470 2642 544 2717 quot
562 2640 693 2701 vestium
706 2642 880 2699 enumerata
894 2640 966 2699 sunt
978 2637 1099 2698 merita!
1122 2640 1185 2715 has,

161 2729 273 2807 inquit,
291 2730 403 2788 fecerat
415 2728 494 2789 Dido
514 2747 580 2789 ecce
598 2748 707 2805 unum3
727 2748 822 2789 manu
835 2748 890 2788 sua
904 2731 935 2788 et
948 2727 1050 2787 labore
1063 2730 1185 2805 proprio

163 2822 358 2896 augmentum
375 2817 487 2894 laudiS,
511 2820 652 2895 quoniam
674 2818 812 2878 manibus
832 2818 893 2878 suis
918 2820 948 2877 et
964 2817 1067 2877 labore
1090 2818 1185 2895 perfe-

163 2911 257 2983 cerat,
277 2908 332 2967 illa
356 2908 471 2967 scilicet
485 2926 570 2984 ¹quae
593 2907 701 2967 fuisset
717 2909 823 2986 regina
847 2908 877 2965 et
894 2907 1019 2966 haberet
1037 2927 1092 2984 per
1110 2927 1185 2983 quas

162 2998 235 3057 haec
254 2997 378 3072 faceret,
397 2996 468 3056 fecit
487 2999 588 3055 tamen
606 2997 726 3057 Aeneae
745 3016 833 3073 quem
851 2995 997 3055 dilexerat
1014 2997 1186 3072 plurimum,

116 3104 144 3143 eo
161 3090 198 3146 ut
220 3107 324 3147 verum
347 3088 378 3145 et
399 3086 522 3162 plenum
550 3087 678 3145 amantis
703 3086 920 3146 demonstraret
943 3084 1107 3161 adfectum3
1141 3084 1185 3144 Si-

163 3176 254 3235 donia
276 3175 355 3234 Dido
378 3175 503 3234 fecerat:
531 3194 591 3234 non
614 3176 727 3236 fmstra
749 3175 808 3235 loci
830 3175 912 3235 facta
939 3175 1183 3235 commemoratio

163 3268 217 3340 est,
237 3284 305 3325 cum
324 3264 403 3323 enim
422 3264 496 3323 dicit
514 3263 679 3340 Sidoniam,
693 3266 760 3325 vult
779 3264 932 3323 ostendere
946 3263 1077 3323 faciendi
1091 3265 1185 3323 artem

236 3440 252 3488 6
270 3435 395 3490 imoemem
414 3451 468 3490 cm.
482 3433 516 3489 V.
543 3435 546 3506 l
573 3434 755 3490 subtimemV
772 3452 792 3490 s.
808 3437 840 3489 im
858 3434 901 3488 ed.
958 3439 972 3487 'l
992 3439 1096 3503 emeste
1113 3439 1185 3488 stm-

162 3508 236 3561 mime
261 3513 300 3561 est
320 3506 346 3561 V
368 3508 470 3577 apresti
493 3508 626 3563 stramine
648 3507 698 3561 boe
720 3513 758 3561 eet
780 3507 823 3560 ed.
898 3510 931 3559 12
954 3506 1091 3560 violarum
1114 3504 1158 3558 ed.
1180 3505 1190 3573 l

162 3579 364 3646 comparaverit
380 3578 424 3633 ed.
494 3583 527 3632 18
546 3580 603 3633 iam
623 3580 763 3646 transpos.
783 3577 829 3633 ed.
897 3583 935 3631 ‘ti
955 3577 1026 3631 dicit
1045 3574 1104 3629 ,pu
1133 3576 1207 3626 dtctt

163 3667 217 3703 om.
236 3649 279 3703 ed.
352 3655 386 3702 22
402 3650 671 3719 repentis-seilicet
691 3667 747 3706 om.
763 3651 810 3708 ed.
886 3656 926 3706 ‘th
945 3645 1059 3721 quous
1086 3648 1158 3723 quot
1174 3638 1229 3691 eh.

156 3726 194 3771 2⁷
205 3720 298 3771 mem
314 3718 496 3789 Vlmmrio
510 3722 555 3778 ed.
616 3730 651 3781 ss
671 3726 728 3783 sua
741 3724 771 3782 v
787 3727 859 3798 epea
872 3724 924 3781 ea.
982 3726 1025 3775 ee
1044 3716 1179 3775 secessu
1196 3704 1251 3757 ee.

193 3822 253 3859 Don,
263 3821 361 3870 interpr.
372 3826 441 3877 Verg,
457 3830 504 3871 vol
514 3832 549 3873 11.
1043 3830 1085 3880 ‘m
