2725 4150
565 334 749 390 AENEIDOS
762 334 815 389 VII
1154 339 1199 403 45

179 508 336 563 externum
357 503 457 562 virum
479 503 580 563 deberi
598 502 752 564 Lauiniae.
787 503 889 581 potuit
906 506 986 564 enim
1003 504 1121 566 Aeneas
1138 525 1199 565 non

178 594 276 653 rideri
298 595 450 666 externus,
469 593 612 668 quonism
636 612 691 671 per
708 593 897 669 Dardanum,
915 595 951 653 ut
969 613 1061 671 supra
1078 612 1200 673 conpre-

178 685 305 743 hensum
329 684 395 768 est,
424 681 511 741 Italis
543 683 644 742 fuerat
673 684 804 743 iunctus.
853 685 930 743 hanc
959 683 1055 762 igitur
1084 687 1201 761 partem

176 771 365 851 intellegitur
393 772 574 831 communie
603 772 704 848 ipsum
731 773 856 832 dicendo
884 790 947 833 esse
970 775 1124 832 externum
1148 775 1201 849 qui

146 863 296 921 eveniret
325 880 360 920 ex
390 861 496 919 alienis
525 862 627 936 terris,
656 881 717 921 non
745 863 799 938 qni
826 865 903 922 esset
930 862 1022 921 etiam
1044 863 1200 941 sanguinis

177 951 297 1011 ratione
334 953 499 1026 separatus.
555 950 683 1026 denique
716 950 759 1011 sic
791 953 928 1028 superius
961 952 1064 1029 posuit
1099 953 1201 1027 „hunc

177 1042 267 1100 illum
289 1039 361 1099 fatis
384 1041 507 1099 externa
529 1040 567 1099 ab
591 1041 659 1099 sede
682 1042 851 1117 profectum
871 1041 1011 1118 portendi
1029 1040 1202 1120 generum“,

176 1132 252 1189 item
282 1132 314 1187 in
343 1128 495 1205 praesenti
524 1148 671 1207 „generos
703 1130 831 1190 externis
859 1131 962 1190 adfore
986 1131 1024 1190 ab
1048 1129 1140 1205 oris“‚
1167 1133 1202 1190 ut

178 1219 295 1279 externi
324 1218 487 1294 appellatio
520 1237 538 1276 a
564 1220 654 1278 terris
683 1221 784 1295 potius
815 1238 906 1294 quam
935 1222 1055 1280 tramite
1085 1220 1201 1300 generis

132 1327 159 1366 ro
179 1309 321 1369 videatur
342 1309 455 1367 exorta.

251 1397 337 1455 Haeo
363 1398 469 1469 effatus
496 1413 582 1470 equos
609 1414 730 1456 nurnero
753 1402 841 1471 pater
868 1398 946 1471 eliplt
968 1401 1063 1471 orani·
1085 1402 1264 1459 stabuntne

179 1493 223 1545 ter
250 1490 364 1545 centurn
390 1485 478 1544 nitidi
503 1487 536 1544 in
559 1488 754 1560 praesepibus
777 1486 860 1546 altis:
896 1506 931 1545 ex
953 1490 1094 1548 trecentis
1118 1489 1202 1565 equis

178 1575 318 1635 meliores
350 1575 444 1653 deligi
474 1574 571 1634 iussit.
629 1576 765 1634 enanibus
797 1576 935 1649 externplo
968 1577 1090 1636 Teucris
1124 1579 1203 1636 iubet

179 1666 282 1724 ordine
309 1664 392 1722 duci:
428 1683 529 1724 omnes
558 1664 638 1723 enim
664 1666 780 1740 equites
807 1683 938 1725 remeare
963 1666 1142 1741 debuerunt,
1165 1686 1202 1725 ne

134 1771 160 1811 rs
180 1754 249 1830 quis
267 1756 436 1813 remaneret
453 1754 584 1830 inferior3
602 1756 634 1812 in
653 1755 788 1814 ordinem
806 1755 891 1829 dixit,
909 1775 946 1814 ne
966 1775 1053 1831 quem
1072 1758 1203 1833 praeter-

178 1844 237 1902 iret
259 1845 341 1920 regis
363 1842 599 1902 honorificentia.
640 1845 781 1903 instratos
803 1849 895 1903 ostro:
917 1847 1076 1923 purpureis
1099 1846 1203 1905 stratis

181 1935 312 1992 ornatos.
367 1932 510 2004 alipedes:
541 1934 662 1992 tantum
688 1933 818 2009 veloces,
850 1936 899 2008 ut,
929 1954 998 1994 oum
1025 1936 1205 1995 currendum

179 2023 226 2083 his
250 2023 341 2096 esset,
365 2022 429 2082 alas
452 2021 561 2082 habere
581 2024 771 2099 putarentur.
801 2024 946 2099 pictisque
964 2026 1082 2099 tapetis:
1104 2025 1204 2104 iungi·

179 2115 230 2171 tur
261 2114 406 2171 instratos
439 2115 520 2171 ostro
551 2113 701 2188 pictisque
733 2114 853 2191 tapetis.
913 2132 1007 2175 aurea
1038 2117 1205 2189 pectoribus

134 2220 162 2258 eo
179 2202 310 2261 demissa
331 2201 455 2260 monilia
477 2202 618 2275 pendent:
655 2202 694 2262 ad
721 2203 947 2262 similitudinem
970 2205 1129 2264 mulierum
1151 2205 1205 2264 ha-

179 2291 284 2350 bentes
313 2291 452 2364 monilia,
484 2309 523 2349 an
550 2310 618 2350 vere
646 2292 724 2351 talia
756 2293 861 2368 qualia
890 2296 1045 2353 matronae
1072 2293 1205 2353 habent?

179 2381 259 2458 regis
289 2380 370 2438 enim
400 2378 586 2439 substantiae
614 2381 695 2456 quod
725 2382 810 2457 equis
837 2383 994 2457 inponeret
1021 2384 1121 2442 deesse
1144 2402 1205 2442 non

179 2470 291 2546 potuit.
337 2470 401 2527 tecti
428 2487 502 2527 auro
529 2470 645 2542 fulcuin
672 2471 819 2529 mandunt
845 2473 899 2529 sub
925 2472 1059 2529 dentibus
1082 2489 1205 2531 aurum:

180 2560 206 2618 si
230 2578 337 2618 aurum
362 2576 411 2617 eos
435 2561 551 2617 texerat
574 2561 663 2635 atque
688 2561 787 2619 aureis
811 2560 990 2619 salivaribus
1016 2558 1204 2635 tenebantur,

134 2664 162 2703 rs
180 2652 211 2708 et
237 2646 364 2706 monilia
391 2667 463 2706 vera
490 2648 630 2707 debemus
659 2650 800 2724 accipere.
847 2649 958 2707 mirum
984 2649 1204 2709 benivolentiae

180 2738 312 2816 signnm,
330 2737 411 2814 quod
430 2741 620 2815 suggesserat
636 2739 780 2814 temporis
798 2740 877 2798 ratio
897 2743 928 2796 et
944 2740 1086 2799 meritum
1102 2739 1205 2798 Troia-

180 2846 303 2901 norum3
331 2827 383 2901 qui
410 2826 489 2885 enim
516 2826 626 2901 pedum
653 2827 755 2886 labore
779 2831 978 2903 pervenerant
1001 2828 1039 2887 ab
1063 2830 1204 2905 opulento

180 2936 252 2994 rege
284 2916 416 2991 suscepti
448 2914 487 2973 ad
516 2916 638 2974 Aenean
670 2917 805 2975 futurum
835 2936 976 2995 generum
1007 2938 1068 2978 non
1100 2920 1204 2995 quales

181 3008 327 3065 venerant
348 3022 480 3062 remeare
503 3003 677 3064 debuerunt.
715 3007 828 3065 absenti
842 3008 961 3068 Aeneae
979 3026 1099 3067 currum
1117 3008 1267 3083 peut-280

136 3110 164 3148 ao
181 3110 292 3166 nosque
313 3094 423 3167 lupatis
445 3095 554 3152 senine
577 3096 614 3153 ab
634 3096 771 3164 nabun,
791 3098 935 3169 spirantis
953 3099 1078 3157 naribus
1095 3099 1206 3172 ipnern:

256 3305 416 3355 iexternos
433 3298 467 3354 V.
535 3303 694 3368 aqui-a
713 3309 780 3357 asset
803 3320 855 3357 om.
876 3303 919 3356 ed.
985 3308 1162 3371 bseparatus
1180 3301 1205 3353 V

183 3378 259 3425 ·turn
278 3372 320 3425 ed.
377 3372 540 3439 tportendi
557 3389 685 3441 penarum
704 3390 757 3429 om.
773 3375 816 3430 ed.
873 3381 905 3428 11
926 3375 1004 3444 clepit
1017 3373 1050 3428 V.
1104 3379 1137 3427 lb
1153 3390 1206 3443 per

184 3443 307 3497 ordinem
325 3442 368 3496 ed.
396 3444 400 3515 J
427 3444 545 3512 aliquem
564 3443 608 3499 ed.
634 3444 637 3516 l
661 3448 837 3513 praeterisset
855 3446 897 3499 ed.
954 3450 987 3499 16
1008 3446 1125 3500 instrato
1143 3444 1177 3499 V.
1199 3445 1202 3515 l

184 3514 305 3582 alipedes
321 3516 386 3582 post
405 3520 477 3569 ostro
497 3515 628 3582 interpol.
649 3517 693 3570 ed.
764 3523 796 3571 21
818 3522 951 3571 annueret
968 3516 1028 3569 alia
1046 3515 1071 3567 V
1089 3534 1128 3570 an
1145 3533 1205 3570 uere

184 3586 256 3639 talia
272 3602 323 3639 nos
343 3593 393 3640 aut
409 3604 434 3640 o.
449 3593 468 3640 t.
487 3587 531 3640 ed.
560 3587 564 3656 l
598 3588 699 3644 babent
717 3605 771 3645 om.
786 3588 831 3645 ad.
894 3594 931 3643 ‘il
950 3588 1024 3659 quod
1042 3587 1142 3658 quiet
1168 3587 1218 3640 ad.

181 3673 207 3722 q,
221 3658 298 3721 eque
311 3674 369 3708 noa
448 3664 483 3710 24
501 3665 609 3715 uruat
625 3679 699 3732 quae
713 3662 739 3719 V
754 3663 802 3722 ed.
820 3671 841 3723 t.
857 3670 943 3737 atque
959 3678 1027 3718 nos.
1103 3665 1145 3714 au
1169 3670 1236 3722 sut·

166 3730 289 3788 parserat
308 3724 334 3775 V
345 3736 479 3794 supparet
495 3730 527 3785 H
530 3729 590 3787 OU
607 3736 655 3793 cd.
