2725 4150
523 322 708 379 11111111
726 322 764 377 rx
1091 325 1153 391 191

136 513 250 554 cessum
277 492 415 552 tenebras
444 493 556 569 campis
584 491 765 551 incumbere.
810 492 842 551 in
863 491 1036 569 inperfectis
1059 492 1156 552 maior

135 602 252 658 semper
274 585 320 641 est
337 585 445 658 terror,
468 581 545 640 illud
568 583 648 641 enim
671 580 831 658 quodiam
850 582 1097 658 aceepitstatum
1119 580 1155 640 de

135 673 316 749 perfectione
339 674 440 748 potest
461 671 571 730 habere
600 670 780 747 dispositum
808 670 954 746 animum,
981 670 1058 729 illud
1085 689 1155 730 vero

136 762 217 837 quod
236 762 333 820 adhuc
350 763 383 818 in
402 760 572 838 augmentis
590 762 636 819 est
654 762 685 818 et
702 759 830 819 babetur
847 761 994 819 incertum
1012 761 1044 818 in
1068 778 1156 836 quem

103 867 116 906 1
135 851 258 910 modum
280 869 440 910 evasurum
463 851 504 908 sit
526 849 595 926 plus
617 851 711 908 terret
734 867 826 926 quam
848 868 966 910 necesse
990 852 1042 909 est.
1074 849 1156 907 deni·

137 961 194 1015 que
225 941 341 999 malum
369 939 460 1013 illud,
491 938 571 1013 quod
601 939 644 997 sic
673 958 727 1014 per
755 940 908 998 momenta
936 938 1098 1013 crescebat,
1121 940 1158 997 ut

135 1031 232 1106 primo
255 1030 287 1088 in
310 1029 433 1088 modum
455 1027 583 1086 nubium
605 1026 784 1105 glomeratio
807 1029 918 1102 taetra,
947 1028 1054 1087 dehinc
1076 1031 1157 1087 tene-

135 1120 205 1178 brae
235 1138 297 1177 non
327 1138 468 1196 agrorum
498 1118 641 1194 angrrsta,
671 1117 723 1176 sed
753 1135 874 1194 campos
897 1118 1035 1196 obtegere
1058 1136 1157 1176 cerne-

135 1211 254 1282 rentur,
277 1208 408 1266 addebat
429 1209 574 1265 terrorem
595 1205 792 1265 intuentibus.
826 1208 946 1279 primus
969 1209 1007 1266 ob
1031 1207 1201 1266 11111111

90 1315 117 1353 1o
136 1299 298 1356 conclamat
319 1297 393 1355 mole
413 1294 536 1354 Caicus:
559 1294 686 1354 adversa
708 1295 784 1353 dixit
800 1295 880 1354 unde
899 1295 999 1356 ridere
1017 1298 1158 1372 poterant

137 1386 190 1463 qui
214 1388 318 1445 contra
350 1385 519 1445 veniebant.
572 1386 688 1460 primus
720 1383 839 1459 Caicus,
870 1385 950 1460 quod
982 1391 1061 1446 esset
1092 1386 1157 1445 loeo

137 1477 301 1550 superiore,
324 1477 355 1534 et
377 1474 454 1534 vidit
477 1477 507 1532 et
530 1474 685 1533 nuntiarit
707 1473 807 1533 dicens
834 1475 921 1533 baec:
954 1476 1020 1547 quis
1045 1475 1156 1548 plebes,

137 1582 153 1622 1
177 1565 265 1632 cioca
289 1565 412 1638 calipius
435 1565 562 1622 volvitur
584 1564 673 1622 atra?
703 1564 776 1635 ferte
799 1564 848 1621 cili
869 1564 996 1636 ferrum,
1016 1564 1083 1622 dale
1101 1564 1159 1622 1111

137 1657 164 1710 11
185 1653 317 1711 scaudala
342 1670 455 1721 maroa,
483 1654 574 1711 bostis
601 1652 803 1720 1111111111]
851 1652 884 1710 in
907 1672 969 1711 una
996 1653 1158 1729 eademque

91 1759 117 1798 15
136 1760 266 1817 persona
279 1741 389 1802 diversi
402 1743 525 1801 extitere
538 1744 701 1817 tractatum
715 1740 885 1801 ridentibus
900 1741 1011 1819 quippe
1021 1741 1158 1800 Troianis

136 1831 273 1906 nihilque
296 1831 516 1907 suspicantibus
539 1831 612 1889 mali
635 1831 735 1890 solum
757 1832 874 1905 profuit
892 1829 1016 1890 cuicum
1038 1831 1158 1905 vidisse,

138 1921 190 1995 qui
212 1921 327 1996 primus
348 1920 482 1979 hostium
504 1919 653 1979 intellexit
675 1919 852 1994 adventum,
880 1922 910 1979 11
936 1923 1038 1979 tamen
1067 1922 1159 1979 etiam

137 2011 201 2086 ipse
226 2010 268 2068 sic
291 2027 411 2068 exorsus
435 2011 493 2085 est,
516 2012 551 2067 ut
573 2009 721 2068 fateretur
743 2027 774 2069 se
797 2010 894 2087 primo
923 2009 1075 2085 dubitare,
1102 2011 1159 2069 hoc

137 2103 184 2158 est
215 2100 296 2175 quod
324 2100 412 2177 quasi
443 2101 633 2176 interrogans
665 2100 786 2159 locutus
814 2102 860 2159 est
890 2102 956 2177 quis
988 2100 1108 2178 globus,
1141 2120 1158 2160 0

92 2206 119 2246 ao
138 2191 231 2264 cives,
255 2189 382 2266 caligine
406 2189 540 2249 volvitur
563 2187 649 2247 atra?
685 2188 738 2247 ubi
759 2188 860 2248 nullus
878 2189 1027 2249 intellexit
1044 2190 1159 2249 nullus-

138 2298 195 2353 que
217 2279 385 2354 respondit,
408 2280 473 2353 ipse
491 2296 612 2337 rursum
631 2278 806 2338 confirmato
826 2278 925 2336 animo
945 2278 990 2338 ait
1007 2279 1083 2338 ferte
1106 2280 1161 2337 citi

137 2369 262 2442 ferrum,
292 2368 362 2426 date
392 2366 454 2425 tela
484 2370 514 2425 11
543 2368 678 2427 scandite
706 2385 816 2426 muros.
862 2367 1047 2427 subnectitur
1070 2386 1160 2427 causa

137 2456 281 2532 faciendi,
313 2456 408 2516 hostis
442 2456 540 2531 adest,
573 2459 664 2533 atque
697 2458 732 2515 ut
760 2458 877 2514 mature
906 2457 1004 2530 fieret,
1035 2457 1160 2515 accessit

136 2547 270 2605 hortatio
294 2548 325 2603 11
347 2545 460 2605 dictum
484 2549 530 2604 est
551 2546 628 2605 heia.
664 2547 745 2605 huuc
767 2544 865 2603 locum
887 2564 970 2603 more
994 2564 1047 2604 suo
1070 2546 1161 2620 poeta

91 2650 118 2690 as
138 2638 277 2694 executus
307 2637 366 2711 est,
395 2635 427 2692 in
456 2634 503 2694 his
533 2636 614 2693 enim
643 2654 721 2712 quae
750 2633 862 2692 habent
885 2634 1020 2710 aliquam
1043 2636 1160 2711 pertur-

137 2724 290 2782 bationem
321 2725 419 2800 primo
452 2724 525 2783 dicit
556 2723 708 2797 facienda,
745 2722 851 2781 debinc
888 2723 982 2781 adicit
1012 2724 1160 2782 rationem

138 2817 262 2890 propter
280 2832 372 2889 quam
391 2812 500 2871 debent
517 2813 596 2888 fieri,
614 2815 649 2871 ut
666 2814 699 2870 in
718 2813 825 2889 quarto
844 2811 921 2871 libro
936 2804 1033 2894 (573)
1052 2831 1159 2890 „prae-

139 2903 245 2977 cipites
275 2902 413 2978 vigilate,
443 2902 514 2976 viri,
545 2905 576 2961 et
606 2901 750 2961 considite
780 2901 933 2976 transtris,
962 2902 1070 2962 solvite
1093 2902 1160 2962 vela

139 2990 227 3050 citi“:
246 3010 311 3050 ecca
330 2992 408 3050 dixit
426 2991 506 3067 quod
523 3011 578 3067 pro
596 3011 697 3050 rerum
714 2992 891 3049 necessitate
908 2991 975 3049 fieri
997 2991 1160 3067 debuisset,

90 3098 119 3137 ao
139 3081 245 3139 dehinc
272 3080 404 3139 ostendit
435 3080 578 3139 iussionis
607 3098 679 3140 1111
708 3080 870 3156 rationem,
898 3080 1025 3156 „deus“,
1052 3082 1161 3157 inquit,

139 3171 281 3246 „aethere
304 3170 413 3229 missus
433 3170 470 3229 ab
490 3171 552 3229 alto
571 3169 713 3229 festinare
732 3169 837 3247 fugam
855 3172 1011 3246 tortosque
1029 3169 1160 3229 incidere

139 3356 647 3481 111111111.1,254.Ᾰ111111111.
703 3353 880 3411 2111111111
892 3359 986 3411 statim
1000 3357 1044 3410 ed.
1094 3358 1161 3410 411

138 3429 257 3498 qucmV
276 3446 354 3498 quem
372 3430 443 3483 ade
534 3428 747 3483 saddcbautV
761 3428 804 3483 ed¹
829 3429 832 3499 q
862 3428 1017 3482 erroremV
1031 3444 1100 3481 corr.
1116 3428 1160 3481 ed.

140 3506 174 3553 10
193 3502 284 3555 cidere
298 3507 429 3569 poteraut
442 3500 468 3553 V
485 3517 510 3555 c.
525 3506 637 3569 poterat
654 3500 698 3554 ed.
717 3500 806 3555 uideri
820 3505 968 3568 poteraut?
1029 3504 1060 3552 11
1082 3500 1161 3568 leupo

138 3571 166 3626 V
184 3573 263 3642 loope
281 3572 325 3625 ed.
344 3573 402 3627 loco
419 3588 471 3626 nos
490 3572 526 3627 ef.
546 3576 646 3638 1113.
721 3577 754 3625 12
777 3572 916 3640 superiore
929 3568 955 3621 V
973 3572 1098 3639 superior
1116 3571 1162 3624 ed.

140 3649 176 3696 14
199 3650 223 3697 11
245 3644 369 3767 mdc
392 3644 518 3712 itemque
543 3643 574 3697 in
597 3641 759 3714 interpr.V
787 3649 812 3699 ct
836 3641 893 3697 del.
912 3640 989 3695 aas.
1015 3642 1036 3712 V
1062 3642 1110 3693 aia
1134 3639 1185 3689 ab..

138 3721 359 3768 14111111.
