2725 4150
202 334 269 400 460
485 330 628 386 DONATI
645 330 815 388 INTERPR.
829 330 939 387 VERG.

201 503 326 580 regebat
346 501 507 580 imperium
531 504 765 580 congregaverat
787 502 871 561 furor
894 520 1052 561 armorum.
1093 501 1153 562 hoc
1181 505 1231 563 est

202 592 267 651 toto
291 593 438 651 certatum
461 593 508 650 est
530 610 652 669 corpore
675 590 762 668 regni
785 589 865 668 quod
888 590 949 650 alio
971 590 1037 651 loco
1060 588 1106 651 ait
1128 583 1174 673 (8,
1191 585 1229 674 4)

202 681 315 755 „simul
345 698 432 739 omne
461 681 596 740 tumultu
624 679 763 740 coniurat
793 678 911 757 trepido
939 677 1094 739 Latium“.
1146 699 1231 743 auae

141 778 192 828 315
203 770 274 829 odeo
297 787 372 842 quac
397 771 437 829 eit
463 770 570 830 dubiae
596 771 741 829 sententio
767 770 857 828 macti
886 769 1038 842 expediam
1067 771 1094 828 et
1114 771 1230 843 paucas

202 858 332 930 (animos
341 859 486 934 adhibete)
498 861 616 919 docebo:
630 859 714 920 venit
727 857 767 918 ad
780 876 816 917 ea
830 873 907 934 quae
921 859 1041 918 fuerant
1053 872 1108 936 pro
1123 878 1231 920 rerum
1259 877 1271 920 a

202 949 233 1006 et
254 947 397 1024 temporie
420 948 597 1009 necessitate
619 947 757 1008 facienda
784 950 814 1008 et
836 948 909 1007 haec
935 966 995 1007 non
1023 960 1117 1008 vacue
1147 967 1230 1009 com·

201 1036 337 1114 mendat3
360 1037 476 1098 sciebat
497 1038 575 1098 enim
598 1056 630 1098 se
653 1036 749 1097 anxiis
768 1037 853 1114 loqui
871 1040 902 1097 et
919 1037 981 1096 iam
1000 1037 1149 1097 audiendo
1173 1039 1229 1099 ad·

201 1145 287 1187 versa
305 1127 409 1187 fractis
428 1128 536 1188 animis
554 1127 707 1188 interesse.
734 1126 782 1186 his
796 1125 891 1203 igitur
904 1126 1032 1203 spondet
1043 1126 1230 1188 brevitatem

201 1218 233 1275 et
254 1234 303 1276 eos
327 1216 401 1276 facit
424 1220 571 1292 attentos,
602 1216 745 1293 quoniam
767 1215 950 1276 calamitatis
972 1217 1070 1293 ipsius
1092 1216 1229 1278 remedia

200 1306 300 1365 fuerat
322 1307 503 1382 prolaturus.
550 1305 700 1365 ordinatio
724 1323 827 1366 sensus
855 1305 926 1365 talis
955 1309 1013 1366 est:
1040 1325 1121 1365 nuno
1150 1307 1228 1367 adeo
1246 1326 1269 1367 rc

200 1414 277 1472 quae
301 1396 342 1454 sit
364 1396 512 1455 sententia
537 1393 647 1455 dubiae
673 1395 781 1470 menti,
805 1395 861 1455 hoc
885 1395 983 1454 estin
1008 1394 1228 1457 deliberatione

200 1485 395 1561 constitutae,
427 1483 583 1562 expediam
610 1485 641 1542 et
664 1484 775 1544 docebo
803 1503 855 1544 vos
879 1483 997 1561 paucis,
1024 1487 1228 1546 vestarium

199 1573 314 1634 animos
339 1574 485 1633 adhibete.
517 1592 596 1633 nunc
618 1592 679 1631 non
703 1573 794 1633 semel
815 1572 1023 1648 accipiendum
1041 1576 1101 1649 est,
1124 1576 1229 1637 nteit

198 1683 277 1723 nunc
296 1663 464 1741 expediam,
487 1681 566 1723 nune
585 1661 709 1737 docebo,
728 1681 806 1723 nunc
825 1663 940 1722 animos
959 1663 1107 1724 adhibete.
1143 1684 1228 1726 nunc

198 1753 275 1812 hanc
297 1752 389 1813 habet
412 1754 469 1813 hoc
492 1752 556 1812 loco
585 1752 744 1812 virtutem:
774 1771 843 1811 cum
869 1750 900 1809 in
928 1752 1017 1813 rebus
1044 1753 1226 1832 urgentibus
1244 1774 1267 1816 re

199 1844 357 1919 profutura
380 1841 517 1902 omnibus
541 1845 572 1902 et
594 1840 708 1902 cunctis
731 1841 820 1901 utilia
842 1841 1045 1916 proferuntur.
1081 1845 1124 1901 eet
1147 1845 1227 1903 oreti·

199 1949 250 1990 aas
272 1949 342 2006 aper
366 1932 459 1990 Tusco
481 1932 555 1990 mibi
576 1932 730 2004 proximae
754 1929 847 1998 amai,
876 1927 998 2005 [lcapas
1020 1932 1054 1989 ia
1076 1948 1225 2004 occaewm,

197 2021 269 2092 fiais
291 2037 381 2094 saper
401 2037 493 2095 caque
510 2018 661 2096 SicoaceJ:
688 2018 806 2081 consilii
827 2018 916 2079 huius
940 2020 1050 2097 duplex
1072 2023 1227 2099 reperitur

199 2128 261 2169 esse
288 2112 451 2185 tractatus,
477 2110 538 2169 init
566 2111 678 2187 quippe
705 2128 767 2169 una
795 2128 866 2186 pars
894 2110 956 2170 eius
989 2111 1014 2170 si
1043 2113 1226 2173 commorari

198 2198 288 2258 Troes
317 2200 350 2258 in
377 2198 468 2259 Italia
495 2200 616 2275 malint,
645 2200 741 2258 altera
769 2199 795 2257 si
822 2197 987 2258 abscedere.
1032 2199 1065 2258 in
1092 2201 1225 2279 utraque
1242 2222 1267 2263 re

199 2287 311 2348 adserit
340 2307 370 2348 se
401 2290 477 2349 velle
506 2307 570 2349 esse
599 2287 766 2363 liberalem,
802 2288 882 2365 quod
911 2290 1001 2347 sciret
1030 2289 1127 2350 hostis
1156 2292 1224 2352 sine

198 2377 352 2439 commodo
371 2396 425 2438 suo
444 2397 504 2438 non
523 2397 587 2438 esse
603 2395 771 2438 recessuros
786 2377 824 2437 ab
843 2378 965 2437 adfectu
981 2378 1151 2456 pugnandi,
1174 2382 1224 2440 ut

197 2470 268 2543 pota
291 2466 346 2545 qui
367 2470 466 2528 essent
492 2468 667 2544 superiores.
714 2469 826 2545 species
856 2469 956 2526 autem
986 2486 1061 2543 quas
1087 2486 1121 2528 sa
1150 2468 1224 2530 dare

197 2558 274 2617 velle
301 2558 437 2617 dictonis
465 2559 511 2616 est
539 2556 582 2617 sic
609 2558 763 2632 extenuat,
792 2559 828 2616 ut
855 2557 918 2616 sine
946 2556 1125 2616 detrimento
1154 2558 1225 2619 dari

196 2647 313 2722 possint
336 2648 368 2705 et
389 2648 468 2705 sumi
485 2664 539 2723 pro
560 2645 687 2724 magnis.
719 2666 772 2706 cur
790 2665 860 2724 ergo
879 2664 939 2704 non
958 2646 1042 2706 fieret
1059 2647 1142 2722 quod
1160 2667 1224 2708 non
1241 2667 1265 2710 se

197 2736 330 2796 laederet
352 2736 473 2795 dantem
500 2735 532 2793 et
553 2734 680 2794 libenter
708 2735 855 2811 accipiens
880 2733 1030 2795 sumeret?
1067 2738 1113 2795 est
1135 2737 1223 2814 mihi,

196 2825 309 2903 inquit,
333 2824 450 2884 anticus
474 2843 559 2903 ager,
581 2825 637 2884 hoe
660 2826 706 2883 est
728 2824 867 2902 proprius
892 2828 922 2885 et
945 2825 1018 2884 olim
1040 2826 1104 2885 sine
1128 2846 1223 2902 quae·

197 2915 294 2976 stione
315 2932 469 2993 possessus
492 2906 613 2997 (agrum
633 2932 701 2973 cum
720 2914 807 2990 dicit,
831 2913 963 2974 ostendit
980 2913 1071 2974 nullis
1090 2917 1223 2979 surculis

197 2998 370 3086 consitum),
388 3004 485 3064 Tusco
503 3004 656 3081 proximus
674 3004 770 3078 amni,
793 3004 825 3063 in
847 3002 1019 3082 longinquis
1037 3003 1224 3084 regionibus,

196 3096 367 3174 incognitus
395 3094 510 3154 eunctis
539 3093 721 3170 perindeque
750 3092 787 3152 ob
817 3093 1070 3171 longinquitatem
1099 3094 1268 3158 inutiliora

197 3204 298 3263 regno.
334 3203 429 3261 usque
452 3183 526 3243 adeo
549 3184 690 3260 ignarum
712 3183 779 3242 vult
804 3200 866 3241 esse
893 3182 1041 3242 universis
1065 3202 1100 3241 ex
1124 3201 1223 3262 supra

270 3378 286 3428 6
304 3379 330 3429 ct
346 3373 413 3429 boec
424 3370 451 3424 V
467 3372 533 3428 boec
551 3370 594 3425 ed.
651 3375 666 3423 ‘1
686 3371 768 3425 etiam
786 3370 830 3423 ed.
849 3376 876 3426 et
892 3371 949 3425 iam
967 3387 1026 3424 noe.
1079 3375 1095 3424 8
1114 3371 1222 3437 fractos

198 3444 269 3500 ch.
338 3444 503 3514 tquoniom
515 3441 542 3495 V
559 3459 621 3498 mem
639 3441 684 3496 ed
753 3442 970 3510 reprobatores
988 3441 1031 3495 ed.
1099 3448 1131 3497 11
1151 3444 1223 3503 boec

198 3523 237 3572 cet
250 3516 276 3569 V
290 3532 359 3571 corr.
372 3515 417 3571 ed.
483 3520 515 3568 12
535 3511 681 3569 tontumV
699 3518 791 3569 tamea
809 3513 852 3567 ed.
923 3518 954 3566 l'l
976 3514 1221 3583 longae-1881·-

191 3605 281 3648 eanoe
302 3588 384 3645 deest
405 3587 436 3642 in
455 3585 490 3653 V,
514 3585 562 3640 sed
582 3584 617 3639 de
635 3584 844 3655 longinquitate
861 3584 892 3637 in
910 3583 1026 3653 interpr.
1046 3584 1221 3654 disputatur.

181 3669 222 3720 20
240 3665 356 3725 naulum
373 3661 419 3721 ed.
482 3665 518 3718 22
537 3658 633 3730 effectu
650 3656 695 3713 ed.
755 3661 788 3710 19
807 3657 875 3712 milei
892 3657 1034 3723 proximae
1047 3655 1072 3710 V
1087 3657 1130 3713 ed.
1149 3661 1223 3718 meai

172 3738 281 3799 deleri.
363 3746 398 3799 31
422 3739 528 3800 admm
546 3727 719 3812 spumas
741 3728 809 3785 odae
826 3729 952 3798 igrotum
968 3726 1015 3777 ab.
