2725 4150
564 311 748 368 Aruernos
766 313 804 368 lx
1128 318 1192 383 241

174 486 283 542 sentem
313 485 438 557 respuet
468 484 610 543 ammom
641 481 771 558 respexit
803 482 879 541 dixit
908 482 1074 559 absentem,
1107 486 1194 560 quasi

175 571 272 632 videri
293 575 396 649 posset
423 574 477 649 qui
503 592 564 631 non
594 576 660 631 erat
688 573 720 630 in
750 573 908 649 praesenti.
952 572 1084 649 respexit
1113 593 1194 651 ergo,

174 661 231 721 boe
261 664 307 722 est
332 663 497 722 retrorsum
524 662 654 738 aspexit,
682 663 714 720 et
736 680 803 720 eum
827 680 893 720 eum
917 663 1001 720 ouius
1025 679 1115 722 eausa
1137 663 1194 722 hoe

174 751 287 812 feeerat
305 751 566 812 animadvertisset
589 750 755 826 absentem,
774 751 900 826 frustra,
922 750 1036 828 inquit,
1053 751 1194 830 respexit,

141 858 154 898 s
175 838 247 916 quia
270 859 360 916 quem
383 840 483 902 videre
506 839 645 901 volueret
665 858 727 899 non
749 841 873 900 invenit.
914 839 1061 916 Megale,
1090 841 1257 914 iufeliueto

174 947 234 1002 quo
252 933 278 988 te
295 930 411 1004 regione
427 930 533 1003 reliqui
554 927 666 1004 [queve
684 927 822 1005 sequorJ:
844 929 877 988 in
894 930 951 989 boe
969 948 1058 989 versu
1077 929 1195 990 diversa

175 1018 329 1078 distinctio
352 1023 411 1095 est3
438 1018 543 1080 infelix
569 1017 649 1077 enim
676 1020 718 1077 sie
740 1019 772 1077 in
795 1017 894 1079 medio
916 1020 1051 1095 positum
1073 1022 1132 1095 est,
1160 1022 1195 1079 ut

174 1112 205 1167 et
217 1107 293 1167 Niso
308 1109 338 1166 et
351 1107 485 1185 Euryalo
502 1107 599 1185 possit
613 1106 747 1185 adiungi.
785 1107 811 1168 si
829 1107 913 1183 Niso,
937 1107 979 1167 sio
997 1109 1194 1186 pronuntian-

173 1196 259 1271 dum,
286 1198 322 1255 ut
349 1195 483 1257 dieamus
511 1197 644 1274 Euryale
672 1198 704 1255 et
725 1197 782 1256 boe
809 1196 929 1257 nomine
956 1215 1101 1274 suspenso
1125 1218 1193 1259 eon·

128 1304 154 1344 ro
174 1288 320 1363 sequatur
346 1287 450 1346 infelix
479 1306 540 1363 qua
565 1289 597 1346 te
623 1287 746 1365 regione
773 1284 901 1364 reliqui?
937 1284 1043 1346 deinde
1071 1288 1194 1349 eoeedet

174 1394 272 1452 quave
295 1374 423 1452 sequar?
463 1379 498 1436 ut
519 1375 589 1435 inde
611 1375 709 1453 magis
732 1375 837 1434 infelix
859 1375 967 1450 Nisus,
990 1376 1064 1452 quia
1087 1377 1194 1438 neseiit

173 1483 243 1524 oum
270 1465 399 1524 amioum
425 1465 563 1542 perderet
589 1467 620 1524 et
646 1464 807 1543 ignorabat
834 1463 887 1523 ubi
915 1466 1045 1524 amioum
1073 1464 1194 1526 deberet

172 1553 333 1631 inquirere.
375 1554 436 1614 alia
459 1553 611 1614 distinctio
635 1557 681 1614 est
703 1553 834 1630 Euryale
862 1553 980 1629 infelix,
1008 1557 1044 1614 ut
1071 1554 1193 1615 misere·

172 1642 265 1702 tionis
284 1641 423 1704 videatur
441 1662 504 1704 esse
522 1662 590 1704 eum
607 1642 759 1719 perditum
777 1644 926 1719 nominat,
945 1646 977 1703 et
993 1642 1060 1704 ideo
1079 1644 1193 1720 infelix,

127 1749 153 1790 u
173 1732 247 1808 quia
266 1731 355 1792 emisi
373 1733 524 1809 peritioris
542 1750 661 1810 gressus
684 1731 841 1792 observare
864 1751 924 1792 non
946 1733 1060 1809 potuit:
1084 1737 1192 1811 quate

172 1821 293 1900 regione
315 1820 445 1898 reliqui?
477 1841 574 1899 quave
598 1820 726 1899 sequar?
754 1821 822 1881 inde
842 1841 961 1899 quoque
980 1823 1097 1896 infelix,
1121 1822 1193 1900 quia

173 1910 215 1970 sie
234 1910 388 1985 erraverit,
407 1914 442 1969 ut
458 1911 588 1972 inveniri
605 1930 665 1970 non
684 1913 793 1987 posset.
829 1911 976 1971 iudicium
993 1912 1043 1973 hie
1065 1912 1192 1990 legentis

173 2003 219 2059 est
237 2000 450 2077 neeessarium,
469 2002 505 2060 ut
523 2003 668 2079 sequatur
685 2002 845 2078 utrumque
865 2004 919 2060 aut
933 2000 1049 2081 deligat
1062 2003 1192 2062 alterum

173 2090 254 2167 quod
285 2091 440 2167 putaverit
470 2090 587 2151 melius.
632 2090 709 2150 mihi
739 2093 841 2150 tamen
873 2091 994 2153 videtur
1029 2092 1193 2153 seeundum

127 2195 154 2235 ro
173 2180 308 2237 animum
329 2178 398 2239 Nisi
420 2183 539 2240 tantum
562 2178 694 2240 doluisse
717 2180 884 2258 perditum,
907 2183 942 2239 ut
967 2199 998 2240 ee
1021 2182 1124 2258 potius
1147 2184 1192 2241 in·

172 2268 290 2328 felicem
309 2267 432 2345 dieeret,
456 2270 528 2346 quia
545 2268 664 2329 tardius
686 2269 826 2346 respexit.
864 2270 990 2346 denique
1010 2270 1126 2330 addidit
1145 2290 1193 2331 ae-

173 2357 359 2417 eusationem
390 2376 478 2419 suam
509 2358 634 2419 dioendo
665 2377 726 2435 qua
754 2362 785 2418 te
814 2361 936 2436 regione
967 2359 1098 2435 reliqui?
1132 2380 1191 2419 non

173 2446 249 2507 dixit
267 2466 328 2523 qua
346 2467 393 2507 me
410 2448 530 2527 regione
553 2448 717 2525 reliquisti,
735 2450 770 2507 ut
790 2448 859 2506 inde
877 2448 982 2507 infelix
994 2448 1100 2523 Nisus,
1119 2448 1192 2524 quia

172 2535 278 2597 nesciit
301 2555 369 2596 eum
391 2536 528 2615 perderet
552 2539 583 2596 et
608 2536 762 2614 perditum
784 2537 869 2596 tarde
892 2537 1049 2597 intellexit.
1086 2554 1192 2596 rursus

127 2639 153 2680 ee
167 2626 342 2700 perplexum
358 2627 414 2685 iter
431 2644 514 2685 ornue
526 2627 676 2686 revolvens
690 2627 809 2699 fallaris
822 2626 915 2685 siloae
928 2626 1018 2685 simul
1031 2630 1057 2685 et
1070 2626 1192 2700 uestigia

171 2718 248 2773 retro
275 2717 429 2776 observata
456 2716 522 2790 tute
549 2716 702 2789 dumisque
728 2715 881 2774 silentibus
908 2719 1001 2773 errat:
1028 2734 1095 2775 eeoe
1118 2719 1193 2791 quot

171 2803 269 2863 modis
300 2804 405 2864 infelix
435 2805 541 2880 Nisus,
573 2804 658 2880 quia,
691 2823 758 2864 eum
789 2822 821 2863 se
853 2804 1022 2864 adverteret
1053 2806 1192 2880 evasisse,

172 2893 336 2971 cogebatur
372 2894 543 2971 inquirendi
579 2893 669 2953 amiei
705 2912 797 2953 eausa
829 2893 867 2951 ad
902 2912 937 2953 ea
967 2893 1084 2955 revolvi
1115 2914 1191 2971 quae

245 3070 259 3117 1
288 3063 409 3119 dixitV
435 3065 528 3133 iuquit
554 3064 598 3118 ed.
679 3069 694 3116 2
722 3064 754 3119 iu
776 3066 918 3133 praescidi
940 3062 966 3116 V
988 3081 1121 3134 pruesem
1147 3063 1189 3119 ed.

173 3141 188 3188 6
207 3152 294 3204 qteoue
311 3153 410 3206 sequar
428 3135 508 3190 deest
525 3136 555 3189 in
569 3135 603 3202 V,
627 3136 676 3190 sed
700 3134 863 3204 explicetur.
937 3141 971 3189 12
996 3143 1022 3191 et
1045 3136 1192 3206 ignorabat

172 3224 225 3260 om.
246 3207 289 3263 ed.
364 3214 397 3261 17
416 3212 555 3263 erraverat
573 3207 616 3262 ed.
666 3248 667 3251 ,
691 3212 724 3261 18
747 3224 845 3276 sequor
863 3204 889 3259 V
906 3213 1036 3276 sequatur
1059 3223 1127 3261 corr.
1147 3207 1189 3261 ed.

172 3282 206 3331 20
229 3281 354 3333 animum
373 3278 440 3334 Nisi
459 3278 485 3332 V
503 3277 556 3333 edI
582 3279 701 3334 amioum
719 3280 821 3334 Nisum
844 3277 914 3332 eds.
988 3284 1022 3332 23
1045 3295 1127 3347 quam
1149 3296 1191 3334 re-

171 3352 278 3419 pionem
292 3349 318 3403 V
336 3350 380 3405 ed.
399 3367 455 3419 quo
472 3366 513 3405 me
531 3351 639 3419 raptaue
657 3367 716 3405 nos.
743 3350 746 3422 l
773 3356 805 3404 ut
818 3349 844 3403 V
861 3355 895 3404 ut
912 3356 937 3404 et
955 3349 998 3403 ed.
1071 3354 1106 3403 24
1128 3367 1191 3404 rur·

171 3438 245 3488 sum,
264 3421 314 3475 sed
332 3420 407 3475 infra
424 3421 455 3475 in
472 3419 593 3489 repetito
612 3420 744 3475 lemmate
762 3438 860 3478 rursus
875 3420 909 3486 V,
929 3419 1004 3488 quod
1022 3419 1105 3489 Verg
1124 3420 1191 3474 libri

171 3491 287 3548 habent.
360 3497 394 3546 26
415 3494 531 3559 fallaces
552 3493 637 3547 silum
655 3492 681 3546 V
702 3492 818 3560 fallaces
837 3493 922 3548 ulvas
944 3491 1015 3546 edF.
1051 3508 1191 3548 rursus-

171 3565 257 3618 siloae
273 3580 291 3617 a
307 3563 417 3618 Donato
437 3581 500 3618 eum
518 3563 700 3631 sequentibus
717 3564 798 3633 iungi
811 3564 927 3632 interpr.
943 3563 1032 3617 doeet.
1087 3568 1121 3616 26
1140 3564 1191 3618 du-

172 3638 275 3704 misque
288 3667 321 3675 -
339 3641 426 3702 242,4
454 3637 519 3706 tepit
545 3652 598 3689 om.
623 3636 666 3691 ed.
705 3635 708 3710 l
748 3636 815 3693 dum
841 3637 938 3707 bisque
955 3634 998 3692 V.
1026 3635 1044 3707 l
1076 3634 1154 3702 quod
1171 3632 1201 3682 N

169 3714 308 3773 quatuos.

205 3808 263 3847 Don,
273 3809 369 3857 interpr.
380 3812 446 3863 Verg.
463 3815 508 3859 rol.
518 3818 551 3861 H.
1036 3822 1081 3872 lb
