2725 4150
560 325 801 383 mosacen
1125 329 1191 396 493

173 494 350 572 fragebatur
368 513 429 571 qua
445 495 562 555 Aeneas
582 514 651 555 cum
669 495 799 556 exercitu
822 494 881 554 iter
902 494 1002 554 iuerat
1023 494 1191 556 habiturus.

172 584 326 643 inducitur
347 585 443 661 partis
465 584 561 660 ipsius
583 586 674 660 plena
691 583 864 662 descriptio;
886 584 1005 644 utilitas
1023 585 1103 643 enim
1124 602 1191 643 con-

173 673 233 733 silii
260 692 404 750 apparere
433 691 493 732 non
522 676 636 751 posset,
665 673 725 735 nisi
752 674 925 734 nosceretur
955 674 1053 750 primo
1082 672 1191 750 positio

172 762 319 822 montium
347 764 503 839 formaque
530 765 688 822 teramum.
733 763 785 825 sed
811 763 956 823 vitiosum
982 762 1043 822 fuit
1073 762 1192 822 extendi

142 851 376 912 enarrationem
402 870 437 912 eo
464 855 614 929 tempore,
644 871 704 928 quo
732 852 857 912 celerius
887 853 918 912 et
944 851 1004 912 dici
1034 850 1135 912 omnia
1161 854 1192 912 et

171 941 237 1001 fieri
254 941 414 1002 necessitas
433 941 579 1020 exigebat.
610 942 689 1001 hene
707 943 809 1000 tamen
828 942 972 1018 quoniam
989 942 1126 1018 oportuit
1143 960 1191 1000 ex·

171 1030 261 1106 primi
283 1033 407 1109 propter
430 1031 676 1092 demonstrandos
696 1030 790 1090 Turni
807 1032 970 1106 tactem,
992 1029 1025 1089 in
1042 1031 1191 1090 inferiori·

170 1120 226 1180 bus
249 1118 359 1197 posuit.
405 1125 438 1179 tu
461 1121 645 1194 Tyrrhenum
671 1121 794 1194 equitem
820 1120 943 1181 mulotes
965 1121 1062 1194 eucipe
1083 1121 1192 1196 sunm:

170 1211 247 1269 hanc
265 1212 383 1286 partem
402 1208 531 1269 (tamilla
547 1210 616 1287 ipse
633 1211 824 1287 poposcerat,
842 1208 895 1269 sed
911 1211 948 1269 ut
966 1209 1108 1270 audacior
1125 1210 1191 1270 red·

126 1298 302 1375 lederetur,
325 1298 412 1358 addit
433 1300 462 1358 ei
479 1318 533 1375 per
551 1317 626 1377 quos
646 1300 779 1359 securior
794 1296 855 1358 iret
877 1297 915 1358 ad
935 1297 1056 1358 bellum.
1088 1303 1189 1369 team,

169 1387 282 1464 inquit,
309 1405 377 1448 acer
398 1389 561 1464 Messapus
583 1388 638 1449 erit
663 1392 831 1462 tmmaepue
853 1387 998 1448 Latinae:
1026 1390 1057 1448 et
1085 1388 1191 1449 ducem

169 1477 307 1537 laudarit
325 1471 424 1537 aerem
442 1477 566 1537 dicendo
589 1480 621 1537 et
641 1481 757 1538 memes
775 1475 900 1537 Latinas
924 1476 1045 1537 adfecto
1065 1477 1191 1536 leuden-

168 1566 209 1627 tis
232 1569 386 1643 expressit.
419 1567 600 1641 Titurnipue
616 1584 726 1628 manus
743 1567 827 1626 duas
845 1569 871 1626 et
888 1570 921 1626 tu
938 1567 1054 1640 concipe
1073 1583 1191 1626 mam:

169 1655 253 1715 ducis
276 1656 373 1715 sicin
400 1656 499 1716 medio
527 1659 585 1730 est,
615 1659 650 1715 ut
678 1655 742 1716 sine
771 1654 996 1733 pronuntiantis
1026 1655 1116 1732 culpa
1142 1657 1191 1716 vel

124 1759 150 1800 re
169 1744 373 1821 superioribus
386 1747 434 1806 vel
447 1745 640 1806 inferioribus
654 1745 751 1823 possit
768 1745 874 1822 aptari.
908 1745 1019 1822 quippe
1033 1745 1060 1805 si
1073 1744 1191 1805 dicetur

169 1833 352 1910 Tiburnique
374 1854 482 1895 manus
505 1835 603 1910 ducis,
625 1837 705 1894 recte
723 1834 846 1909 dicitur,
868 1833 896 1895 si
913 1834 998 1895 ducis
1021 1838 1052 1894 et
1068 1837 1104 1894 tn
1122 1853 1189 1893 con-

169 1923 233 1999 cipe
253 1942 366 1999 eurem,
384 1943 445 1983 non
462 1927 589 1984 erratur.
621 1922 759 1984 laudavit
773 1925 879 1999 omnis,
895 1944 933 1984 ne
950 1924 1057 1985 inertis
1072 1923 1190 1983 ardenti

167 2014 299 2074 iunxisse
322 2013 481 2074 videretur.
517 2015 561 2075 sie
583 2014 627 2072 ait
644 2014 811 2088 etparibus
828 2013 1005 2087 Messapum
1026 2016 1059 2074 in
1074 2013 1251 2088 praetenero

168 2104 253 2163 dictis
281 2105 415 2164 nortotm
442 2105 589 2179 sociosque
618 2104 720 2164 duces:
750 2123 862 2181 magna
891 2102 998 2180 dictio,
1028 2124 1106 2182 quae
1135 2123 1189 2163 nec

122 2208 150 2246 ro
167 2193 278 2269 repetit
301 2193 382 2253 dicte
404 2212 457 2252 nec
479 2212 595 2253 moram
617 2192 706 2253 rebus
733 2192 909 2271 urgentibus
932 2192 1012 2252 fecit.
1049 2198 1076 2252 et
1093 2195 1190 2268 perpet

167 2283 200 2339 in
217 2282 341 2341 hostem:
358 2282 504 2359 conpletis
524 2302 601 2360 quae
620 2282 741 2343 fuerant
753 2285 841 2343 tenta
859 2282 891 2340 in
909 2282 1087 2343 necessitate
1105 2302 1188 2342 man-

168 2370 268 2431 danda
295 2373 426 2448 perrexit
448 2371 487 2431 ed
509 2371 628 2432 bellum.
672 2376 715 2431 est
741 2389 828 2431 carne
856 2373 997 2445 anfractu
1022 2371 1114 2431 calles
1141 2388 1189 2431 ac·

167 2461 317 2519 commmoda
338 2461 444 2533 fraudi
466 2477 671 2536 annorumque
694 2461 781 2531 dolis,
805 2478 894 2534 quam
917 2460 1016 2519 densis
1033 2460 1189 2533 frondibus

167 2554 266 2608 atrum
292 2554 376 2624 arpet
400 2551 545 2624 utrimque
572 2551 662 2619 latas,
693 2550 789 2609 tenuis
815 2567 871 2625 pue
898 2549 1002 2609 sanita
1029 2549 1109 2608 ducit
1135 2562 1250 2613 anteo

122 2658 148 2697 rs
164 2644 322 2713 pastaeque
344 2642 445 2713 serunt
465 2642 567 2713 fauces
594 2640 749 2714 mnusque
770 2639 902 2713 malipni.
946 2640 1025 2697 hanc
1045 2656 1135 2711 super
1156 2639 1189 2697 in

166 2728 293 2800 speculis
318 2746 487 2801 summoque
508 2730 541 2788 in
565 2729 670 2787 entiee
695 2729 802 2787 mentis
824 2728 967 2801 planities
993 2728 1093 2801 ipnota
1115 2728 1190 2787 iacet

166 2818 276 2890 tutique
297 2823 440 2892 receptus,
463 2835 515 2877 seu
537 2818 641 2878 dextra
659 2817 799 2889 laeuaque
815 2817 888 2876 uelis
906 2833 1055 2876 occurrere
1069 2833 1189 2891 pupnm

166 2908 228 2965 sine
254 2907 366 2966 instare
392 2908 470 2981 iupis
498 2911 524 2966 et
543 2906 673 2981 prandia
698 2905 811 2965 calcem
835 2924 928 2967 suaa:
956 2907 1030 2966 haec
1057 2908 1103 2965 est
1129 2904 1189 2964 loci

166 2996 231 3055 lata
254 2995 428 3073 descriptio,
457 2996 564 3057 melius
591 2997 692 3073 posita
721 3014 757 3055 ex
783 2999 891 3073 poetae
919 3013 1010 3073 qnam
1035 3014 1071 3055 ex
1093 2994 1189 3054 Turni

121 3103 148 3142 so
165 3104 307 3161 persone,
337 3085 369 3144 in
397 3104 458 3163 qua
486 3085 564 3145 nihil
591 3084 673 3145 aliud
704 3087 750 3145 est
776 3084 835 3145 nisi
863 3085 944 3162 quod
970 3103 1025 3161 pro
1055 3084 1187 3144 utilitate

166 3175 261 3233 faciet
282 3173 468 3249 insidiantis,
490 3177 526 3233 ut
547 3176 644 3251 possit
661 3174 784 3251 probari
803 3174 884 3251 quod
902 3173 979 3233 dixit
997 3173 1188 3234 accommoda

239 3369 253 3415 1
272 3364 449 3418 nabitatmus
462 3362 488 3415 V
501 3379 570 3418 corr.
586 3362 629 3417 ed.
690 3368 705 3416 6
725 3363 883 3433 enipebatm
896 3361 922 3416 V
937 3378 1006 3420 corr.
1021 3362 1065 3417 ed.
1091 3362 1095 3434 l
1123 3378 1187 3431 pno-

165 3435 243 3489 niam
257 3433 283 3486 V
301 3452 384 3503 penem
403 3434 447 3490 ed.
515 3437 548 3488 10
567 3434 647 3489 addit
664 3435 691 3489 ei
703 3433 729 3487 V
748 3434 860 3489 addidit
878 3436 916 3490 eis
935 3433 978 3489 ed.
1043 3439 1076 3487 11
1096 3434 1187 3501 inquit

166 3522 219 3559 orn.
240 3506 283 3560 ed.
357 3511 390 3560 13
414 3506 571 3575 tiburnipue
589 3505 618 3565 V
643 3506 811 3575 prurtique
833 3505 877 3559 ed.
956 3511 991 3559 14
1009 3506 1041 3559 in
1058 3504 1147 3560 inedie
1160 3504 1187 3558 V

164 3577 284 3631 medium
303 3577 346 3632 ed.
411 3583 445 3631 15
459 3580 554 3646 posita
573 3575 706 3646 aptariV
725 3593 793 3631 corr.
814 3577 856 3631 ed.
920 3582 953 3631 16
971 3577 1139 3645 tubemnipue
1152 3574 1186 3632 V.

166 3654 200 3701 22
219 3648 378 3714 anfractum
391 3647 425 3706 V.
443 3648 446 3720 l
467 3650 549 3705 vallis
562 3647 596 3715 V,
611 3647 660 3702 sed
674 3646 748 3704 inira
761 3649 853 3704 valles.
904 3653 939 3703 28
953 3650 1044 3705 imtar
1057 3649 1139 3719 eripis
1152 3647 1185 3703 V.

166 3725 199 3773 31
216 3725 306 3788 posset
320 3720 436 3789 probam
449 3719 475 3774 V
489 3737 535 3790 pr.
550 3721 639 3790 pessit
656 3719 700 3775 cd.
