2725 4150
184 313 251 378 380
467 310 607 367 DONATI
625 302 919 366 maneamne.

184 485 343 557 prosecuta
365 483 411 541 est
433 479 523 557 Inn03
553 479 598 539 ait
620 479 699 538 enim
722 477 818 556 „quin
841 481 871 540 et
893 497 1014 558 pugnae
1037 477 1202 541 subducere

184 570 318 629 Turnum
346 572 377 631 et
399 570 508 629 Dauno
538 586 656 646 possem
684 569 864 629 incolumem
893 587 1011 630 servare
1040 567 1202 647 parenti?“

123 668 174 719 690
255 660 298 721 At
318 659 402 720 Ievis
431 659 543 718 interea
577 658 697 718 monitis
731 658 897 718 Mezentius
932 658 1041 718 ardens
1076 659 1204 720 succedit

180 766 300 825 pugnae
323 750 505 821 Teucrosque
526 747 642 807 inuadit
663 748 793 808 ouantis:
820 746 976 807 inimicum
1003 748 1066 809 suis
1090 747 1204 810 adserit

183 840 299 914 Iovem,
328 841 365 898 ut
393 835 572 896 Mezentium
595 838 709 897 virtute
732 855 844 913 acrem,
873 839 983 897 natura
1011 835 1145 897 calidum
1174 839 1205 898 et
1231 849 1242 890 t

183 930 216 987 in
240 929 331 988 armis
355 927 510 988 ardentem
532 926 654 986 Teucris
681 925 850 986 inmitteret
872 927 1042 986 certaminis
1065 944 1204 989 successu

183 1017 315 1077 feliciore
345 1015 555 1095 gaudentibus.
605 1018 783 1075 wncurrunt
812 1015 981 1091 Tyrrhenae
1010 1015 1088 1076 acies
1118 1020 1204 1091 atque

184 1107 319 1166 annuus
347 1106 414 1176 uni,
443 1106 499 1165 une·
527 1104 658 1178 odiisque
687 1105 750 1164 otro
780 1105 899 1178 telisque
927 1104 1129 1180 frenantibus
1157 1106 1204 1165 in·

184 1199 277 1254 stant:
306 1195 458 1270 omnibus,
486 1195 602 1271 inquit,
632 1192 709 1254 odiis
742 1211 777 1252 ac
809 1193 1015 1270 frequentibus
1047 1194 1119 1254 telis
1150 1193 1205 1254 uni

184 1286 249 1345 viro
273 1302 375 1345 omnes
397 1283 561 1344 instabant
602 1283 652 1342 c'tte
673 1282 753 1342 vetut
773 1300 875 1356 rupes,
898 1287 1016 1343 carmen
1038 1300 1115 1357 quae
1133 1301 1204 1361 pra·
1222 1297 1245 1338 u

184 1375 227 1433 dit
254 1375 288 1433 in
317 1391 438 1448 aequom
474 1373 561 1432 obuia
596 1375 748 1431 amaruan
783 1372 875 1446 furiis
908 1375 1082 1446 expostaque
1111 1376 1205 1448 ponto

122 1464 244 1522 enacim
271 1468 405 1523 uanam
432 1465 517 1536 uteru
542 1461 642 1521 minae
663 1462 780 1534 perfert
805 1461 933 1536 caelium
959 1462 1109 1534 uarieque
1135 1462 1205 1537 ipsa

183 1555 296 1614 inmota
320 1568 460 1622 manens:
487 1551 540 1610 ille
569 1551 613 1611 sic
640 1549 778 1609 omnibus
804 1549 963 1610 resistebat
988 1549 1142 1611 inmobilis
1168 1553 1206 1611 ut

184 1644 324 1722 opposita
352 1641 454 1720 pelagi
482 1639 621 1700 fiuctibus
648 1657 750 1717 rupes,
781 1658 858 1717 quae
888 1639 1034 1718 producta
1058 1638 1092 1699 in
1121 1658 1205 1702 mare

184 1735 245 1792 vim
266 1731 342 1793 caeli
360 1750 394 1791 ac
411 1731 509 1789 minas
532 1729 644 1806 perfert
665 1747 790 1789 manens
812 1729 872 1789 fixa
893 1728 1007 1790 viribus
1031 1729 1102 1789 suis.
1134 1746 1205 1805 pro·
1223 1740 1247 1783 a

184 1823 240 1881 lem
266 1821 457 1880 Dolichaonis
484 1818 619 1878 Hebrum
645 1819 749 1878 sternit
774 1818 870 1877 benni:
899 1817 1049 1896 incipiunt
1076 1818 1207 1880 describi

185 1929 258 1987 quos
272 1908 436 1969 Mezentius
451 1908 568 1968 occidit.
595 1906 727 1984 primum
740 1908 849 1969 stravit
861 1907 995 1968 Hebrum
1009 1907 1206 1969 Dolichaonis

183 2000 288 2058 filium.
333 2017 399 2058 cum
428 2015 484 2071 quo
506 1997 657 2072 Latagum
678 1996 861 2072 Patruuque
882 1999 1031 2074 fugacem:
1057 1996 1129 2059 huic
1152 1998 1204 2059 ad·

183 2089 281 2150 iunxit
308 2088 459 2167 Latagum
481 2088 512 2147 et
533 2087 662 2165 Palmyn
691 2087 838 2165 fugacem.
883 2087 935 2147 sect
956 2087 1108 2163 Latagum
1131 2104 1205 2148 sace

184 2184 269 2253 atque
282 2179 393 2254 ingenti
405 2177 553 2252 fragmine
565 2177 673 2235 montis
686 2181 808 2252 occupat
816 2194 848 2237 oe
861 2177 1023 2250 faciemque
1037 2176 1204 2248 advusm,
1222 2187 1247 2229 ’ν

123 2281 174 2331 τοο
179 2270 289 2343 poplite
301 2268 429 2342 Pabnun
446 2266 557 2327 succum
575 2266 653 2325 colai
670 2283 786 2340 segnem
803 2267 888 2326 sinit:
911 2268 1039 2342 occupat
1051 2264 1205 2346 Latagum

183 2377 255 2417 saxo
288 2359 319 2418 et
348 2358 455 2417 facicm
488 2356 552 2415 eius
585 2354 743 2415 adversam
778 2358 918 2433 occupat3
953 2356 1013 2415 nisi
1045 2355 1126 2416 enim
1157 2356 1204 2417 bis

182 2446 377 2525 intellegatur
404 2448 544 2523 occupat,
573 2464 633 2504 uon
661 2444 719 2504 erit
744 2446 858 2504 locutio
885 2446 1005 2523 integra
1031 2463 1087 2504 nec
1113 2446 1205 2524 plena

184 2535 354 2613 descriptio.
399 2535 517 2612 ingenti
543 2534 693 2612 fragmine
720 2536 845 2595 montis:
875 2536 906 2594 et
932 2536 1077 2595 virtutem
1105 2534 1205 2596 voluit

183 2628 350 2685 monstrare
377 2625 526 2703 gestantis
553 2626 584 2684 et
606 2624 670 2683 saxi
698 2623 815 2702 pondus
840 2623 1007 2698 ostendere,
1037 2642 1107 2683 cum
1130 2624 1205 2685 dicit
1220 2630 1244 2673 ὅ

183 2714 301 2792 ingenti
328 2713 485 2792 fragmine.
536 2713 696 2790 fragminis
727 2712 907 2792 significatio
937 2713 1069 2773 ostendit
1098 2732 1204 2774 saxum

182 2803 261 2863 illud
284 2803 372 2879 quasi
390 2801 537 2879 quosdam
554 2801 672 2880 gladios
690 2801 845 2879 habuisse,
867 2806 904 2862 ut
925 2803 1049 2862 inlisum
1070 2802 1103 2862 in
1119 2802 1204 2864 illius

183 2893 290 2951 faciem
313 2896 345 2953 et
367 2891 554 2952 acuminibus
581 2890 691 2951 crebris
718 2910 820 2952 necem
844 2891 974 2951 hominis
997 2892 1152 2968 conploret
1173 2896 1204 2953 et
1258 2906 1259 2909 ’

184 2981 323 3059 pondere.
383 2981 572 3059 Palmynque
604 2981 741 3058 fugacem
773 3000 833 3041 non
866 2981 996 3041 occisum
1028 2980 1116 3057 dixit,
1151 2981 1204 3042 sed

184 3072 299 3131 succiso
321 3070 450 3149 poplite,
472 3090 509 3130 ne
527 3068 654 3130 ulterius
672 3070 803 3149 fugeret,
825 3071 1013 3147 inplicatum.
1050 3068 1203 3146 Armaque
1219 3075 1242 3118 Ν

256 3212 270 3259 1
295 3212 441 3275 prosecuta
465 3221 493 3260 ee
510 3203 537 3258 V
562 3221 631 3259 corr.
651 3204 696 3259 ed.
773 3208 790 3257 t
815 3205 948 3260 callidum
973 3204 1016 3259 ed.
1094 3209 1110 3258 8
1136 3207 1203 3262 um‘o

184 3279 293 3347 dieram
308 3276 342 3331 V.
368 3277 372 3349 Ι
396 3274 595 3345 eequaubueV
612 3276 801 3346 frequentibus
819 3275 862 3330 ed.
882 3278 910 3330 et
928 3291 1024 3330 omnes
1037 3274 1122 3347 Verg.
1137 3275 1202 3331 libri

183 3350 253 3405 item
278 3365 329 3403 noe
352 3351 469 3417 propter
493 3348 608 3415 interpr.
683 3350 717 3401 10
737 3347 832 3417 pelagi
850 3364 933 3416 rupes
950 3346 976 3402 V
994 3347 1089 3417 pelagi
1106 3347 1152 3403 vel
1170 3364 1202 3403 ex

184 3422 300 3489 interpr.
325 3419 371 3475 vel
397 3436 432 3475 ex
459 3425 484 3486 i,
503 3423 555 3473 otto
582 3417 785 3488 interpolatum
812 3417 911 3473 delevi.
945 3419 948 3480 t
985 3424 1145 3488 castumque
1169 3418 1202 3474 V.

185 3499 217 3547 11
237 3493 344 3548 obuiam
358 3489 392 3545 V.
417 3491 421 3563 t
448 3491 622 3559 &pastuque
634 3489 668 3545 V.
730 3494 763 3543 lo
781 3489 921 3545 anonim
934 3489 960 3542 V
977 3490 1094 3545 mutu
1110 3490 1141 3545 bt
1159 3489 1201 3547 ed.

182 3569 218 3618 18
237 3565 375 3635 mangana
396 3560 472 3616 infra
495 3562 568 3617 tacta
605 3579 632 3616 m
651 3561 769 3616 inferius
788 3560 910 3632 latagum
928 3561 961 3615 V.
990 3562 993 3632 t
1023 3561 1203 3633 Patmympuc

172 3636 217 3692 ed.
239 3637 250 3712 t
264 3638 396 3711 fayacun
411 3631 548 3709 (etum)
587 3633 782 3707 iltuto-19
796 3631 829 3699 fu
847 3632 1044 3688 acernamed.
1099 3635 1202 3705 alcip-
1286 3639 1287 3658 ¹

162 3727 228 3767 nem
247 3711 277 3769 V.
359 3717 394 3769 28
415 3714 548 3770 ocunat
566 3711 664 3783 (supra
682 3705 808 3775 consputi
854 3746 860 3757 .
929 3708 966 3756 ab
984 3702 1141 3769 tapam.
1284 3671 1287 3748 l
