2725 4150
191 335 234 402 58
474 331 927 388 nonsmnmnnsnvnno.

129 501 397 575 sessionemque
418 503 565 562 Helenam
589 502 738 561 Troianos
761 501 902 562 veritati
927 502 1020 562 serbis.
1064 501 1137 576 quid
1159 505 1214 563 iun

190 596 295 650 sarreia
322 592 410 664 rides,
441 592 512 664 orriri
541 609 614 650 erre
644 593 768 663 antiqno
796 595 913 651 tuorem
942 595 970 650 ei
995 592 1213 666 mmorprrineo

190 681 293 739 totiens
320 681 392 740 doio
419 681 537 741 desiero
565 682 687 741 Tremo?
723 682 751 740 si
775 697 864 755 perier
891 684 1011 741 eeterrm
1025 681 1148 754 petiirr
1176 681 1213 741 de

187 774 272 843 pente
293 770 415 829 Latinis
441 770 528 842 idque
555 769 633 829 seriei
654 770 813 842 Faunique
834 773 972 843 premeret
997 774 1023 828 ie
1050 771 1137 830 iussa
1154 788 1213 844 pa·

190 860 294 928 retiis,
317 876 431 918 omnem
454 859 585 931 eqiridem
606 860 728 932 sceptris
751 863 860 918 terram
882 876 956 932 qaae
983 859 1077 918 iibere
1102 860 1213 919 rrosiris
1230 872 1253 919 ‚e

128 961 181 1011 370
191 949 313 1007 dissidet
343 951 492 1006 esternam
517 965 584 1007 reor
611 951 638 1006 ei
663 949 707 1007 sie
734 948 830 1007 eiicere
855 948 946 1007 diros.
992 951 1018 1006 ei
1043 951 1156 1018 Terrae,
1184 949 1212 1008 si

185 1039 289 1110 prima
316 1037 419 1095 domos
446 1041 595 1110 repetatur
620 1038 715 1112 oripo,
742 1037 876 1097 Inachos
897 1035 1091 1110 Acrisiusque
1107 1041 1212 1111 porres

190 1126 358 1198 mediaeque
390 1127 550 1200 Mycenae:
591 1127 672 1203 apud
708 1128 852 1186 maritum
888 1126 1026 1186 looutura
1061 1126 1099 1185 de
1131 1126 1212 1187 filine

190 1215 324 1274 conubiis
347 1218 445 1278 mater
467 1234 527 1274 non
550 1215 654 1275 debuit
676 1217 724 1275 uti
745 1216 916 1293 principiis3
941 1217 1014 1274 tuno
1037 1215 1119 1274 enim
1141 1218 1213 1277 sunt

190 1305 373 1379 necessarie,
394 1323 464 1363 oum
487 1304 568 1381 apud
591 1308 767 1365 extraneum
789 1323 891 1365 sumus
914 1304 1006 1364 verba
1028 1305 1154 1381 facturi,
1176 1308 1213 1367 ut
1229 1317 1251 1358 1⁰

190 1396 354 1469 attentum,
382 1393 553 1453 benivolum
579 1394 764 1471 docilemque
787 1394 954 1453 reddamus.
1000 1394 1033 1453 in
1060 1394 1213 1470 praesenti

190 1502 260 1542 vero
284 1485 435 1544 attentum
457 1503 510 1544 our
536 1484 661 1559 isoorst,
689 1503 758 1542 oum
784 1482 913 1543 Latinus
941 1500 1063 1543 oausam
1090 1482 1212 1544 nosset?

189 1572 363 1633 benivolum
385 1592 450 1648 our,
473 1592 543 1633 oum
564 1575 686 1651 negotio
709 1572 789 1631 filiae
812 1575 918 1650 utpote
941 1574 1029 1650 peter
1050 1591 1110 1631 non
1135 1576 1213 1634 esset

189 1661 364 1723 nociturus?
387 1663 513 1722 dooilem
527 1663 686 1739 quomodo,
705 1681 773 1721 oum
787 1663 869 1739 apud
883 1681 951 1722 eum
965 1663 1056 1721 eoiret
1068 1661 1212 1723 oausam?

189 1772 250 1811 non
272 1751 439 1811 insinuatio
457 1752 584 1829 negotii,
608 1752 660 1811 sed
679 1752 845 1828 disputatio
864 1750 967 1811 exinde
986 1753 1090 1810 enoria
1107 1751 1213 1812 haberi
1229 1761 1251 1804 1⁶

190 1841 302 1900 debuit.
347 1840 455 1916 inoipit
484 1842 580 1919 igitur
609 1841 647 1900 ab
676 1841 751 1919 ipsis
782 1840 1009 1917 quaestionibus
1042 1841 1212 1903 deformans

189 1930 303 1989 factum
326 1932 356 1989 et
379 1948 538 2006 personam
560 1932 676 2004 mariti,
704 1949 847 2009 generum
872 1930 1035 2006 inprobsns
1063 1930 1128 1989 eius
1151 1949 1212 1990 ser·

189 2037 350 2096 monesque
379 2019 489 2097 quibus
513 2024 619 2098 sponte
646 2020 695 2079 illi
724 2019 876 2081 obtulerat
897 2019 1006 2095 filiam,
1037 2021 1082 2080 its
1108 2021 1212 2081 tamen

189 2109 255 2186 egit
285 2127 355 2168 oum
380 2111 504 2186 marito,
535 2112 571 2170 ut
593 2109 717 2170 suadere
744 2110 845 2187 potius
878 2129 969 2187 quam
997 2109 1212 2186 reprehendere

189 2197 335 2258 videatur.
381 2199 577 2259 conveniebat
599 2200 655 2258 hoo
679 2201 791 2276 quippo
814 2199 998 2259 reverentiae
1023 2197 1159 2259 maritali
1181 2202 1212 2259 et
1228 2210 1251 2251 ¹⁰

190 2288 218 2345 oi
245 2307 323 2363 quas
351 2288 521 2365 imperandi
548 2290 657 2366 cupida
687 2287 809 2349 mollius
841 2288 921 2365 apud
951 2309 1018 2348 eum
1048 2288 1134 2364 loqui
1161 2288 1210 2348 do·

189 2377 296 2436 buerat
323 2377 377 2453 qui
411 2378 607 2455 principalem
639 2379 671 2437 in
705 2378 799 2437 filiam
835 2377 942 2437 habuit
971 2379 1152 2453 potestatam
1181 2381 1212 2438 et

188 2465 318 2526 hominis
345 2470 476 2527 mentem
504 2488 522 2527 s
549 2467 696 2543 promisso
725 2466 865 2527 divellere
893 2466 1042 2543 cupiebat
1088 2466 1211 2541 oblitus,

188 2554 301 2632 inquit,
329 2556 402 2633 quid
429 2557 566 2634 patribus
597 2557 630 2614 in
657 2557 788 2616 filiarum
815 2556 1024 2615 coniunctione
1052 2556 1211 2617 conveniat

188 2647 255 2705 tota
273 2646 393 2721 penitus
412 2647 525 2721 pietate
545 2648 636 2722 atque
654 2646 812 2705 honestate
830 2646 942 2706 reiecta
959 2665 1020 2705 non
1037 2646 1211 2721 petentibus
1227 2651 1251 2698 ⁵⁰

189 2734 269 2793 ultro
292 2734 404 2812 ingeris
427 2735 534 2794 filiam!
580 2754 634 2794 neo
661 2737 770 2795 saltem
795 2736 919 2811 respicis
944 2734 1052 2811 quibus
1078 2754 1132 2795 neo
1155 2735 1210 2795 sub

190 2841 249 2898 quo
274 2827 381 2882 eventu
406 2825 447 2883 sis
466 2825 605 2884 miseram
622 2824 791 2885 traditurus
810 2824 978 2902 naufragis,
1000 2822 1088 2883 undis
1108 2825 1210 2885 eiectis

189 2914 220 2970 et
241 2912 394 2989 perpetuis
413 2914 560 2973 erroribus
584 2914 683 2992 vagis,
708 2914 816 2990 quibus
839 2912 922 2973 sedes
945 2913 1047 2972 nullae
1067 2915 1099 2973 et
1116 2914 1211 2974 domi-

189 3000 292 3060 oilium
314 3019 430 3078 semper
451 3004 607 3062 incertum.
653 3003 728 3079 quid
755 3003 878 3079 prodest
901 3002 1011 3063 habere
1034 3004 1209 3079 praecipuos
1232 3023 1235 3030 ’

189 3108 265 3167 quos
289 3089 328 3149 sd
351 3091 472 3151 exilium
499 3091 713 3169 sempiternum
739 3093 863 3152 fortuna
890 3090 1066 3153 damnavit?
1101 3092 1211 3152 vellem
1227 3101 1252 3143 ω

188 3179 234 3255 id,
261 3181 383 3255 marite,
412 3181 490 3255 fiori,
523 3181 549 3241 si
577 3182 708 3241 consiliis
736 3183 798 3241 tuis
826 3182 981 3242 commoda
1006 3181 1055 3241 vel
1083 3182 1211 3243 honesta

262 3375 296 3423 14
321 3386 547 3425 oum—eausam
574 3367 699 3437 eorrupit
727 3367 770 3422 od.
846 3375 880 3424 15
905 3370 1003 3424 tatere
1028 3368 1210 3425 debumsoeV

189 3440 233 3496 ed.
256 3442 353 3498 interi
374 3442 467 3496 detuit
489 3458 548 3496 nos.
623 3446 656 3494 1‘1
675 3442 766 3495 meriti
782 3439 809 3494 V
826 3442 923 3497 mariti
944 3439 988 3495 ed.
1017 3441 1019 3511 i
1050 3457 1166 3510 numm
1183 3439 1210 3494 V

186 3529 317 3582 penes-um
344 3529 396 3567 nos
423 3530 477 3567 om.
500 3512 543 3568 ed.
584 3513 587 3582 4
627 3528 763 3566 sermones
789 3513 888 3581 quitus
910 3510 936 3564 V
964 3528 986 3567 s.
1007 3514 1056 3581 oei
1082 3512 1126 3567 ed.
1154 3530 1210 3568 ser·

178 3600 329 3652 monesque
344 3586 448 3655 qur'bus
468 3602 528 3641 nos.
602 3590 636 3639 26
655 3584 755 3652 quibis
772 3601 821 3638 nee
844 3600 897 3637 om.
917 3581 961 3637 ed.
1035 3588 1069 3636 28
1087 3586 1166 3654 napis
1183 3582 1210 3637 V

150 3654 243 3777 gg
260 3656 305 3779 eg.
385 3662 423 3713 30
442 3659 561 3718 exilium
579 3658 777 3729 sempiternom
795 3654 896 3710 omisso
915 3655 952 3708 od
967 3653 993 3707 V
1013 3654 1096 3708 esitio
1113 3656 1209 3722 sempi-

255 3742 273 3779 θ
297 3772 304 3782 .
