2725 4150
541 340 807 398 Amamosvm
962 303 964 306 ⁴
1033 282 1037 288 ⁸
1123 345 1187 414 139

166 513 234 571 laus
257 531 321 572 esse
339 510 502 589 praecipua
519 512 580 571 ncn
598 512 712 588 potest;
729 510 862 587 proclive
882 512 994 589 quippe
1013 514 1059 572 est
1076 512 1188 574 bonum

166 620 238 677 esse,
256 602 410 661 meliorem
424 619 495 661 vero
510 599 646 659 arduum.
679 600 818 659 altiorem
836 600 913 659 dixit
930 602 1063 678 corporis
1081 603 1187 679 forma,

167 691 310 768 quoniam
333 692 376 750 sic
398 691 513 768 posuit:
537 689 589 749 sed
612 690 727 749 cunctis
751 689 842 749 altior
863 689 929 749 ibat
950 690 1108 767 Anchises,
1131 693 1188 752 hcc

166 783 212 840 est
229 779 394 840 incedebat.
426 780 499 838 ratiti
515 796 598 838 mens
615 778 748 838 laterali
767 779 889 839 ardebat
907 797 1006 840 amore
1025 782 1188 854 conpellare

134 871 262 928 eoirara
290 873 317 928 et
343 869 461 928 dextrae
488 869 661 942 contorpere
688 868 829 928 dertare.
865 867 993 944 [accessi
1015 875 1042 929 et
1064 871 1249 944 aptaasrce

164 959 273 1017 Pheraei
286 960 340 1017 sab
353 959 470 1017 moenia
483 956 587 1033 daaiJ:
605 956 754 1033 quamvis,
766 957 875 1033 inquit,
889 957 1085 1019 adolescentis
1105 962 1188 1020 aetas

165 1049 347 1124 provectiori
381 1065 442 1107 non
478 1048 669 1124 congrueret,
692 1049 808 1122 tamen,
840 1047 984 1124 quoniam
1016 1053 1062 1108 est
1098 1048 1188 1109 ardor

165 1136 288 1213 qnidam
317 1135 477 1196 iuvenibus
506 1135 649 1195 noscendi
677 1137 825 1211 potiores,
855 1137 895 1195 ad
924 1156 993 1196 eum
1023 1139 1135 1198 accessi
1157 1141 1188 1198 et

164 1225 226 1285 eius
246 1226 397 1286 amicitiae
417 1224 543 1302 cupidus
562 1245 630 1284 eum
649 1224 721 1284 duxi
740 1224 794 1285 sub
812 1226 931 1285 moenia
948 1226 1069 1287 Phenei.
1101 1228 1188 1287 iunxi

120 1333 147 1373 ro
164 1314 317 1374 dexteram
338 1334 437 1374 meam
465 1316 603 1374 dexterae
631 1313 695 1373 eius
726 1313 949 1391 amicitiamque
976 1316 1103 1377 firmavi.
1155 1319 1188 1376 at

162 1405 212 1464 ille
243 1403 359 1480 [mitti
392 1405 576 1464 humanitati
606 1422 692 1462 meae
722 1403 888 1480 officiisque
917 1404 1111 1481 respondens,
1141 1407 1187 1465 ro-

163 1495 276 1567 sionem
294 1494 468 1568 pharetram
490 1493 657 1568 chiasqae
679 1494 803 1567 sapittos
826 1493 976 1552 decederes
995 1494 1187 1569 chlamydem·

164 1600 218 1654 qao
242 1600 315 1642 aare
338 1583 418 1642 dedit
439 1584 623 1641 intertextam
644 1583 788 1656 sreaaqae
811 1583 890 1652 biae,
914 1599 996 1641 raeas
1015 1601 1090 1656 qaae
1107 1601 1187 1643 errae

163 1671 250 1729 tabet
266 1688 359 1731 aerea
376 1673 496 1732 Pallas:
518 1672 602 1731 dedit
619 1671 709 1747 mihi,
726 1670 839 1748 inquit,
858 1673 1042 1748 pharetram,
1057 1673 1185 1750 sagittas

120 1776 146 1816 ic
165 1762 195 1818 et
218 1759 303 1819 frena
326 1780 426 1837 aurea,
450 1764 480 1821 et
503 1760 691 1837 chlamydem
710 1780 783 1820 auro
802 1762 1003 1821 intertextam.
1037 1761 1185 1838 quomodo

164 1850 283 1909 ornavit
299 1849 366 1927 ipsa
384 1869 522 1926 munera,
540 1870 577 1909 ne
596 1850 676 1910 levia
694 1850 881 1910 viderentur!
917 1852 1092 1928 pharetram
1110 1851 1187 1911 dixit

162 1938 324 2017 insignem,
354 1942 426 1999 sunt
455 1939 535 1999 enim
564 1940 723 2017 pharetrae
757 1940 871 2000 nullius
907 1941 1021 2016 meriti3
1057 1941 1185 2019 sagittas

164 2029 241 2089 dixit
271 2027 394 2106 Lycias,
426 2033 460 2090 ut
491 2028 552 2089 illis
584 2029 667 2109 regio
700 2049 755 2090 sua
786 2030 933 2091 tribueret
964 2033 1187 2108 ornamentum

163 2118 351 2195 chlamydem
379 2139 453 2179 auro
481 2119 700 2195 splendentem3
727 2120 826 2196 frena,
853 2120 968 2198 inquit,
990 2120 1062 2181 bina
1084 2140 1186 2198 aurea,

118 2223 145 2264 ao
162 2210 199 2266 ut
220 2228 345 2268 numero
367 2210 442 2269 haec
460 2209 599 2268 laudaret
617 2212 648 2269 et
666 2209 814 2287 qualitate
832 2212 985 2269 materiae.
1016 2229 1081 2271 ecce
1101 2210 1186 2271 addit

162 2297 395 2374 praedicationis
419 2300 675 2375 supplementum:
700 2301 820 2375 horum,
843 2299 900 2375 ait,
922 2302 1011 2359 tanta
1034 2300 1115 2377 apud
1137 2319 1185 2358 me

162 2389 286 2463 propter
309 2387 409 2447 dantis
431 2390 574 2447 meritum
596 2389 656 2448 fuit
678 2390 789 2466 gratia,
811 2389 855 2464 ut,
878 2407 947 2447 cum
973 2389 1020 2447 his
1049 2407 1104 2467 ego
1132 2407 1186 2463 per

163 2475 278 2534 senium
304 2476 352 2536 uti
378 2497 439 2536 non
460 2496 592 2555 possem,
614 2477 764 2537 traderem
785 2477 848 2537 filio
871 2496 936 2537 meo
960 2480 991 2536 et
1013 2478 1045 2535 in
1068 2477 1184 2537 hodier-

162 2585 235 2623 num
255 2565 420 2626 incolumia
442 2570 592 2641 maneant,
615 2566 718 2627 eodem
737 2566 956 2643 quodammodo
975 2568 1185 2642 perseverante

118 2668 144 2709 at
163 2654 304 2730 dominio,
319 2674 387 2715 oum
401 2658 497 2733 patris
512 2658 543 2715 et
555 2654 612 2715 filii
625 2675 686 2715 una
704 2673 832 2733 persona
846 2656 895 2715 sit.
922 2654 1042 2715 laudari
1060 2674 1185 2713 munera

161 2748 337 2803 meruerunt
354 2747 477 2823 propter
494 2746 548 2805 has
568 2764 687 2806 causasr
706 2744 811 2804 debuit
828 2744 907 2804 enim
925 2744 1043 2803 Aeneas
1056 2743 1183 2819 probare

162 2831 290 2893 libenter
312 2838 467 2912 acceptam
485 2834 660 2913 largitatem
678 2834 775 2912 patris
794 2832 850 2908 sui,
869 2833 971 2892 debuit
989 2837 1020 2892 et
1036 2834 1183 2894 Anchises

163 2923 280 2981 ostendi
308 2923 404 2983 bonus
435 2925 564 3003 largitor
591 2924 625 2983 in
648 2921 802 3001 speciebus
825 2922 965 3000 pretiosis
989 2926 1020 2982 et
1043 2923 1185 2983 Euander

162 3030 222 3071 non
244 3013 309 3071 leve
333 3012 479 3090 quiddam
502 3013 634 3090 accipere
656 3014 809 3073 meruisse.
842 3029 908 3087 erpo
932 3017 959 3072 et
980 3031 1069 3086 qaam
1085 3014 1184 3088 petitis

116 3115 143 3155 eo
160 3101 262 3160 lancta
286 3106 327 3161 est
348 3103 421 3161 mihi
442 3102 559 3176 foedere
581 3102 685 3162 dextra
708 3106 746 3172 et,
776 3103 826 3161 lar
849 3120 915 3161 orrea
938 3104 1071 3177 primiore
1097 3103 1245 3162 terrisl'lo

232 3314 249 3361 4
275 3310 392 3363 iuvenili
416 3308 460 3363 ed.
533 3310 549 3361 5
573 3310 752 3363 aerari-o
773 3308 843 3363 dari
865 3308 945 3363 deest
966 3308 998 3363 in
1014 3307 1049 3373 V,
1068 3307 1183 3362 sed-ex·

159 3378 291 3448 plicatur.
365 3380 569 3449 lprooeetioae
582 3378 609 3433 V
628 3395 697 3434 corr.
716 3380 760 3435 ed.
826 3381 944 3448 tpaeai
960 3396 1012 3449 pro
1031 3380 1135 3434 Pheraei
1148 3378 1181 3432 V.

161 3455 193 3504 11
222 3451 269 3505 ille
293 3449 330 3524 V*
347 3451 366 3505 e'.
391 3452 461 3505 mibi
489 3466 540 3504 nos
570 3467 624 3505 om.
651 3451 695 3506 ed.
727 3451 730 3524 l
764 3468 815 3521 que
844 3467 898 3505 om.
925 3450 968 3505 ed.
998 3450 1001 3523 l
1036 3450 1084 3504 ille
1115 3451 1184 3505 erebi

159 3520 289 3576 lemmati
306 3522 438 3591 praefixit
456 3522 499 3577 ed.
574 3526 607 3575 13
625 3523 759 3578 intextam
780 3524 820 3593 (et
838 3521 922 3591 infra)
941 3522 974 3576 V.
1048 3527 1081 3575 16
1105 3519 1183 3576 reeV

158 3599 191 3648 at
208 3612 242 3649 ree
261 3594 304 3648 ed.
379 3598 412 3647 18
436 3599 598 3649 aramenta
621 3593 664 3647 ed.
739 3599 771 3647 21
793 3600 874 3649 toata
892 3610 945 3647 om.
961 3592 1004 3647 ed.
1079 3599 1112 3646 22
1136 3609 1183 3661 eqo

159 3682 214 3719 om.
229 3666 272 3719 ed.
346 3670 381 3718 23
398 3664 601 3721 todiemumV
618 3666 645 3721 lt.
664 3681 753 3739 resque
771 3665 846 3723 dieta
864 3664 912 3722 ed.
981 3669 1025 3719 ‘hh
1043 3664 1207 3718 tassaria

152 3742 286 3790 maneant
300 3735 326 3789 V
333 3738 501 3805 perdurant
518 3738 564 3797 cd.
617 3746 655 3799 ab
674 3742 715 3801 sit
734 3759 793 3799 om.
808 3740 857 3798 ed.
