2725 4150
520 337 784 393 scrumosum
1101 342 1165 409 125

145 525 200 580 qoo
228 511 255 565 te
282 524 402 578 cumque
432 507 500 565 ioco
528 508 717 565 miserantem
743 508 927 566 incommodo
955 513 1058 567 nostro
1086 511 1208 582 fontem

144 602 235 664 temes,
264 613 441 668 quocumque
467 596 528 654 soto
549 596 768 669 pmidrermmms
795 598 871 656 ercis:
898 616 958 673 quo
985 601 1165 674 tecumque

144 686 190 745 bis
214 685 421 762 accipiendum
445 689 503 759 est,
527 688 562 745 ut
584 686 625 745 sit
648 704 708 761 quo
731 688 761 744 te
784 705 910 763 cumque
932 687 1002 745 lacu
1026 689 1109 747 tenes
1134 691 1165 748 et

144 794 334 852 quocumque
356 774 439 832 fonte
463 775 638 849 contineris3
661 774 714 834 sed
740 775 847 833 horum
875 776 1002 835 alterum
1030 776 1069 835 ad
1099 778 1164 838 eius

114 887 126 925 c
143 866 291 942 originem
312 865 452 941 pertinet,
475 865 604 923 alterum
625 862 663 921 ad
687 864 806 922 exitum.
839 881 952 937 semper
968 866 1075 925 honore
1092 884 1163 936 meo,

142 971 256 1026 semper
284 954 461 1012 celebrabere
488 954 588 1013 dones:
610 954 687 1027 sive,
709 953 823 1028 inquit,
846 953 885 1012 ad
908 955 1055 1033 originem
1078 958 1163 1015 tuam

142 1062 260 1116 venero,
284 1043 346 1102 sive
368 1045 399 1101 te
422 1043 455 1101 in
477 1042 545 1102 aliis
568 1042 642 1101 locis
665 1043 846 1102 constitutus
870 1047 1026 1103 exeuntem
1043 1063 1163 1122 repper-

143 1151 194 1192 ere
213 1132 261 1192 vel
279 1131 433 1190 conditum
451 1132 527 1205 lacu,
545 1130 700 1190 celebrabo
718 1134 749 1189 te
768 1132 855 1192 donis
869 1151 986 1210 semper
1004 1137 1034 1193 et
1048 1153 1164 1212 semper

142 1220 296 1281 honorabo
319 1221 499 1280 muneribus.
546 1239 662 1298 semper
684 1220 872 1297 duplicatum
894 1223 1015 1299 plenam
1037 1225 1163 1300 praesti-

98 1333 125 1372 10
142 1313 244 1370 torum
257 1310 432 1370 memoriam
449 1312 607 1369 monstrat.
639 1311 707 1369 lons
726 1313 757 1370 et
774 1311 858 1370 lacus
877 1329 937 1370 non
956 1314 1028 1372 sunt
1046 1314 1163 1373 eadem:

142 1400 209 1459 fons
239 1402 286 1458 est
314 1400 367 1458 ubi
397 1402 443 1459 est
472 1419 568 1475 aquae
597 1401 734 1472 initium,
764 1400 847 1458 lacus
875 1400 929 1458 ubi
957 1401 1050 1461 fontis
1082 1421 1163 1478 aqua

143 1490 304 1566 colligitur.
336 1490 392 1548 hoc
412 1509 482 1566 ergo
500 1489 617 1547 numini
635 1489 776 1566 spondet:
799 1488 979 1565 ubicumque
996 1493 1036 1563 te,
1054 1490 1163 1567 inquit,

140 1579 298 1652 invenero,
319 1580 381 1637 sire
400 1582 571 1638 nascentem
589 1598 624 1637 ex
642 1580 725 1638 lente
745 1578 807 1637 sive
827 1578 858 1635 in
877 1580 985 1656 stagno
1005 1579 1163 1639 collectum

142 1668 204 1727 sive
227 1668 368 1726 fluentem
390 1688 445 1744 per
466 1667 575 1727 liberos
598 1669 708 1742 exitus,
731 1667 896 1727 venerabor
916 1669 947 1726 te
969 1686 1024 1744 pro
1047 1668 1161 1729 meritis

97 1778 123 1817 15
141 1759 203 1815 tuis
227 1760 257 1815 et
279 1776 395 1834 semper
418 1758 540 1816 offeram
562 1758 642 1817 vota.
688 1774 805 1833 semper
826 1758 918 1816 etiam
940 1757 1016 1816 illud
1043 1757 1163 1817 videtur

141 1846 318 1923 significare,
335 1846 450 1924 iugiter
461 1845 625 1905 inferendis
642 1846 814 1905 muneribus
833 1846 969 1906 futurum
987 1847 1162 1924 obnoxium3

141 1936 240 1994 solent
263 1935 373 2012 quippe
396 1935 518 1995 liberari
540 1954 617 1994 nexu
640 1936 694 2011 qui
712 1936 803 1994 semel
821 1939 1004 2012 promittunt
1023 1939 1053 1996 et
1071 1938 1162 1997 semel

140 2027 213 2086 vota
248 2026 432 2101 persolvunt.
487 2026 618 2100 corriper
653 2025 853 2099 Hesperidum
884 2028 995 2098 tmolus
1025 2032 1163 2102 reprobor

140 2132 302 2189 oqmormm:
325 2118 462 2193 corniger
483 2115 559 2190 ideo,
583 2116 655 2192 quia
677 2135 905 2193 nonnumquam
927 2117 1051 2176 flumina
1069 2117 1162 2177 scissa

95 2223 122 2262 so
139 2204 171 2262 in
194 2204 290 2281 partis
309 2206 465 2280 tamquam
487 2206 520 2263 in
542 2224 654 2263 cornua
673 2204 858 2265 dividuntur.
890 2206 1091 2284 Hesperidum
1107 2207 1162 2265 fiu-

139 2294 215 2366 vius,
235 2293 342 2371 dignus
362 2295 415 2369 qui
432 2313 487 2369 per
504 2293 627 2353 Italiam
644 2295 729 2354 fluas.
765 2298 909 2371 regnator
927 2315 1083 2371 aquarum,
1101 2314 1161 2354 non

140 2401 263 2441 suarum
285 2383 507 2459 tantummodo,
526 2382 578 2442 sed
601 2385 737 2442 omnium
758 2384 925 2442 fluminum.
956 2386 1012 2444 hoc
1036 2384 1160 2444 diceudo

139 2472 237 2531 voluit
250 2473 329 2530 hunc
342 2473 443 2532 studio
458 2473 611 2532 laudantis
621 2473 768 2533 universis
783 2472 921 2533 amnibus
931 2492 994 2533 esse
1004 2474 1160 2549 potiorem.

140 2562 223 2619 odsis
246 2579 262 2619 o
286 2566 414 2620 tomtmm:
444 2562 524 2621 adsis
554 2562 669 2621 nisibus
698 2562 785 2637 meis,
815 2563 871 2621 hoc
902 2564 948 2621 est
971 2567 1055 2622 actus
1078 2580 1160 2622 meos

95 2667 121 2707 rs
139 2668 199 2708 non
223 2651 341 2710 deseras
365 2654 442 2727 peto.
480 2656 507 2709 et
523 2652 663 2723 placidos
686 2655 738 2709 imo
760 2652 864 2709 mmmio
886 2653 1001 2723 firmes:
1023 2650 1159 2727 placidus

140 2742 248 2813 mente,
266 2740 404 2815 placidus
422 2741 553 2815 flumine,
571 2744 695 2817 propter
712 2740 908 2799 inminentem
926 2740 1159 2819 navigationem.

139 2830 182 2886 sic
203 2834 344 2888 memoret
364 2831 553 2903 pemimosqme
575 2830 643 2903 iepit
664 2830 700 2888 de
725 2830 817 2888 etosse
842 2830 960 2890 biremis
984 2831 1203 2905 remipioqoesso

140 2922 230 2989 aptot,
263 2920 355 2976 socios
390 2919 480 2977 simol
514 2919 635 2978 mstrmit
670 2920 778 2977 armis:
812 2938 925 2997 magna
959 2919 1092 2981 brevitas
1129 2923 1160 2980 et

138 3008 264 3081 pulchra
282 3008 314 3065 in
332 3007 479 3067 brevitate
499 3008 669 3083 descriptio.
710 3008 796 3066 navis
816 3008 909 3087 elegit
926 3010 1014 3085 duas,
1036 3011 1091 3069 has
1113 3011 1158 3068 in·

95 3113 121 3151 ao
139 3096 232 3155 struit
258 3098 349 3156 remis
377 3099 406 3156 et
435 3099 522 3173 aptas
553 3098 689 3157 cursibus
718 3100 853 3174 praestat
879 3102 910 3158 et
937 3100 1036 3159 armat
1062 3100 1158 3158 socios

139 3204 213 3260 quos
232 3185 332 3245 fuerat
350 3189 536 3262 portaturus.
566 3187 632 3246 ideo
647 3186 741 3264 elegit
753 3186 883 3263 biremis,
898 3189 1041 3263 quoniam
1055 3190 1159 3248 contra

211 3381 226 3428 1
247 3376 309 3430 loeo
327 3374 358 3429 in
375 3374 508 3429 lemmate
527 3376 605 3430 lomes
622 3373 653 3429 in
670 3374 823 3443 interpr.V
841 3376 918 3430 locos
934 3374 1086 3443 utrobique
1105 3374 1158 3442 ed,

139 3446 188 3499 sed
211 3445 474 3514 interpretationem
497 3448 561 3501 loco
583 3462 699 3515 poscere
721 3448 810 3515 patet.
885 3448 1096 3502 ‘leonstitmtmm
1114 3446 1158 3504 ed.

139 3524 172 3571 21
191 3520 261 3585 simoi
279 3518 322 3572 ed.
378 3524 413 3572 24
431 3525 539 3573 tamtum
552 3517 578 3571 V
597 3518 707 3572 tamdem
726 3518 769 3571 ed.
797 3517 800 3590 Ι
827 3519 935 3573 misibms
948 3517 974 3571 V
991 3518 1096 3572 risibus
1114 3517 1157 3571 cd.

137 3590 234 3643 msibms
261 3589 305 3643 cd.
328 3592 400 3658 poet.
480 3595 514 3644 25
541 3596 567 3643 et
588 3590 700 3658 placide
727 3589 798 3644 Don.
824 3589 926 3659 legisse
951 3592 1059 3644 temere
1082 3606 1164 3654 susp.

138 3659 274 3727 HOPPhlfl·
301 3661 308 3724 t
335 3663 433 3716 munia
448 3660 474 3715 V
490 3662 609 3718 mmmimo
628 3661 673 3719 cd.
693 3663 725 3719 et
739 3660 831 3735 Verg.
844 3660 929 3718 ituri.
1000 3666 1042 3715 bt
1059 3656 1181 3728 (ruffi

125 3731 260 3793 ammodo
276 3730 309 3781 H
323 3732 381 3786 ed.-
404 3733 483 3791 bunc
506 3752 636 3794 errorem
657 3737 691 3795 in
708 3735 931 3811 posterioribus
943 3733 1039 3791 libris
1052 3738 1206 3801 pensum
1252 3750 1254 3753 ·
