2725 4150
547 355 732 412 Annnrnos
745 356 811 412 vm
1127 359 1191 427 149

171 528 241 585 tans
263 528 294 584 at
316 526 480 584 maximum
501 525 646 602 pudorem
664 527 828 602 sustinens,
848 525 929 602 quod
946 525 1088 585 iniuriam
1106 545 1191 587 suam

172 615 285 674 latente
309 617 430 674 auctore
452 614 605 674 vindicare
627 635 689 676 non
711 617 839 693 poterat.
888 616 986 674 stabat
1008 619 1096 674 acuta
1118 616 1191 675 silea

166 705 313 778 praecisis
334 704 464 776 aeduae
485 706 568 764 sacis
585 706 741 779 speluaaae
759 705 845 764 derso
862 705 1026 779 iusurpcus,
1045 704 1191 765 attissuua

170 794 250 862 auu,
274 793 411 852 dirarum
432 794 513 852 aidis
535 794 639 853 damas
661 798 826 868 opportuna
846 794 1011 852 aobaucua:
1032 795 1191 854 tractantis
1200 803 1252 854 aab

140 882 265 942 seculis
289 883 450 958 animoque
474 884 548 943 satis
571 885 672 943 astuto
692 882 814 961 grandis
834 884 865 942 et
882 882 1050 943 inmensum
1069 881 1191 944 diducta

170 973 341 1031 occurrerat
364 971 451 1047 silex,
474 973 517 1031 sic
539 973 668 1032 laterum
692 971 858 1032 abscisione
880 972 1011 1048 munita,
1039 976 1075 1033 ut
1101 973 1134 1031 in
1156 992 1191 1032 ea

170 1060 243 1121 diris
263 1061 368 1121 avibus
387 1064 418 1120 et
435 1061 640 1121 commanendi
657 1061 788 1121 facultas
803 1065 833 1122 ct
846 1062 990 1122 securitas
1004 1062 1065 1121 fida
1078 1060 1189 1123 fetibus

170 1149 332 1210 educandis
359 1169 419 1209 non
447 1150 569 1210 deesset.
615 1150 696 1210 diras
724 1151 788 1210 avis
817 1169 976 1229 possumus
1004 1151 1114 1212 sentire
1141 1169 1189 1212 eas

170 1259 246 1315 quae
277 1239 472 1299 cadaveribus
503 1241 636 1315 alantur,
665 1242 701 1300 ut
732 1242 804 1300 sunt
834 1241 969 1300 vidtures
1001 1242 1031 1299 et
1063 1240 1191 1301 aliorum

124 1344 312 1406 ragenerum
344 1347 421 1405 quae
454 1347 542 1388 carne
573 1332 744 1406 pascantir.
797 1330 886 1399 bauc,
923 1333 957 1388 ut
990 1347 1087 1403 praua
1121 1330 1190 1404 iupa

169 1419 285 1477 laeauuu
307 1419 492 1477 incumbebat
514 1418 554 1477 ad
576 1435 706 1488 auaeru,
730 1419 882 1478 deuteria
910 1418 1067 1478 adeasura
1093 1420 1190 1478 uiteas

169 1509 313 1567 concussit
335 1511 362 1566 et
383 1508 451 1565 imis
474 1508 611 1566 avulsam
633 1508 719 1566 saluit
741 1507 906 1576 radicibus,
924 1508 994 1566 tude
1010 1512 1126 1581 repcute
1144 1509 1188 1566 tu·

163 1596 252 1668 pulit,
274 1597 397 1670 trepulsa
420 1613 475 1668 aaa
492 1597 641 1656 mactmus
658 1597 774 1656 iutcuat
791 1597 900 1666 aetba,
925 1597 1084 1656 dissultant
1105 1596 1251 1670 rapacum

168 1686 320 1758 refluitque
342 1686 495 1744 exterritus
518 1686 631 1744 aranu:
652 1686 685 1744 in
707 1686 763 1746 hoc
785 1686 866 1745 facto
889 1704 950 1745 non
971 1688 1092 1746 tantum
1113 1686 1189 1747 Her·

123 1787 149 1828 1⁶
169 1774 245 1832 culis
267 1775 412 1833 vmtutem
429 1793 532 1833 verum
556 1774 648 1834 etiam
665 1774 857 1852 prudentiam
874 1774 988 1835 laudat
1020 1775 1189 1851 suspicione

169 1863 248 1920 enim
279 1882 316 1921 ex
346 1863 439 1922 animi
471 1864 573 1941 vigore
607 1864 733 1924 collecta
763 1865 865 1941 potuit
897 1863 1067 1924 existimare
1102 1863 1189 1924 illam

169 1951 282 2010 silicem
311 1955 463 2028 postrema
492 1954 650 2030 speluncae
680 1955 837 2032 contegere
866 1955 957 2030 atqua
986 1955 1043 2013 hac
1072 1956 1189 2015 remota

168 2058 255 2118 posse
283 2042 362 2118 quod
390 2042 524 2102 clausum
551 2044 651 2103 fuerat
676 2044 813 2104 reserari.
858 2044 920 2104 fuit
940 2042 1035 2123 igitur
1058 2063 1076 2103 a
1099 2043 1187 2105 dorso

168 2131 325 2208 speluncae
350 2131 462 2192 devexa
486 2132 560 2191 silex
582 2134 615 2192 in
633 2132 789 2193 sinistram
805 2133 936 2194 fluminis
955 2136 1087 2210 partem,
1111 2154 1187 2211 qnae

121 2235 148 2273 aa
167 2221 277 2280 montis
295 2221 446 2281 radicibus
464 2221 641 2282 inhaerebat
659 2225 699 2298 et,
718 2224 790 2300 quia
807 2226 855 2283 tat
873 2224 1009 2298 saeculis,
1028 2243 1095 2283 cum
1110 2227 1188 2284 esset

166 2329 274 2386 prona,
302 2329 362 2369 non
391 2310 511 2385 cecidit,
537 2310 711 2389 inpellenda
740 2330 800 2371 non
828 2311 901 2387 fuit,
929 2315 965 2371 ut
992 2311 1046 2372 alii
1068 2315 1187 2390 putant,

166 2400 217 2458 sed
239 2400 421 2476 revocanda,
442 2403 479 2460 ut
500 2400 610 2460 laxatis
633 2402 758 2461 nexibus
782 2401 858 2460 solvi
875 2404 977 2477 posset
1000 2421 1019 2461 a
1037 2404 1186 2462 consortio

164 2490 275 2548 montis
299 2491 330 2548 et
351 2487 421 2548 inda
444 2489 566 2565 inpulsa
588 2489 791 2567 praecipitari.
827 2491 931 2567 itaque
950 2509 1018 2549 cum
1036 2491 1067 2548 in
1086 2490 1186 2549 sinist·

164 2596 230 2635 ram
252 2580 370 2653 partem
392 2576 589 2653 incumberet,
611 2578 736 2638 reducta
758 2579 804 2638 est
826 2577 859 2637 in
882 2579 1041 2639 adversum
1062 2580 1119 2638 hoc
1141 2581 1187 2639 est

118 2681 145 2720 ss
166 2665 333 2743 dexternm3
361 2667 521 2727 adversum
549 2667 628 2727 enim
656 2670 702 2727 est
723 2667 909 2727 incumbenti
932 2667 1013 2745 quod
1036 2669 1111 2742 stat,
1134 2668 1185 2727 ad·

164 2774 283 2815 versum
312 2774 430 2832 quoque
458 2756 579 2817 sinistro
607 2759 654 2817 est
684 2757 836 2816 dexterum
861 2760 891 2816 et
912 2757 1033 2817 laevum
1056 2756 1187 2834 dextero,

163 2848 198 2903 ut
221 2845 290 2904 albo
312 2844 434 2922 nigrum
456 2850 487 2906 et
509 2846 643 2906 lucidum
666 2846 832 2906 tenebroso.
864 2865 934 2924 ergo
957 2845 1102 2907 Hercules
1125 2848 1186 2907 via

163 2936 229 2992 tute
262 2936 292 2993 et
321 2934 483 3011 prudentia
514 2936 630 3012 pollens
663 2954 682 2994 a
715 2935 836 2996 sinistro
869 2937 900 2994 in
932 2935 1070 2995 dextrum
1101 2937 1186 2997 nisus

163 3022 278 3082 silicem
305 3023 443 3099 adduxit,
476 3024 624 3085 adductae
653 3025 775 3085 radices⁴
799 3026 856 3085 hoc
886 3026 1010 3086 consilio
1038 3026 1129 3086 solvit
1156 3029 1186 3085 et

115 3127 143 3166 ac
161 3112 240 3171 hanc
271 3111 303 3170 in
334 3115 452 3189 partem
485 3134 546 3191 qua
575 3114 694 3174 iacebat
724 3114 897 3191 inpellendo
928 3115 1090 3176 revocavit.
1140 3115 1186 3175 ita

162 3202 276 3260 factum
300 3204 403 3262 estut
425 3221 511 3264 casus
535 3202 598 3263 eins
622 3202 751 3281 strepitu
774 3208 804 3264 et
826 3207 939 3265 terrore
957 3205 1098 3265 universa
1116 3222 1184 3263 con-

161 3290 270 3366 ploret,
297 3291 329 3350 in
352 3293 473 3351 tantum
494 3295 530 3352 ut
553 3293 788 3369 contremuerint
809 3292 942 3354 fluminis
964 3294 1062 3369 ripae,
1085 3293 1185 3372 ipsum

232 3465 409 3529 topcrtrma
427 3461 461 3517 V.
525 3466 551 3516 b
574 3464 728 3519 damasum
745 3463 772 3518 V
792 3464 824 3519 ta
846 3465 865 3519 i.
892 3463 935 3518 ed.
967 3462 971 3533 l
1000 3463 1117 3518 deducta
1139 3462 1183 3518 ed.

161 3537 176 3584 6
196 3532 331 3587 accium
343 3531 377 3587 V.
438 3538 453 3587 9
473 3536 671 3590 aluntur-10
682 3541 839 3603 pasceretur
852 3534 895 3589 ed.
956 3538 990 3588 13
1009 3536 1122 3590 iurabat
1139 3533 1183 3589 ed.

160 3608 193 3657 16
213 3605 392 3661 eaaestimare
405 3603 440 3662 V.
496 3610 529 3660 18
547 3623 668 3662 reseram
681 3606 708 3661 V
722 3606 766 3662 ed.
822 3610 855 3661 19
874 3606 923 3675 cut
935 3604 962 3659 V
976 3605 1023 3661 ed,
1038 3622 1111 3675 abac
1124 3622 1191 3659 nus.

159 3680 193 3727 21
218 3676 318 3729 occidit
339 3676 381 3730 ed,
455 3682 490 3732 ab
513 3678 638 3749 impulsu
661 3677 707 3737 ed.
786 3684 825 3737 ‘rt
845 3676 1053 3736 {amathaetV
1078 3676 1144 3729 tu
1161 3673 1214 3725 ud.

150 3748 186 3795 29
202 3745 340 3799 adductae
357 3745 381 3800 V
395 3748 511 3820 eaeque
529 3750 575 3811 ed.
654 3759 691 3813 30
711 3755 784 3829 quaa
794 3754 823 3812 V
842 3752 893 3811 ed.
912 3768 975 3825 pau
992 3748 1046 3806 sd.
1059 3745 1147 3817 pust.
