2725 4150
437 295 439 298 ’
529 292 713 349 aararnos
732 292 770 347 nr
1095 297 1160 364 443

140 463 277 519 remissos
300 479 375 533 quae
391 463 523 534 referunt
539 462 602 535 furi
619 463 699 521 iubet
716 466 741 520 et
758 461 899 536 respousa
920 465 1044 537 reposcit
1060 464 1162 523 ordine
1171 475 1224 525 240

141 555 245 609 euuciu
263 550 331 608 suoj
353 553 478 610 noverat
492 549 618 610 Latinus
637 550 764 611 adversa
781 552 929 611 relaturos
944 554 1061 612 ethaeo
1074 556 1162 630 potu·

141 642 206 698 erat
228 641 292 715 ipse
316 640 355 698 ad
378 642 501 700 cunctos
524 640 654 717 adferre,
682 638 734 699 sed
762 640 851 700 aliter
872 641 1062 701 multitudini
1085 661 1163 718 quae

141 730 244 789 favore
274 729 369 788 Turni
398 729 563 788 ducebatur
591 728 766 807 persuaderi
797 749 857 789 non
886 733 988 806 posset
1018 731 1098 806 quod
1127 731 1163 791 de

111 844 122 883 5
141 820 243 877 Aenea
263 816 464 894 sentiebatur,
487 819 600 878 nisiex
622 819 695 896 ipsis
720 819 852 879 audisset
871 821 924 895 qui
941 820 980 880 ab
998 820 1072 880 urbe
1091 820 1162 879 Dio-

141 908 235 967 medis
259 911 379 969 fuerant
400 909 537 987 regressi.
584 907 628 968 ait
649 909 745 988 igitur
772 911 863 985 atque
885 909 950 984 hio,
976 910 1033 970 boo
1063 912 1109 969 est
1131 911 1163 968 in

141 999 195 1056 illa
218 999 449 1077 congregatione
473 1000 644 1057 conventus.
683 998 799 1076 legatos
822 998 932 1057 Aetola
958 1018 994 1058 ex
1020 999 1094 1058 urbe
1116 1018 1162 1058 re-

141 1091 261 1146 missos:
288 1087 427 1147 remissos
456 1088 571 1164 inquit,
597 1091 632 1147 ut
659 1088 829 1147 ostenderet
850 1088 1015 1148 Diomeden
1043 1107 1163 1167 quoque

143 1178 181 1234 ad
212 1177 307 1236 vicem
329 1176 489 1255 legationis
520 1195 592 1236 suae
619 1177 802 1255 legationem
834 1177 926 1236 aliam
953 1197 1006 1255 per
1032 1197 1083 1238 eos
1111 1180 1164 1255 qui

98 1290 124 1330 10
142 1267 226 1325 missi
243 1267 364 1325 fuerant
380 1266 536 1326 remisisse.
568 1266 611 1327 sic
629 1285 700 1344 ergo
720 1266 863 1325 audiendi
877 1267 999 1328 fuerant
1016 1270 1053 1327 ut
1069 1268 1163 1343 missi,

142 1356 184 1414 sic
207 1375 325 1414 rursum
347 1358 382 1415 ut
404 1356 534 1430 remissi,
557 1357 593 1413 ut
615 1355 749 1415 officium
767 1355 877 1433 duplex
899 1357 930 1414 et
948 1356 1074 1433 duplicis
1097 1377 1162 1416 mu·

142 1445 221 1503 neris
244 1444 392 1504 sarcinam
415 1444 560 1505 sustinere
582 1443 768 1520 viderentur3
790 1464 883 1504 unam
903 1447 1015 1522 quippe
1037 1446 1163 1524 legatio·

142 1553 209 1592 nem
233 1537 429 1609 perrexerant
457 1534 672 1593 mandantibus
701 1533 802 1611 Italis,
829 1535 1010 1594 rettulerant
1037 1536 1164 1594 alteram

144 1644 178 1682 ex
201 1624 350 1682 sententia
373 1623 526 1683 Diomedis
551 1626 604 1699 qui
627 1623 705 1682 dixit
732 1623 792 1683 alia
822 1643 907 1684 arma
929 1623 1046 1684 Latinis
1075 1643 1163 1701 quae-

99 1733 124 1774 15
142 1712 236 1770 renda
259 1715 313 1771 aut
336 1711 496 1787 petendam
519 1731 623 1789 pacem
646 1712 685 1771 ab
708 1712 819 1772 Aenea.
852 1732 929 1790 quae
951 1714 1084 1773 referant
1106 1711 1165 1772 fari

142 1801 238 1876 iubet,
268 1802 354 1877 loqui
377 1803 456 1861 enim
478 1803 511 1860 in
534 1804 693 1878 conspectu
716 1802 836 1878 publico
859 1822 920 1862 non
942 1805 1078 1882 possent,
1105 1802 1165 1862 nisi

142 1910 195 1948 rex
217 1890 313 1966 primo
335 1890 481 1951 iussisset.
523 1910 599 1969 quae
621 1891 767 1966 referant,
790 1893 847 1951 hoc
869 1895 915 1952 est
937 1893 1041 1970 qualia
1063 1911 1164 1969 repor-

143 1983 208 2038 tent
238 1982 268 2039 et
297 1981 382 2039 cuius
413 1982 477 2057 spei
504 1983 695 2058 quantaeque
723 1981 918 2042 substantiae.
964 1986 995 2043 et
1021 2001 1165 2060 responsa

143 2071 274 2146 reposcit
296 2070 399 2129 ordine
418 2074 525 2131 cuncta
543 2089 610 2131 suo:
633 2070 790 2148 praevenit
807 2071 936 2150 legatos,
959 2093 997 2133 ne
1019 2075 1068 2133 usi
1087 2074 1163 2132 rela-

99 2181 125 2219 ao
144 2160 234 2219 tionis
250 2159 414 2234 conpendio
429 2160 649 2238 supprimerent
665 2180 701 2221 ea
716 2150 945 2239 quaesopiendo
955 2162 1033 2221 bello
1043 2163 1164 2221 tuerent

143 2252 319 2308 necessaria.
343 2253 457 2326 quanto
472 2250 551 2309 enim
565 2270 601 2310 ex
615 2250 748 2311 adversis
766 2249 963 2311 relationibus
982 2251 1165 2311 deiciebatur

143 2339 258 2397 animus
282 2338 387 2415 populi
409 2341 495 2399 tanto
518 2340 660 2415 proficere
683 2342 805 2417 poterat
827 2340 907 2416 quod
930 2342 1044 2416 optimo
1065 2340 1164 2399 studio

143 2447 198 2503 pro
221 2429 339 2487 Aeneae
363 2429 499 2504 partibus
527 2429 667 2505 cupiebat
692 2429 810 2505 inpleri.
856 2434 918 2487 imm
938 2429 1021 2502 furtu
1048 2429 1165 2487 siieuiiu

144 2518 268 2591 linquis:
298 2517 478 2577 curiositatis
503 2519 560 2577 hoc
582 2518 642 2577 fuit
669 2521 701 2577 et
727 2517 837 2597 regalis
864 2518 1063 2593 reverentiae;
1094 2535 1165 2576 nam

99 2626 125 2665 2⁵
145 2625 212 2665 cum
229 2627 282 2665 rex
299 2606 383 2666 iubet
401 2608 531 2684 aliquem
550 2608 646 2685 loqui,
665 2609 768 2667 eadem
786 2607 917 2667 iussione
934 2608 1040 2667 ceteris
1057 2607 1166 2667 indicit

145 2696 310 2771 silentium3
339 2697 499 2756 accedebat
521 2697 560 2757 ad
582 2698 734 2774 publicam
758 2697 948 2774 disciplinam
972 2696 1053 2774 quod
1075 2695 1164 2756 unus·

146 2786 273 2860 quisque
297 2784 333 2843 de
351 2785 475 2861 propria
493 2787 590 2845 salute
609 2787 757 2847 sollicitus
780 2786 890 2847 idcirco
909 2786 1062 2846 silentium
1080 2805 1164 2863 prae·

145 2874 247 2948 bebat,
265 2876 302 2933 ut
320 2873 393 2951 quid
407 2874 464 2933 sibi
478 2876 541 2951 spei
555 2878 723 2952 superesset
735 2878 838 2952 posset
851 2875 964 2937 audire.
994 2880 1021 2935 et
1035 2876 1165 2935 Veuuius

145 2965 219 3022 dicio
239 2981 351 3036 pareus
373 2965 417 3023 iiu
433 2966 529 3037 farier
546 2966 627 3037 imit:
649 2967 741 3042 atque
760 2966 806 3024 ita
823 2965 972 3041 Venulus,
995 2963 1049 3042 qui
1067 2966 1166 3042 potior

99 3074 125 3112 eo
144 3053 254 3131 legatis
278 3054 383 3112 ceteris
407 3054 478 3128 suit,
507 3053 597 3113 iussis
621 3054 828 3132 obtemperans
852 3055 895 3114 sic
916 3054 1051 3115 instituit
1072 3056 1164 3131 loqui.

223 3143 366 3212 Vidimus,
385 3161 402 3201 o
421 3145 504 3212 ciues,
518 3144 690 3203 Diomedem
703 3144 874 3219 Arpicuque
892 3149 990 3203 casira
1009 3149 1094 3217 atque
1111 3143 1166 3203 iter

145 3234 253 3290 emensi
276 3250 364 3291 casus
381 3234 586 3307 superavimus
604 3234 699 3293 mauis
723 3234 948 3308 contigimusque
965 3253 1089 3294 muuum
1107 3250 1226 3309 quaere

219 3404 409 3470 leeserebuut
426 3403 459 3458 V.
533 3409 693 3472 ipctuerat
706 3403 731 3458 V
745 3410 895 3472 putaverat
912 3404 956 3459 ed.
1030 3406 1165 3459 teudis-

144 3480 204 3527 seut
223 3474 265 3528 ed.
339 3476 465 3543 {linquit
483 3492 536 3529 om.
551 3475 594 3529 ed.
621 3474 624 3547 l
649 3476 810 3530 Diomedem
827 3474 934 3545 ubique
953 3476 997 3530 ed.
1071 3482 1105 3529 14
1121 3476 1166 3530 iu-

145 3547 221 3598 iiuus
234 3545 261 3598 V
280 3563 348 3599 corr.
368 3546 411 3599 ed.
485 3552 519 3599 15
537 3547 576 3600 ad
593 3563 678 3601 ueuea
695 3545 722 3600 V
740 3563 808 3601 corr.
828 3547 872 3602 ed,
951 3553 988 3599 it
1010 3546 1173 3614 pacibus*

146 3633 215 3669 corr.
240 3615 282 3670 ed.
361 3623 395 3671 26
421 3619 598 3687 disciplinam
623 3634 679 3674 om.
701 3618 747 3675 ed.
828 3624 864 3673 Ἣ
893 3620 930 3675 de
943 3617 971 3671 V
1006 3620 1071 3671 erut
1091 3616 1131 3664 aa
1154 3608 1208 3657 aa.

144 3693 175 3739 31
197 3687 337 3741 diemedeu
355 3692 454 3744 eontra
472 3696 599 3747 metrum
611 3691 649 3750 V.
