2725 4150
201 336 266 402 348
487 331 626 388 ΒΟΝΑΤΙ
643 330 814 386 INTERPR.
828 330 936 386 VRRG.

201 521 261 560 non
270 504 404 576 noverat,
418 520 472 560 uec
486 501 563 561 dixit
576 503 711 560 aetatum
724 499 860 576 ipsarum
874 497 1027 560 definitam
1041 499 1223 561 distantiam

201 610 256 650 uec
278 591 346 667 quis
370 591 497 651 alterum
519 609 644 650 numero
666 591 798 665 praeiret
820 608 979 665 annorum,
996 589 1078 649 inter
1096 592 1223 665 aetates,

139 679 313 757 labiaquit,
342 679 497 739 amborum
526 699 586 739 non
615 679 781 756 plurimum
802 677 869 738 fuit.
915 679 1021 754 cpreyc'c‘
1041 681 1162 753 form:
1186 680 1225 740 ad

202 770 303 831 omnia
325 762 458 846 pertinet
478 769 546 828 laus
568 769 630 828 ista
659 769 773 828 formae
799 772 830 828 et
858 768 930 828 talis
956 767 1095 847 intellegi
1121 771 1225 846 potest

202 861 300 935 qualis
324 858 451 935 Euryali
479 859 550 933 fnit,
583 859 619 917 de
649 877 710 935 quo
739 856 816 916 dixit
845 849 891 939 (5,
906 848 985 937 344)
1015 859 1068 933 „et
1095 859 1224 935 pulchro
1250 872 1260 912 s

201 948 322 1008 veniens
345 950 377 1007 iu
401 967 523 1025 corpore
545 946 673 1007 virtus“.
705 947 757 1006 sed
779 947 857 1019 qua,
881 946 938 1007 hoc
960 948 1007 1006 est
1028 946 1081 1006 sed
1104 947 1224 1025 quibus,

200 1038 338 1096 Fortuna
354 1042 479 1112 necarat
490 1038 524 1095 ia
533 1038 666 1111 patriam
678 1036 801 1095 reditus:
815 1035 902 1095 ambo
917 1038 997 1094 enim
1014 1054 1084 1095 mox
1102 1036 1225 1099 fuerant

200 1127 353 1202 morituri,
376 1127 459 1202 quod
480 1127 617 1185 futurum
638 1125 750 1186 idcirco
773 1126 923 1202 praedixit
944 1127 1048 1202 poeta,
1078 1128 1224 1202 quoniam

201 1218 327 1275 noverat
345 1215 565 1275 ordinationem
584 1214 724 1274 carminis
743 1215 799 1275 sui.
830 1215 910 1288 ipsos
928 1231 1223 1289 mawerepasesee

200 1305 273 1363 licut
295 1308 392 1364 tamen
414 1306 491 1364 inter
512 1322 544 1364 sc
564 1307 666 1378 mopsi
688 1308 825 1379 reparator
845 1302 975 1378 Olympi:
998 1322 1066 1363 cum
1085 1323 1143 1382 pro
1162 1305 1223 1366 suis
1240 1318 1260 1358 ¹0

201 1392 338 1470 partibus
361 1397 488 1469 starent,
511 1413 571 1453 uon
594 1413 644 1453 eos
667 1394 804 1470 permisit
820 1392 958 1469 Iuppiter
974 1395 1054 1453 inter
1072 1411 1138 1454 sese
1157 1414 1225 1456 oon·

201 1482 311 1561 digere.
356 1484 512 1543 mosellae
533 1501 590 1543 suo
611 1484 678 1556 fotu
700 1487 821 1542 mouent
841 1483 953 1541 maiore
974 1484 1030 1542 sut
1046 1482 1144 1543 toste.-
1166 1502 1224 1545 ser·

202 1573 352 1633 vehantur
365 1574 453 1647 enim,
470 1577 505 1632 ut
523 1571 579 1632 sub
597 1574 682 1632 hoste
701 1572 814 1632 maiore
833 1571 1075 1648 procumberent3
1093 1572 1225 1634 alterum

203 1663 282 1720 euim
304 1663 437 1737 Turnus,
461 1662 589 1721 alterum
610 1661 728 1721 Aeneas
752 1660 867 1720 occidit.
1042 1662 1044 1667 ’

140 1764 193 1813 440
272 1752 393 1811 Interea
421 1768 505 1810 soror
533 1752 614 1810 obruo
642 1755 738 1810 monet
766 1750 916 1810 murdac
944 1749 1048 1810 Lauso
1076 1750 1260 1823 Turnum

202 1841 253 1912 qur·
266 1841 378 1900 oehieri
392 1858 482 1899 curru
494 1841 624 1900 medium
636 1845 715 1900 secet
729 1857 848 1915 wmece:
862 1839 933 1898 dum
945 1839 1021 1899 talia
1039 1844 1225 1917 gererentur,

201 1929 330 1988 Iuturna
353 1930 510 1989 admonuit
532 1930 666 1988 Turnum
691 1931 727 1988 ut
749 1928 848 1988 Lauso
872 1928 1054 2003 succederet,
1085 1931 1141 2005 qui
1163 1934 1226 1991 tur

201 2017 289 2078 bidus
313 2018 367 2079 illo
390 2021 523 2097 tempore
546 2018 663 2079 volucri
686 2038 775 2079 curru
797 2017 930 2078 medium
957 2036 1064 2097 agmen
1093 2020 1226 2081 secabat.

202 2107 338 2183 volabat,
367 2108 480 2184 inquit,
510 2128 598 2168 curru
628 2111 659 2168 et
688 2110 768 2169 tanti
798 2108 926 2187 agminis
953 2107 1037 2167 nullo
1063 2109 1228 2171 tenebatur

201 2198 418 2274 inpedimento:
432 2199 478 2258 ita
491 2199 635 2258 cedebant
653 2199 755 2257 omnia
773 2198 956 2274 properanti.
988 2201 1022 2256 ut
1033 2197 1109 2257 cidit
1121 2200 1225 2270 socios,
1241 2213 1263 2254 se

202 2292 323 2359 tempus,
347 2283 371 2366 †
393 2288 529 2346 desistere
548 2305 667 2362 pupae:
694 2288 772 2347 vidit
798 2286 844 2346 bis
873 2286 1093 2363 accipiendum,
1120 2291 1160 2348 ut
1185 2290 1228 2350 eit

202 2376 280 2436 vidit
303 2377 412 2451 socios,
436 2375 513 2435 vidit
535 2378 566 2435 et
587 2381 720 2453 tempus3
742 2379 778 2435 ut
801 2376 839 2435 ed
863 2377 973 2451 socios,
999 2375 1112 2451 inquit,
1141 2380 1228 2438 venit

202 2470 233 2525 et
262 2465 340 2525 vidit
370 2465 442 2541 quid
472 2469 624 2544 ageretur,
654 2465 767 2525 scilicet
797 2465 877 2540 quod
905 2465 937 2523 in
967 2465 1119 2541 praesenti
1147 2469 1228 2528 esset

202 2555 303 2614 Palles
317 2558 436 2630 tempus
455 2558 638 2631 oportunum
651 2558 788 2629 nanctus,
802 2557 837 2613 ut
850 2554 984 2613 omnium
1003 2556 1227 2631 conquiesceret

202 2663 318 2722 pugna,
340 2645 433 2712 solus,
458 2644 516 2718 ait,
539 2661 588 2719 epo
610 2645 643 2703 in
666 2644 809 2703 Pallanta
830 2644 923 2717 feror,
947 2644 1002 2703 soli
1023 2645 1097 2703 miti
1118 2645 1262 2707 Pellaea

276 2874 289 2921 1
309 2870 428 2923 moisset
445 2868 488 2923 ed.
558 2874 573 2921 2
593 2869 655 2938 quie
668 2867 720 2920 VR
738 2869 787 2937 qui
805 2868 848 2922 cd.
875 2868 878 2934 l
901 2868 1013 2937 praeire
1031 2874 1184 2926 mananseo
1201 2869 1227 2924 R

198 2957 269 3009 prae
286 2942 328 2995 ire
345 2945 486 2995 teutonos
499 2939 524 2993 V
538 2941 669 3009 praeiret.
688 2945 827 2994 tantorum
846 2939 890 2993 ed.
905 2956 951 3009 pr.
965 2945 1073 2994 tautum
1092 2939 1135 2994 ed.
1151 2942 1225 3010 post

204 3016 220 3066 3
235 3012 342 3080 plurim
355 3010 415 3065 VR.
436 3011 439 3082 l
449 3013 569 3137 ‘redempta
586 3010 629 3065 ed.
685 3016 703 3065 4
721 3012 815 3066 omnio
828 3010 880 3064 VR
897 3027 989 3066 omnes
1006 3009 1050 3065 ed.
1107 3017 1124 3065 t
1145 3029 1181 3069 ees

203 3083 263 3137 alia
283 3082 316 3136 V.
395 3088 410 3135 6
435 3099 449 3137 a
507 3099 617 3136 erasum
641 3082 671 3135 in
697 3082 730 3136 R.
809 3088 823 3136 7
849 3084 881 3136 ia
903 3083 1001 3150 patae
1024 3082 1145 3138 reditum

204 3159 220 3208 8
239 3155 370 3222 quoniam
387 3155 515 3209 autumat
528 3153 579 3207 VR
597 3171 640 3223 qu.
655 3160 770 3209 noceat
787 3170 837 3207 nos
857 3152 891 3207 cf.
908 3158 950 3219 11,
961 3158 1013 3206 565
1031 3155 1138 3209 temere
1154 3157 1225 3210 mut

204 3225 248 3279 ed.
300 3230 332 3278 11
352 3240 397 3281 ecs
415 3242 468 3279 om.
484 3224 527 3279 cd.
549 3225 553 3296 l
573 3225 695 3280 seeeVR
712 3241 740 3279 se
758 3224 801 3278 cd.
853 3230 885 3277 12
904 3223 1060 3294 croporeV.
1111 3231 1146 3280 15
1164 3243 1226 3283 sese·

204 3312 312 3353 canere
335 3297 379 3350 ed.
462 3301 495 3351 16
523 3312 635 3351 monem
659 3296 778 3351 medium
801 3295 859 3350 VR.
890 3296 893 3367 l
927 3296 998 3350 talia
1017 3294 1069 3349 VR
1094 3297 1156 3352 alio
1180 3297 1224 3354 ed

205 3373 238 3421 17
257 3368 407 3423 maderet
424 3368 465 3435 (in
484 3366 617 3422 lemmate
635 3369 723 3435 recta)
737 3366 789 3420 VR
806 3373 973 3421 assumeret
991 3367 1034 3420 ed.
1092 3372 1127 3423 20
1141 3385 1226 3439 prae·

200 3440 319 3508 paranti
331 3439 365 3493 R.
420 3444 453 3493 21
472 3441 538 3507 post
551 3445 656 3508 tempus
670 3437 786 3492 distinxi
800 3441 916 3507 propter
929 3438 1227 3568 interpretationew

204 3511 330 3565 desietm
351 3527 450 3581 papea
467 3508 518 3564 VR
540 3510 567 3563 d.
584 3527 696 3581 papate
721 3509 765 3564 ed.
788 3512 818 3563 et
840 3510 941 3578 optimi
959 3509 1042 3579 Verg.
1062 3508 1137 3565 libri.

202 3581 343 3636 infinitivo
369 3582 438 3650 quid
463 3582 600 3636 faciamus
625 3582 655 3636 in
680 3581 914 3651 interpretatione
934 3580 1039 3635 Donati
1058 3598 1116 3636 uon
1133 3583 1227 3652 video,

192 3655 320 3713 deitate
338 3672 403 3713 eum
423 3653 527 3729 legisse
544 3656 624 3726 puto.
697 3659 731 3708 24
750 3655 816 3722 post
834 3653 932 3708 Pallas
950 3652 1080 3706 distinxit
1099 3653 1153 3723 ed,
1172 3671 1227 3728 ego

181 3746 246 3785 non
266 3729 400 3791 distinxi.
433 3732 436 3809 l
466 3731 595 3791 omnium
614 3745 670 3786 om.
685 3726 731 3784 ed.
800 3730 837 3779 ‘lt
856 3725 898 3778 ott
914 3723 1030 3776 omae.
