2725 4150
525 300 710 356 Aruernos
728 300 767 355 x1
1091 304 1157 370 477

137 489 211 547 quos
241 467 397 546 superavit
425 467 458 527 in
487 469 587 528 Trois.
633 471 664 529 et
693 468 867 528 Larissaeus
897 468 1044 529 Achilles:
1073 472 1104 529 et
1133 470 1159 532 si

137 559 268 618 Achilles
293 560 475 635 superesset,
505 559 598 617 etiam
620 559 700 619 hunc
727 558 840 618 diceres
863 556 1007 618 timuisse.
1052 561 1083 617 et
1106 559 1160 634 qui

136 650 209 707 haec
239 648 324 707 falsis
354 646 495 707 roborare
524 646 679 707 contendis
710 646 758 706 dic
787 646 930 706 Aufidum
959 645 1085 707 fluvium
1113 647 1158 707 in·

136 756 272 796 mensum
295 740 326 795 et
347 756 492 814 magnum
513 740 594 797 retro
613 754 701 815 posse
723 736 846 796 refluere
864 738 895 796 et
914 734 995 812 quod
1012 736 1045 795 in
1062 735 1159 798 undas

105 844 118 883 e
136 827 308 885 Hadriatici
329 826 420 885 maris
440 825 582 886 formidet
603 826 693 885 exire.
725 844 791 885 eece
813 825 863 885 hic
886 825 1038 885 subtiliter
1058 825 1160 904 tangit

137 916 218 992 quod
240 915 334 993 legati
357 913 396 974 ad
418 913 584 976 Diomeden
616 913 702 975 missi
730 915 848 974 nullum
874 914 1005 975 viderint
1028 917 1058 975 et
1080 915 1159 976 falsu

136 1006 264 1081 professi
286 1004 355 1063 sint.
389 1004 435 1063 vel
452 1022 518 1063 curn
536 1022 566 1064 se
580 1004 728 1079 pavidum
745 1008 847 1064 metra
863 1021 931 1064 mec
948 1005 1048 1080 turpia
1063 1006 1158 1080 flacit,

137 1096 260 1167 artificis
278 1093 372 1153 scelus
390 1098 417 1152 et
428 1094 587 1166 somidine
604 1095 715 1153 cenea
732 1095 864 1153 acerbat:
884 1095 976 1170 certe,
994 1093 1051 1170 ait,
1070 1095 1159 1173 quale

136 1183 213 1241 illud
237 1182 374 1243 scelerati
391 1185 593 1243 commentum
611 1184 669 1258 est,
691 1182 831 1243 timorem
847 1182 973 1261 fingere,
993 1185 1158 1245 accusatio·

92 1289 119 1328 ιο
137 1292 188 1333 nes
218 1273 308 1332 duras
336 1273 482 1331 exerceret
518 1290 680 1346 numquam
710 1273 843 1332 animum
869 1273 957 1331 talem
979 1273 1082 1334 deutra
1103 1275 1159 1336 boc

137 1363 259 1435 (obsiste
275 1361 398 1435 moveri)
418 1362 547 1420 amite:
569 1362 678 1420 habitet
693 1364 786 1421 teum
804 1366 832 1421 ct
848 1362 887 1421 sit
899 1365 1014 1434 pectore
1035 1363 1069 1421 in
1090 1365 1159 1423 isto:

137 1454 200 1510 esto
219 1469 353 1525 securus,
375 1450 507 1524 Drance,
530 1469 652 1527 parcam
670 1450 740 1527 tibi,
762 1451 834 1510 lieet
855 1449 996 1510 merearis
1019 1451 1159 1511 interfici:

137 1560 302 1617 numquam
325 1540 404 1598 enim
428 1541 550 1599 dextera
567 1558 635 1598 mea
652 1539 772 1600 inbellis
792 1539 909 1600 occidit.
942 1539 983 1600 sit
1000 1540 1097 1618 magis
1115 1544 1159 1600 te-

137 1650 205 1688 cum
229 1631 330 1688 anima
351 1633 418 1704 tua,
446 1629 564 1689 habitet
589 1628 622 1688 in
644 1631 700 1688 tuo
721 1631 855 1706 pectore,
884 1629 994 1688 melius
1021 1631 1101 1688 enim
1124 1630 1160 1689 de

93 1734 119 1773 15
137 1722 167 1778 te
186 1719 368 1796 supplicium
386 1717 510 1777 dabitur
528 1716 606 1779 votis
624 1719 713 1793 meis,
732 1719 759 1778 si
777 1717 891 1778 diutius
906 1718 990 1779 vivas
1005 1720 1036 1778 et
1048 1737 1160 1796 poenas

137 1807 248 1886 iugiter
270 1808 373 1870 livoris
397 1808 568 1884 expendas
590 1815 671 1866 neme
692 1807 733 1866 cd
755 1812 781 1866 te
804 1812 831 1866 et
851 1811 916 1878 bec,
940 1825 1045 1882 moene
1061 1812 1159 1881 pater,
1169 1815 1222 1866 410

138 1898 270 1957 consulte
287 1902 429 1956 revertor:
454 1916 490 1956 ex
508 1897 644 1957 oratione
661 1895 838 1956 turbulenta
856 1917 948 1974 quam
965 1917 1020 1975 pro
1042 1899 1159 1958 ratione

138 2006 281 2064 personae
304 1986 432 2063 protulit
455 1986 494 2046 ad
521 1985 626 2046 mitem
653 1988 745 2062 atque
771 1986 916 2046 humilem
942 1989 1064 2064 repente
1092 2006 1159 2048 con·

137 2097 240 2137 versus
269 2080 327 2152 est,
354 2077 403 2137 vel
426 2076 498 2152 quia
511 2083 513 2087 '
526 2096 593 2136 cum
619 2095 690 2154 rege
716 2075 892 2136 instituerat
912 2077 998 2154 loqui
1020 2079 1068 2139 vel
1091 2098 1160 2138 cum

92 2182 119 2221 20
139 2185 173 2224 eo
198 2187 286 2241 quem
310 2185 445 2226 socerum
473 2184 536 2225 esse
559 2165 708 2243 cupiebat.
753 2165 822 2243 plus
845 2168 948 2225 tamen
974 2166 1105 2226 ostendit
1128 2187 1158 2228 se

138 2274 238 2314 socero
263 2255 377 2316 deferre
400 2275 491 2331 quam
517 2256 583 2334 regi
610 2254 735 2314 dicendo
761 2274 871 2333 magne
897 2256 997 2331 pater,
1026 2255 1160 2334 alioquin

139 2344 250 2403 diecret
272 2364 380 2423 magne
403 2363 463 2403 rex.
498 2344 531 2404 in
553 2346 622 2421 ipsa
644 2347 746 2405 tamem
767 2344 992 2421 tranquillitate
1016 2344 1159 2405 sermonis

139 2436 184 2492 est
207 2434 355 2509 quaedam
386 2433 578 2494 consiliorum
602 2432 706 2493 Latini
732 2436 763 2494 et
785 2433 1017 2510 dispositionum
1044 2434 1161 2494 occulta

139 2523 332 2600 vituperatio.
377 2542 457 2583 nunc
480 2523 519 2582 ad
541 2527 585 2598 te,
613 2524 670 2599 ait,
698 2542 806 2601 magne
829 2524 930 2601 pater,
956 2521 1045 2582 redeo
1069 2525 1099 2582 et
1122 2523 1160 2583 ad

92 2632 119 2673 as
140 2613 277 2671 consulta
299 2615 362 2671 tua.
399 2615 518 2688 patrem
539 2611 660 2672 videtur
682 2611 791 2672 dixisse
810 2613 899 2690 quasi
917 2612 1160 2672 honorificentiae

139 2703 218 2775 loco,
241 2703 347 2777 utpote
370 2703 424 2778 qui
442 2701 623 2777 loquebatur
639 2704 675 2762 ut
694 2721 796 2780 gener,
819 2704 856 2762 ut
874 2701 1055 2777 ostenderet,
1079 2703 1161 2779 quod

139 2789 277 2866 diximus,
295 2792 362 2867 plus
378 2810 409 2850 se
423 2810 524 2851 socero
538 2790 652 2850 deferre
670 2810 762 2868 quam
780 2794 852 2869 regi.
889 2790 940 2851 sed
960 2790 1020 2851 alia
1037 2791 1160 2867 loquen-

138 2880 178 2937 tis
205 2878 334 2939 intentio
364 2883 422 2940 est:
452 2898 568 2941 summu
596 2881 676 2940 enim
710 2880 942 2957 dispositionum
970 2879 1073 2939 Latini
1102 2879 1161 2940 dis·

139 2968 271 3044 plicebat
293 2970 408 3046 Turno,
436 2968 564 3046 denique
585 2972 656 3046 post
683 2969 918 3047 appellationem
940 2971 1036 3047 patris
1059 2971 1161 3029 secuta
1214 3006 1217 3010 <

91 3079 120 3118 ec
139 3058 305 3135 propositio
338 3061 384 3119 est
416 3078 477 3137 qua
505 3059 635 3119 ostendit
662 3077 693 3119 se
719 3060 755 3118 de
781 3058 864 3119 illius
892 3060 1023 3119 consiliis
1050 3060 1161 3119 tracta·

138 3150 254 3227 turum,
273 3151 308 3207 ut
327 3148 496 3208 ostenderet
513 3149 707 3228 inprovidum
726 3150 856 3226 patrem:
875 3168 946 3227 ergo
961 3149 1161 3227 appellatione

212 3343 226 3389 1
248 3337 484 3392 larisseviecballes
498 3336 531 3391 V.
583 3341 599 3391 t
618 3337 783 3392 chedrietici
795 3336 822 3391 V
835 3336 954 3393 Adricci
968 3336 1011 3390 ed.
1064 3342 1078 3389 ‘1
1093 3353 1161 3405 pro·

138 3409 278 3474 sensissent
291 3408 317 3461 V
331 3408 452 3477 professi
463 3409 581 3475 fuissent
600 3408 644 3463 ed.
699 3412 715 3463 8
734 3409 850 3476 artificis
868 3409 955 3463 scelus
971 3425 1023 3477 pro
1043 3406 1161 3476 apodosi

140 3480 267 3547 accipere
293 3480 436 3533 Donatum
460 3481 553 3549 patet,
578 3478 653 3534 male
678 3495 743 3534 eum
768 3479 908 3535 intellexit
931 3478 1100 3549 Forbigerus
1124 3479 1161 3532 ad

139 3552 214 3604 hunc
233 3551 334 3605 locum.
387 3556 421 3605 14
438 3552 592 3619 habitetque
610 3551 654 3605 ed.
706 3558 739 3606 16
759 3551 906 3607 livoresV.
954 3555 993 3604 ‘tt
1013 3548 1177 3624 eocarere*-

138 3639 260 3677 socerum
282 3624 336 3677 sibi
362 3622 405 3677 ed.
486 3628 519 3677 23
538 3624 621 3680 tutat
639 3622 703 3681 etv
725 3624 830 3683 Lutiot
848 3630 934 3694 utque
954 3622 1003 3677 ab.
1025 3621 1044 3690 b
1069 3620 1201 3680 ΜΨ·

138 3696 236 3747 te'enem
254 3695 330 3748 oculi
343 3693 370 3748 V
385 3711 453 3751 corr.
474 3696 519 3752 ed.
