<?xml version="1.0" encoding="UTF-8"?>
<!DOCTYPE html PUBLIC "-//W3C//DTD XHTML 1.0 Transitional//EN"
    "http://www.w3.org/TR/xhtml1/DTD/xhtml1-transitional.dtd">
<html xmlns="http://www.w3.org/1999/xhtml" xml:lang="en" lang="en">
 <head>
  <title>
</title>
<meta http-equiv="Content-Type" content="text/html;charset=utf-8" />
  <meta name='ocr-system' content='tesseract 3.04.00' />
  <meta name='ocr-capabilities' content='ocr_page ocr_carea ocr_par ocr_line ocrx_word'/>
</head>
<body>
  <div class='ocr_page' id='page_1' title='image "./tibericlaudidon00georgoog_0506.png"; bbox 0 0 2725 4150; ppageno 0'>
   <div class='ocr_carea' id='block_1_1' title="bbox 558 331 1189 401">
    <p class='ocr_par' dir='ltr' id='par_1_1' title="bbox 558 331 1189 401">
     <span class='ocr_line' id='line_1_1' title="bbox 558 331 1189 401; baseline -0.002 -14"><span class='ocrx_word' id='word_1_1' title='bbox 558 331 799 387; x_wconf 76' lang='lat' dir='ltr'><strong>mnumosxr</strong></span> <span class='ocrx_word' id='word_1_2' title='bbox 1122 333 1189 401; x_wconf 84' lang='lat'><strong>485</strong></span> 
     </span>
    </p>
   </div>
   <div class='ocr_carea' id='block_1_2' title="bbox 120 499 1251 3255">
    <p class='ocr_par' dir='ltr' id='par_1_2' title="bbox 120 499 1251 3255">
     <span class='ocr_line' id='line_1_2' title="bbox 169 499 1190 578; baseline -0.003 -17"><span class='ocrx_word' id='word_1_3' title='bbox 169 500 296 577; x_wconf 88' lang='lat' dir='ltr'><strong>potioris</strong></span> <span class='ocrx_word' id='word_1_4' title='bbox 310 501 433 577; x_wconf 84' lang='lat' dir='ltr'><strong>formae,</strong></span> <span class='ocrx_word' id='word_1_5' title='bbox 446 501 567 559; x_wconf 82' lang='lat' dir='ltr'>Padusa</span> <span class='ocrx_word' id='word_1_6' title='bbox 579 500 698 560; x_wconf 79' lang='lat' dir='ltr'><strong>facilius</strong></span> <span class='ocrx_word' id='word_1_7' title='bbox 714 499 830 578; x_wconf 80' lang='lat' dir='ltr'>colligit</span> <span class='ocrx_word' id='word_1_8' title='bbox 843 501 967 576; x_wconf 89' lang='lat' dir='ltr'><strong>propter</strong></span> <span class='ocrx_word' id='word_1_9' title='bbox 979 499 1091 576; x_wconf 82' lang='lat' dir='ltr'><strong>piscem</strong></span> <span class='ocrx_word' id='word_1_10' title='bbox 1100 520 1190 577; x_wconf 89' lang='lat' dir='ltr'><strong>quem</strong></span> 
     </span>
     <span class='ocr_line' id='line_1_3' title="bbox 170 589 1190 666; baseline -0.003 -16"><span class='ocrx_word' id='word_1_11' title='bbox 170 592 207 650; x_wconf 95' lang='lat' dir='ltr'><strong>de</strong></span> <span class='ocrx_word' id='word_1_12' title='bbox 230 590 293 649; x_wconf 86' lang='lat' dir='ltr'><strong>eius</strong></span> <span class='ocrx_word' id='word_1_13' title='bbox 316 589 438 649; x_wconf 91' lang='lat' dir='ltr'><strong>flumine</strong></span> <span class='ocrx_word' id='word_1_14' title='bbox 461 591 593 666; x_wconf 87' lang='lat' dir='ltr'><strong>capiunt.</strong></span> <span class='ocrx_word' id='word_1_15' title='bbox 628 591 729 659; x_wconf 83' lang='lat' dir='ltr'><strong>immo,</strong></span> <span class='ocrx_word' id='word_1_16' title='bbox 754 591 808 659; x_wconf 84' lang='lat' dir='ltr'><strong>ait,</strong></span> <span class='ocrx_word' id='word_1_17' title='bbox 833 607 849 647; x_wconf 93' lang='lat' dir='ltr'><strong>o</strong></span> <span class='ocrx_word' id='word_1_18' title='bbox 872 589 960 658; x_wconf 67' lang='lat' dir='ltr'><strong>acm,</strong></span> <span class='ocrx_word' id='word_1_19' title='bbox 984 592 1100 662; x_wconf 82' lang='lat' dir='ltr'><strong>arrepto</strong></span> <span class='ocrx_word' id='word_1_20' title='bbox 1123 591 1190 647; x_wconf 83' lang='lat' dir='ltr'><strong>tern-</strong></span> 
     </span>
     <span class='ocr_line' id='line_1_4' title="bbox 165 677 1251 753; baseline -0.002 -15"><span class='ocrx_word' id='word_1_21' title='bbox 165 697 239 753; x_wconf 82' lang='lat' dir='ltr'><strong>pore</strong></span> <span class='ocrx_word' id='word_1_22' title='bbox 258 680 392 749; x_wconf 79' lang='lat' dir='ltr'><strong>Turnus,</strong></span> <span class='ocrx_word' id='word_1_23' title='bbox 411 679 499 753; x_wconf 81' lang='lat' dir='ltr'><strong>copite</strong></span> <span class='ocrx_word' id='word_1_24' title='bbox 518 678 671 737; x_wconf 64' lang='lat' dir='ltr'><strong>cointium</strong></span> <span class='ocrx_word' id='word_1_25' title='bbox 689 683 715 737; x_wconf 84' lang='lat' dir='ltr'><strong>ct</strong></span> <span class='ocrx_word' id='word_1_26' title='bbox 729 695 833 752; x_wconf 82' lang='lat' dir='ltr'><strong>pacem</strong></span> <span class='ocrx_word' id='word_1_27' title='bbox 852 677 971 737; x_wconf 76' lang='lat' dir='ltr'><strong>landate</strong></span> <span class='ocrx_word' id='word_1_28' title='bbox 988 678 1127 747; x_wconf 78' lang='lat' dir='ltr'><strong><em>sedentes,</em></strong></span> <span class='ocrx_word' id='word_1_29' title='bbox 1146 678 1251 747; x_wconf 68' lang='lat' dir='ltr'><strong>idirco</strong></span> 
     </span>
     <span class='ocr_line' id='line_1_5' title="bbox 170 766 1190 846; baseline -0.002 -18"><span class='ocrx_word' id='word_1_30' title='bbox 170 769 264 828; x_wconf 84' lang='lat' dir='ltr'><strong>armis</strong></span> <span class='ocrx_word' id='word_1_31' title='bbox 281 769 314 827; x_wconf 81' lang='lat' dir='ltr'><strong>in</strong></span> <span class='ocrx_word' id='word_1_32' title='bbox 331 785 423 842; x_wconf 76' lang='lat' dir='ltr'><strong>repca</strong></span> <span class='ocrx_word' id='word_1_33' title='bbox 440 771 546 833; x_wconf 74' lang='lat' dir='ltr'><strong>munt:</strong></span> <span class='ocrx_word' id='word_1_34' title='bbox 568 786 678 845; x_wconf 84' lang='lat' dir='ltr'><strong>magna</strong></span> <span class='ocrx_word' id='word_1_35' title='bbox 697 766 867 846; x_wconf 84' lang='lat' dir='ltr'><strong>obiurgatio</strong></span> <span class='ocrx_word' id='word_1_36' title='bbox 886 767 980 826; x_wconf 85' lang='lat' dir='ltr'><strong>Turni</strong></span> <span class='ocrx_word' id='word_1_37' title='bbox 1000 766 1099 827; x_wconf 84' lang='lat' dir='ltr'><strong>verbis</strong></span> <span class='ocrx_word' id='word_1_38' title='bbox 1117 785 1190 843; x_wconf 89' lang='lat' dir='ltr'><strong>pan·</strong></span> 
     </span>
     <span class='ocr_line' id='line_1_6' title="bbox 139 854 1191 935; baseline -0.005 -15"><span class='ocrx_word' id='word_1_39' title='bbox 139 881 151 920; x_wconf 81' lang='lat' dir='ltr'><strong>e</strong></span> <span class='ocrx_word' id='word_1_40' title='bbox 170 857 296 918; x_wconf 82' lang='lat' dir='ltr'><strong>cissimis</strong></span> <span class='ocrx_word' id='word_1_41' title='bbox 315 857 407 931; x_wconf 80' lang='lat' dir='ltr'><strong>diota,</strong></span> <span class='ocrx_word' id='word_1_42' title='bbox 427 856 500 933; x_wconf 91' lang='lat' dir='ltr'><strong>quid</strong></span> <span class='ocrx_word' id='word_1_43' title='bbox 513 854 693 932; x_wconf 79' lang='lat' dir='ltr'><strong>trepidatis?</strong></span> <span class='ocrx_word' id='word_1_44' title='bbox 714 856 829 934; x_wconf 86' lang='lat' dir='ltr'><strong>inquit,</strong></span> <span class='ocrx_word' id='word_1_45' title='bbox 847 855 964 916; x_wconf 89' lang='lat' dir='ltr'><strong>habetis</strong></span> <span class='ocrx_word' id='word_1_46' title='bbox 977 858 1096 935; x_wconf 90' lang='lat' dir='ltr'><strong>tempus</strong></span> <span class='ocrx_word' id='word_1_47' title='bbox 1115 858 1191 916; x_wconf 89' lang='lat' dir='ltr'><strong>otio·</strong></span> 
     </span>
     <span class='ocr_line' id='line_1_7' title="bbox 169 944 1190 1024; baseline -0.002 -18"><span class='ocrx_word' id='word_1_48' title='bbox 169 966 245 1022; x_wconf 76' lang='lat' dir='ltr'><strong>sum,</strong></span> <span class='ocrx_word' id='word_1_49' title='bbox 263 947 363 1006; x_wconf 91' lang='lat' dir='ltr'><strong>sedete</strong></span> <span class='ocrx_word' id='word_1_50' title='bbox 381 947 479 1024; x_wconf 83' lang='lat' dir='ltr'><strong>magis</strong></span> <span class='ocrx_word' id='word_1_51' title='bbox 498 948 529 1006; x_wconf 90' lang='lat' dir='ltr'><strong>et</strong></span> <span class='ocrx_word' id='word_1_52' title='bbox 551 946 631 1006; x_wconf 89' lang='lat' dir='ltr'><strong>bona</strong></span> <span class='ocrx_word' id='word_1_53' title='bbox 648 946 731 1023; x_wconf 81' lang='lat' dir='ltr'><strong>pacis</strong></span> <span class='ocrx_word' id='word_1_54' title='bbox 753 947 944 1023; x_wconf 87' lang='lat' dir='ltr'><strong>quietemque</strong></span> <span class='ocrx_word' id='word_1_55' title='bbox 962 945 1094 1020; x_wconf 84' lang='lat' dir='ltr'><strong>laudate,</strong></span> <span class='ocrx_word' id='word_1_56' title='bbox 1118 944 1190 1004; x_wconf 88' lang='lat' dir='ltr'><strong>dum</strong></span> 
     </span>
     <span class='ocr_line' id='line_1_8' title="bbox 168 1034 1191 1112; baseline -0.001 -18"><span class='ocrx_word' id='word_1_57' title='bbox 168 1036 216 1094; x_wconf 91' lang='lat' dir='ltr'><strong>illi</strong></span> <span class='ocrx_word' id='word_1_58' title='bbox 243 1035 334 1095; x_wconf 89' lang='lat' dir='ltr'><strong>armis</strong></span> <span class='ocrx_word' id='word_1_59' title='bbox 363 1038 468 1112; x_wconf 89' lang='lat' dir='ltr'><strong>optata</strong></span> <span class='ocrx_word' id='word_1_60' title='bbox 495 1034 678 1112; x_wconf 84' lang='lat' dir='ltr'><strong>possideant.</strong></span> <span class='ocrx_word' id='word_1_61' title='bbox 723 1052 776 1094; x_wconf 79' lang='lat' dir='ltr'><strong>acc</strong></span> <span class='ocrx_word' id='word_1_62' title='bbox 792 1035 887 1109; x_wconf 80' lang='lat' dir='ltr'><strong>ptura</strong></span> <span class='ocrx_word' id='word_1_63' title='bbox 912 1035 1023 1094; x_wconf 77' lang='lat' dir='ltr'><strong>locutus</strong></span> <span class='ocrx_word' id='word_1_64' title='bbox 1050 1035 1191 1109; x_wconf 79' lang='lat' dir='ltr'><strong>corripuit</strong></span> 
     </span>
     <span class='ocr_line' id='line_1_9' title="bbox 168 1124 1190 1201; baseline 0 -17"><span class='ocrx_word' id='word_1_65' title='bbox 168 1142 230 1184; x_wconf 84' lang='lat' dir='ltr'><strong>sese</strong></span> <span class='ocrx_word' id='word_1_66' title='bbox 253 1129 279 1183; x_wconf 84' lang='lat' dir='ltr'><strong>ct</strong></span> <span class='ocrx_word' id='word_1_67' title='bbox 301 1126 380 1184; x_wconf 84' lang='lat' dir='ltr'><strong>tectis</strong></span> <span class='ocrx_word' id='word_1_68' title='bbox 403 1127 477 1184; x_wconf 77' lang='lat' dir='ltr'><strong>citus</strong></span> <span class='ocrx_word' id='word_1_69' title='bbox 504 1125 604 1184; x_wconf 71' lang='lat' dir='ltr'><strong>extulit</strong></span> <span class='ocrx_word' id='word_1_70' title='bbox 626 1125 710 1184; x_wconf 82' lang='lat' dir='ltr'><strong>citis:</strong></span> <span class='ocrx_word' id='word_1_71' title='bbox 738 1143 799 1184; x_wconf 89' lang='lat' dir='ltr'><strong>non</strong></span> <span class='ocrx_word' id='word_1_72' title='bbox 821 1124 941 1184; x_wconf 89' lang='lat' dir='ltr'><strong>locutus</strong></span> <span class='ocrx_word' id='word_1_73' title='bbox 969 1127 1015 1184; x_wconf 88' lang='lat' dir='ltr'><strong>est</strong></span> <span class='ocrx_word' id='word_1_74' title='bbox 1042 1125 1190 1201; x_wconf 80' lang='lat' dir='ltr'><strong>plurimis,</strong></span> 
     </span>
     <span class='ocr_line' id='line_1_10' title="bbox 169 1212 1190 1291; baseline 0.001 -18"><span class='ocrx_word' id='word_1_75' title='bbox 169 1215 241 1291; x_wconf 88' lang='lat' dir='ltr'><strong>quia</strong></span> <span class='ocrx_word' id='word_1_76' title='bbox 259 1214 401 1275; x_wconf 88' lang='lat' dir='ltr'><strong>obstabat</strong></span> <span class='ocrx_word' id='word_1_77' title='bbox 418 1215 579 1274; x_wconf 82' lang='lat' dir='ltr'><strong>necessitas</strong></span> <span class='ocrx_word' id='word_1_78' title='bbox 592 1231 734 1289; x_wconf 85' lang='lat' dir='ltr'><strong>praesens</strong></span> <span class='ocrx_word' id='word_1_79' title='bbox 753 1216 784 1273; x_wconf 91' lang='lat' dir='ltr'><strong>et</strong></span> <span class='ocrx_word' id='word_1_80' title='bbox 796 1213 900 1273; x_wconf 90' lang='lat' dir='ltr'><strong>multis</strong></span> <span class='ocrx_word' id='word_1_81' title='bbox 914 1212 1000 1290; x_wconf 91' lang='lat' dir='ltr'><strong>loqui</strong></span> <span class='ocrx_word' id='word_1_82' title='bbox 1013 1233 1072 1273; x_wconf 94' lang='lat' dir='ltr'><strong>non</strong></span> <span class='ocrx_word' id='word_1_83' title='bbox 1087 1214 1190 1275; x_wconf 88' lang='lat' dir='ltr'><strong>debuit</strong></span> 
     </span>
     <span class='ocr_line' id='line_1_11' title="bbox 124 1301 1189 1380; baseline 0 -16"><span class='ocrx_word' id='word_1_84' title='bbox 124 1327 149 1365; x_wconf 82' lang='lat' dir='ltr'><strong>ro</strong></span> <span class='ocrx_word' id='word_1_85' title='bbox 168 1303 223 1380; x_wconf 91' lang='lat' dir='ltr'><strong>qui</strong></span> <span class='ocrx_word' id='word_1_86' title='bbox 244 1303 277 1363; x_wconf 91' lang='lat' dir='ltr'><strong>in</strong></span> <span class='ocrx_word' id='word_1_87' title='bbox 300 1305 368 1363; x_wconf 88' lang='lat' dir='ltr'><strong>aliis</strong></span> <span class='ocrx_word' id='word_1_88' title='bbox 391 1303 619 1379; x_wconf 85' lang='lat' dir='ltr'><strong>multiloquium</strong></span> <span class='ocrx_word' id='word_1_89' title='bbox 640 1301 890 1380; x_wconf 55' lang='lat' dir='ltr'><strong>reprehendebam</strong></span> <span class='ocrx_word' id='word_1_90' title='bbox 915 1306 1099 1380; x_wconf 86' lang='lat' dir='ltr'><strong>quapropter</strong></span> <span class='ocrx_word' id='word_1_91' title='bbox 1121 1323 1189 1364; x_wconf 91' lang='lat' dir='ltr'><strong>oum</strong></span> 
     </span>
     <span class='ocr_line' id='line_1_12' title="bbox 167 1391 1189 1469; baseline 0.002 -18"><span class='ocrx_word' id='word_1_92' title='bbox 167 1411 228 1451; x_wconf 94' lang='lat' dir='ltr'><strong>non</strong></span> <span class='ocrx_word' id='word_1_93' title='bbox 245 1393 334 1468; x_wconf 90' lang='lat' dir='ltr'><strong>plura</strong></span> <span class='ocrx_word' id='word_1_94' title='bbox 353 1392 485 1469; x_wconf 78' lang='lat' dir='ltr'><strong>dixisset,</strong></span> <span class='ocrx_word' id='word_1_95' title='bbox 503 1411 567 1454; x_wconf 90' lang='lat' dir='ltr'><strong>sese</strong></span> <span class='ocrx_word' id='word_1_96' title='bbox 585 1392 738 1469; x_wconf 88' lang='lat' dir='ltr'><strong>proripuit</strong></span> <span class='ocrx_word' id='word_1_97' title='bbox 755 1395 787 1452; x_wconf 95' lang='lat' dir='ltr'><strong>et</strong></span> <span class='ocrx_word' id='word_1_98' title='bbox 804 1393 889 1451; x_wconf 86' lang='lat' dir='ltr'><strong>extra</strong></span> <span class='ocrx_word' id='word_1_99' title='bbox 906 1393 987 1451; x_wconf 85' lang='lat' dir='ltr'><strong>tecta</strong></span> <span class='ocrx_word' id='word_1_100' title='bbox 1005 1391 1082 1452; x_wconf 90' lang='lat' dir='ltr'><strong>citus</strong></span> <span class='ocrx_word' id='word_1_101' title='bbox 1100 1393 1189 1469; x_wconf 81' lang='lat' dir='ltr'><strong>exiit3</strong></span> 
     </span>
     <span class='ocr_line' id='line_1_13' title="bbox 167 1481 1190 1559; baseline 0.002 -19"><span class='ocrx_word' id='word_1_102' title='bbox 167 1485 285 1542; x_wconf 88' lang='lat' dir='ltr'><strong>mature</strong></span> <span class='ocrx_word' id='word_1_103' title='bbox 309 1481 389 1541; x_wconf 92' lang='lat' dir='ltr'><strong>enim</strong></span> <span class='ocrx_word' id='word_1_104' title='bbox 416 1481 497 1542; x_wconf 89' lang='lat' dir='ltr'><strong>hosti</strong></span> <span class='ocrx_word' id='word_1_105' title='bbox 520 1481 624 1541; x_wconf 91' lang='lat' dir='ltr'><strong>debuit</strong></span> <span class='ocrx_word' id='word_1_106' title='bbox 646 1484 676 1540; x_wconf 92' lang='lat' dir='ltr'><strong>et</strong></span> <span class='ocrx_word' id='word_1_107' title='bbox 698 1484 894 1559; x_wconf 87' lang='lat' dir='ltr'><strong>properanter</strong></span> <span class='ocrx_word' id='word_1_108' title='bbox 923 1481 1046 1540; x_wconf 77' lang='lat' dir='ltr'><strong>occurri.</strong></span> <span class='ocrx_word' id='word_1_109' title='bbox 1092 1482 1190 1558; x_wconf 91' lang='lat' dir='ltr'><strong>coepit</strong></span> 
     </span>
     <span class='ocr_line' id='line_1_14' title="bbox 167 1569 1189 1649; baseline 0.001 -20"><span class='ocrx_word' id='word_1_110' title='bbox 167 1573 229 1630; x_wconf 88' lang='lat' dir='ltr'><strong>iam</strong></span> <span class='ocrx_word' id='word_1_111' title='bbox 244 1572 314 1630; x_wconf 90' lang='lat' dir='ltr'><strong>dare</strong></span> <span class='ocrx_word' id='word_1_112' title='bbox 327 1569 472 1631; x_wconf 89' lang='lat' dir='ltr'><strong>mandata</strong></span> <span class='ocrx_word' id='word_1_113' title='bbox 486 1574 517 1630; x_wconf 93' lang='lat' dir='ltr'><strong>et</strong></span> <span class='ocrx_word' id='word_1_114' title='bbox 530 1570 778 1649; x_wconf 86' lang='lat' dir='ltr'><strong>dispositionibus</strong></span> <span class='ocrx_word' id='word_1_115' title='bbox 793 1569 955 1630; x_wconf 90' lang='lat' dir='ltr'><strong>commodis</strong></span> <span class='ocrx_word' id='word_1_116' title='bbox 975 1589 1044 1630; x_wconf 88' lang='lat' dir='ltr'><strong>suos</strong></span> <span class='ocrx_word' id='word_1_117' title='bbox 1057 1571 1189 1647; x_wconf 89' lang='lat' dir='ltr'><strong>potiores</strong></span> 
     </span>
     <span class='ocr_line' id='line_1_15' title="bbox 165 1659 1190 1733; baseline -0.001 -14"><span class='ocrx_word' id='word_1_118' title='bbox 165 1661 322 1720; x_wconf 86' lang='lat' dir='ltr'><strong>instruere.</strong></span> <span class='ocrx_word' id='word_1_119' title='bbox 369 1665 413 1729; x_wconf 83' lang='lat' dir='ltr'><strong>tn,</strong></span> <span class='ocrx_word' id='word_1_120' title='bbox 442 1661 558 1730; x_wconf 78' lang='lat' dir='ltr'><strong>Voluce,</strong></span> <span class='ocrx_word' id='word_1_121' title='bbox 589 1660 705 1719; x_wconf 84' lang='lat' dir='ltr'><strong>armari</strong></span> <span class='ocrx_word' id='word_1_122' title='bbox 733 1660 902 1719; x_wconf 78' lang='lat' dir='ltr'><strong>Volscorurn</strong></span> <span class='ocrx_word' id='word_1_123' title='bbox 929 1660 1006 1718; x_wconf 83' lang='lat' dir='ltr'><strong>edice</strong></span> <span class='ocrx_word' id='word_1_124' title='bbox 1034 1659 1190 1733; x_wconf 81' lang='lat' dir='ltr'><strong>maniplis:</strong></span> 
     </span>
     <span class='ocr_line' id='line_1_16' title="bbox 123 1748 1189 1826; baseline -0.003 -16"><span class='ocrx_word' id='word_1_125' title='bbox 123 1770 148 1810; x_wconf 83' lang='lat' dir='ltr'><strong>rs</strong></span> <span class='ocrx_word' id='word_1_126' title='bbox 168 1750 255 1809; x_wconf 91' lang='lat' dir='ltr'><strong>aiunt</strong></span> <span class='ocrx_word' id='word_1_127' title='bbox 280 1748 449 1826; x_wconf 90' lang='lat' dir='ltr'><strong>maniplum</strong></span> <span class='ocrx_word' id='word_1_128' title='bbox 476 1748 537 1809; x_wconf 93' lang='lat' dir='ltr'><strong>dici</strong></span> <span class='ocrx_word' id='word_1_129' title='bbox 563 1749 759 1809; x_wconf 87' lang='lat' dir='ltr'><strong>ducentorum</strong></span> <span class='ocrx_word' id='word_1_130' title='bbox 788 1749 921 1808; x_wconf 90' lang='lat' dir='ltr'><strong>militnm</strong></span> <span class='ocrx_word' id='word_1_131' title='bbox 947 1767 1106 1807; x_wconf 88' lang='lat' dir='ltr'><strong>numerum</strong></span> <span class='ocrx_word' id='word_1_132' title='bbox 1135 1748 1189 1809; x_wconf 91' lang='lat' dir='ltr'><strong>sub</strong></span> 
     </span>
     <span class='ocr_line' id='line_1_17' title="bbox 166 1837 1188 1917; baseline 0 -20"><span class='ocrx_word' id='word_1_133' title='bbox 166 1858 226 1898; x_wconf 92' lang='lat' dir='ltr'><strong>uno</strong></span> <span class='ocrx_word' id='word_1_134' title='bbox 244 1843 359 1898; x_wconf 90' lang='lat' dir='ltr'><strong>rectore</strong></span> <span class='ocrx_word' id='word_1_135' title='bbox 377 1840 584 1899; x_wconf 90' lang='lat' dir='ltr'><strong>constitutum.</strong></span> <span class='ocrx_word' id='word_1_136' title='bbox 616 1840 674 1898; x_wconf 89' lang='lat' dir='ltr'><strong>iste</strong></span> <span class='ocrx_word' id='word_1_137' title='bbox 692 1839 788 1917; x_wconf 79' lang='lat' dir='ltr'><strong>igitur</strong></span> <span class='ocrx_word' id='word_1_138' title='bbox 804 1838 916 1898; x_wconf 89' lang='lat' dir='ltr'><strong>multos</strong></span> <span class='ocrx_word' id='word_1_139' title='bbox 937 1837 1086 1914; x_wconf 85' lang='lat' dir='ltr'><strong>maniplos</strong></span> <span class='ocrx_word' id='word_1_140' title='bbox 1105 1857 1188 1897; x_wconf 90' lang='lat' dir='ltr'><strong>man·</strong></span> 
     </span>
     <span class='ocr_line' id='line_1_18' title="bbox 167 1926 1191 2006; baseline -0.001 -20"><span class='ocrx_word' id='word_1_141' title='bbox 167 1928 221 1987; x_wconf 92' lang='lat' dir='ltr'><strong>dat</strong></span> <span class='ocrx_word' id='word_1_142' title='bbox 250 1928 408 1988; x_wconf 87' lang='lat' dir='ltr'><strong>armandos</strong></span> <span class='ocrx_word' id='word_1_143' title='bbox 437 1930 467 1987; x_wconf 88' lang='lat' dir='ltr'><strong>et</strong></span> <span class='ocrx_word' id='word_1_144' title='bbox 494 1926 700 2006; x_wconf 91' lang='lat' dir='ltr'><strong>producendos</strong></span> <span class='ocrx_word' id='word_1_145' title='bbox 727 1928 759 1987; x_wconf 93' lang='lat' dir='ltr'><strong>in</strong></span> <span class='ocrx_word' id='word_1_146' title='bbox 788 1946 934 2003; x_wconf 89' lang='lat' dir='ltr'><strong>campum.</strong></span> <span class='ocrx_word' id='word_1_147' title='bbox 982 1928 1051 1997; x_wconf 80' lang='lat' dir='ltr'><strong>dcc,</strong></span> <span class='ocrx_word' id='word_1_148' title='bbox 1080 1929 1135 1997; x_wconf 86' lang='lat' dir='ltr'><strong>cit,</strong></span> <span class='ocrx_word' id='word_1_149' title='bbox 1164 1930 1191 1986; x_wconf 83' lang='lat' dir='ltr'><strong>et</strong></span> 
     </span>
     <span class='ocr_line' id='line_1_19' title="bbox 166 2016 1189 2096; baseline 0 -20"><span class='ocrx_word' id='word_1_150' title='bbox 166 2018 305 2087; x_wconf 79' lang='lat' dir='ltr'><strong>Rutulos,</strong></span> <span class='ocrx_word' id='word_1_151' title='bbox 330 2017 445 2078; x_wconf 89' lang='lat' dir='ltr'><strong>scilicet</strong></span> <span class='ocrx_word' id='word_1_152' title='bbox 461 2020 498 2077; x_wconf 90' lang='lat' dir='ltr'><strong>ut</strong></span> <span class='ocrx_word' id='word_1_153' title='bbox 515 2016 645 2095; x_wconf 91' lang='lat' dir='ltr'><strong>manipli</strong></span> <span class='ocrx_word' id='word_1_154' title='bbox 662 2019 693 2077; x_wconf 93' lang='lat' dir='ltr'><strong>et</strong></span> <span class='ocrx_word' id='word_1_155' title='bbox 710 2016 817 2077; x_wconf 90' lang='lat' dir='ltr'><strong>Rutuli</strong></span> <span class='ocrx_word' id='word_1_156' title='bbox 834 2017 893 2077; x_wconf 85' lang='lat' dir='ltr'><strong>isto</strong></span> <span class='ocrx_word' id='word_1_157' title='bbox 912 2019 1036 2077; x_wconf 84' lang='lat' dir='ltr'><strong>curante</strong></span> <span class='ocrx_word' id='word_1_158' title='bbox 1053 2035 1189 2096; x_wconf 82' lang='lat' dir='ltr'><strong>regeren-</strong></span> 
     </span>
     <span class='ocr_line' id='line_1_20' title="bbox 166 2105 1251 2181; baseline 0.007 -16"><span class='ocrx_word' id='word_1_159' title='bbox 166 2110 225 2166; x_wconf 86' lang='lat' dir='ltr'><strong>tur.</strong></span> <span class='ocrx_word' id='word_1_160' title='bbox 257 2109 379 2180; x_wconf 80' lang='lat' dir='ltr'><strong>eqnitcm</strong></span> <span class='ocrx_word' id='word_1_161' title='bbox 396 2108 558 2181; x_wconf 79' lang='lat' dir='ltr'><strong>Messapus</strong></span> <span class='ocrx_word' id='word_1_162' title='bbox 579 2108 614 2165; x_wconf 81' lang='lat' dir='ltr'><strong>in</strong></span> <span class='ocrx_word' id='word_1_163' title='bbox 636 2108 730 2166; x_wconf 83' lang='lat' dir='ltr'><strong>armis</strong></span> <span class='ocrx_word' id='word_1_164' title='bbox 752 2111 779 2165; x_wconf 89' lang='lat' dir='ltr'><strong>ct</strong></span> <span class='ocrx_word' id='word_1_165' title='bbox 801 2124 866 2166; x_wconf 65' lang='lat' dir='ltr'><strong>men</strong></span> <span class='ocrx_word' id='word_1_166' title='bbox 888 2109 983 2181; x_wconf 79' lang='lat' dir='ltr'><strong>fratrc</strong></span> <span class='ocrx_word' id='word_1_167' title='bbox 1004 2105 1098 2166; x_wconf 78' lang='lat' dir='ltr'><strong>Coras</strong></span> <span class='ocrx_word' id='word_1_168' title='bbox 1121 2107 1251 2172; x_wconf 74' lang='lat' dir='ltr'><strong>latistco</strong></span> 
     </span>
     <span class='ocr_line' id='line_1_21' title="bbox 122 2195 1189 2273; baseline 0 -18"><span class='ocrx_word' id='word_1_169' title='bbox 122 2217 148 2256; x_wconf 85' lang='lat' dir='ltr'><strong>eo</strong></span> <span class='ocrx_word' id='word_1_170' title='bbox 166 2197 322 2269; x_wconf 79' lang='lat' dir='ltr'><strong>diffundite</strong></span> <span class='ocrx_word' id='word_1_171' title='bbox 349 2198 478 2271; x_wconf 84' lang='lat' dir='ltr'><strong>campis:</strong></span> <span class='ocrx_word' id='word_1_172' title='bbox 505 2196 702 2272; x_wconf 90' lang='lat' dir='ltr'><strong>conpendiose</strong></span> <span class='ocrx_word' id='word_1_173' title='bbox 730 2196 848 2256; x_wconf 90' lang='lat' dir='ltr'><strong>locutus</strong></span> <span class='ocrx_word' id='word_1_174' title='bbox 877 2198 923 2267; x_wconf 83' lang='lat' dir='ltr'><strong>est</strong></span> <span class='ocrx_word' id='word_1_175' title='bbox 951 2195 1003 2273; x_wconf 92' lang='lat' dir='ltr'><strong>qui</strong></span> <span class='ocrx_word' id='word_1_176' title='bbox 1025 2196 1189 2257; x_wconf 87' lang='lat' dir='ltr'><strong>festinabat</strong></span> 
     </span>
     <span class='ocr_line' id='line_1_22' title="bbox 167 2284 1189 2364; baseline 0.001 -20"><span class='ocrx_word' id='word_1_177' title='bbox 167 2286 291 2364; x_wconf 80' lang='lat' dir='ltr'><strong>adgredi</strong></span> <span class='ocrx_word' id='word_1_178' title='bbox 314 2289 477 2361; x_wconf 87' lang='lat' dir='ltr'><strong>certamen,</strong></span> <span class='ocrx_word' id='word_1_179' title='bbox 495 2287 531 2344; x_wconf 91' lang='lat' dir='ltr'><strong>ut</strong></span> <span class='ocrx_word' id='word_1_180' title='bbox 548 2285 705 2363; x_wconf 88' lang='lat' dir='ltr'><strong>Messapus</strong></span> <span class='ocrx_word' id='word_1_181' title='bbox 723 2288 754 2345; x_wconf 90' lang='lat' dir='ltr'><strong>et</strong></span> <span class='ocrx_word' id='word_1_182' title='bbox 772 2284 864 2345; x_wconf 77' lang='lat' dir='ltr'><strong>(toras</strong></span> <span class='ocrx_word' id='word_1_183' title='bbox 882 2285 1034 2362; x_wconf 86' lang='lat' dir='ltr'><strong>fraterque</strong></span> <span class='ocrx_word' id='word_1_184' title='bbox 1053 2287 1117 2346; x_wconf 91' lang='lat' dir='ltr'><strong>eius</strong></span> <span class='ocrx_word' id='word_1_185' title='bbox 1135 2304 1189 2362; x_wconf 92' lang='lat' dir='ltr'><strong>per</strong></span> 
     </span>
     <span class='ocr_line' id='line_1_23' title="bbox 167 2375 1188 2452; baseline 0 -18"><span class='ocrx_word' id='word_1_186' title='bbox 167 2394 287 2452; x_wconf 90' lang='lat' dir='ltr'><strong>campos</strong></span> <span class='ocrx_word' id='word_1_187' title='bbox 302 2375 435 2451; x_wconf 84' lang='lat' dir='ltr'><strong>equitem</strong></span> <span class='ocrx_word' id='word_1_188' title='bbox 448 2375 615 2435; x_wconf 77' lang='lat' dir='ltr'><strong>tunderent.</strong></span> <span class='ocrx_word' id='word_1_189' title='bbox 642 2392 718 2449; x_wconf 84' lang='lat' dir='ltr'><strong>pars</strong></span> <span class='ocrx_word' id='word_1_190' title='bbox 736 2375 835 2434; x_wconf 80' lang='lat' dir='ltr'><strong>aditus</strong></span> <span class='ocrx_word' id='word_1_191' title='bbox 852 2375 937 2434; x_wconf 76' lang='lat' dir='ltr'><strong>urbis</strong></span> <span class='ocrx_word' id='word_1_192' title='bbox 948 2376 1068 2448; x_wconf 73' lang='lat' dir='ltr'><strong>firment</strong></span> <span class='ocrx_word' id='word_1_193' title='bbox 1084 2376 1188 2434; x_wconf 76' lang='lat' dir='ltr'><strong>turris-</strong></span> 
     </span>
     <span class='ocr_line' id='line_1_24' title="bbox 166 2463 1187 2541; baseline 0 -19"><span class='ocrx_word' id='word_1_194' title='bbox 166 2481 220 2536; x_wconf 79' lang='lat' dir='ltr'><strong>que</strong></span> <span class='ocrx_word' id='word_1_195' title='bbox 243 2469 414 2537; x_wconf 81' lang='lat' dir='ltr'><strong>capessant:</strong></span> <span class='ocrx_word' id='word_1_196' title='bbox 441 2464 540 2525; x_wconf 88' lang='lat' dir='ltr'><strong>aditus</strong></span> <span class='ocrx_word' id='word_1_197' title='bbox 570 2463 653 2524; x_wconf 91' lang='lat' dir='ltr'><strong>urbis</strong></span> <span class='ocrx_word' id='word_1_198' title='bbox 680 2467 786 2541; x_wconf 90' lang='lat' dir='ltr'><strong>portae</strong></span> <span class='ocrx_word' id='word_1_199' title='bbox 814 2466 885 2523; x_wconf 91' lang='lat' dir='ltr'><strong>sunt</strong></span> <span class='ocrx_word' id='word_1_200' title='bbox 911 2464 960 2523; x_wconf 85' lang='lat' dir='ltr'><strong>vel</strong></span> <span class='ocrx_word' id='word_1_201' title='bbox 986 2465 1115 2523; x_wconf 89' lang='lat' dir='ltr'><strong>minores</strong></span> <span class='ocrx_word' id='word_1_202' title='bbox 1142 2466 1187 2522; x_wconf 92' lang='lat' dir='ltr'><strong>in·</strong></span> 
     </span>
     <span class='ocr_line' id='line_1_25' title="bbox 166 2552 1188 2631; baseline -0.001 -19"><span class='ocrx_word' id='word_1_203' title='bbox 166 2572 295 2631; x_wconf 82' lang='lat' dir='ltr'><strong>gressus,</strong></span> <span class='ocrx_word' id='word_1_204' title='bbox 314 2553 368 2629; x_wconf 92' lang='lat' dir='ltr'><strong>qui</strong></span> <span class='ocrx_word' id='word_1_205' title='bbox 384 2553 541 2612; x_wconf 91' lang='lat' dir='ltr'><strong>muniendi</strong></span> <span class='ocrx_word' id='word_1_206' title='bbox 555 2554 675 2627; x_wconf 83' lang='lat' dir='ltr'><strong>fuerant</strong></span> <span class='ocrx_word' id='word_1_207' title='bbox 693 2552 775 2612; x_wconf 93' lang='lat' dir='ltr'><strong>omni</strong></span> <span class='ocrx_word' id='word_1_208' title='bbox 793 2572 874 2628; x_wconf 88' lang='lat' dir='ltr'><strong>cura,</strong></span> <span class='ocrx_word' id='word_1_209' title='bbox 892 2572 929 2611; x_wconf 90' lang='lat' dir='ltr'><strong>ne</strong></span> <span class='ocrx_word' id='word_1_210' title='bbox 943 2553 1039 2612; x_wconf 87' lang='lat' dir='ltr'><strong>hostis</strong></span> <span class='ocrx_word' id='word_1_211' title='bbox 1052 2553 1188 2628; x_wconf 84' lang='lat' dir='ltr'><strong>intraret,</strong></span> 
     </span>
     <span class='ocr_line' id='line_1_26' title="bbox 122 2642 1187 2719; baseline 0.001 -18"><span class='ocrx_word' id='word_1_212' title='bbox 122 2661 147 2702; x_wconf 80' lang='lat' dir='ltr'><strong>se</strong></span> <span class='ocrx_word' id='word_1_213' title='bbox 166 2644 289 2719; x_wconf 89' lang='lat' dir='ltr'><strong>propter</strong></span> <span class='ocrx_word' id='word_1_214' title='bbox 311 2642 465 2701; x_wconf 89' lang='lat' dir='ltr'><strong>meliorem</strong></span> <span class='ocrx_word' id='word_1_215' title='bbox 486 2662 557 2703; x_wconf 80' lang='lat' dir='ltr'><strong>uero</strong></span> <span class='ocrx_word' id='word_1_216' title='bbox 576 2642 736 2702; x_wconf 91' lang='lat' dir='ltr'><strong>tuitionem</strong></span> <span class='ocrx_word' id='word_1_217' title='bbox 753 2645 851 2702; x_wconf 88' lang='lat' dir='ltr'><strong>turres</strong></span> <span class='ocrx_word' id='word_1_218' title='bbox 871 2661 990 2718; x_wconf 90' lang='lat' dir='ltr'><strong>quoque</strong></span> <span class='ocrx_word' id='word_1_219' title='bbox 1013 2642 1187 2702; x_wconf 88' lang='lat' dir='ltr'><strong>conscende·</strong></span> 
     </span>
     <span class='ocr_line' id='line_1_27' title="bbox 165 2732 1188 2805; baseline 0.003 -16"><span class='ocrx_word' id='word_1_220' title='bbox 165 2735 276 2791; x_wconf 88' lang='lat' dir='ltr'><strong>rentur.</strong></span> <span class='ocrx_word' id='word_1_221' title='bbox 305 2736 398 2790; x_wconf 83' lang='lat' dir='ltr'><strong>cetera</strong></span> <span class='ocrx_word' id='word_1_222' title='bbox 412 2749 471 2805; x_wconf 80' lang='lat' dir='ltr'><strong>qna</strong></span> <span class='ocrx_word' id='word_1_223' title='bbox 488 2732 569 2791; x_wconf 82' lang='lat' dir='ltr'><strong>iusso</strong></span> <span class='ocrx_word' id='word_1_224' title='bbox 586 2748 699 2791; x_wconf 84' lang='lat' dir='ltr'><strong>mecwm</strong></span> <span class='ocrx_word' id='word_1_225' title='bbox 715 2749 825 2791; x_wconf 82' lang='lat' dir='ltr'><strong>manns</strong></span> <span class='ocrx_word' id='word_1_226' title='bbox 842 2732 954 2805; x_wconf 71' lang='lat' dir='ltr'><strong>inferat</strong></span> <span class='ocrx_word' id='word_1_227' title='bbox 971 2749 1072 2791; x_wconf 85' lang='lat' dir='ltr'><strong>arma:</strong></span> <span class='ocrx_word' id='word_1_228' title='bbox 1090 2734 1188 2792; x_wconf 87' lang='lat' dir='ltr'><strong>cetera</strong></span> 
     </span>
     <span class='ocr_line' id='line_1_28' title="bbox 165 2820 1188 2898; baseline 0.001 -19"><span class='ocrx_word' id='word_1_229' title='bbox 165 2839 286 2894; x_wconf 86' lang='lat' dir='ltr'><strong>manus,</strong></span> <span class='ocrx_word' id='word_1_230' title='bbox 315 2821 347 2879; x_wconf 92' lang='lat' dir='ltr'><strong>id</strong></span> <span class='ocrx_word' id='word_1_231' title='bbox 374 2823 421 2880; x_wconf 87' lang='lat' dir='ltr'><strong>est</strong></span> <span class='ocrx_word' id='word_1_232' title='bbox 448 2823 547 2881; x_wconf 89' lang='lat' dir='ltr'><strong>cetera</strong></span> <span class='ocrx_word' id='word_1_233' title='bbox 572 2820 737 2880; x_wconf 87' lang='lat' dir='ltr'><strong>multitudo</strong></span> <span class='ocrx_word' id='word_1_234' title='bbox 764 2839 882 2880; x_wconf 89' lang='lat' dir='ltr'><strong>mecum</strong></span> <span class='ocrx_word' id='word_1_235' title='bbox 905 2822 1082 2896; x_wconf 84' lang='lat' dir='ltr'><strong>constituta,</strong></span> <span class='ocrx_word' id='word_1_236' title='bbox 1109 2821 1188 2898; x_wconf 80' lang='lat' dir='ltr'><strong>ferat</strong></span> 
     </span>
     <span class='ocr_line' id='line_1_29' title="bbox 166 2909 1188 2986; baseline 0.001 -18"><span class='ocrx_word' id='word_1_237' title='bbox 166 2929 250 2970; x_wconf 87' lang='lat' dir='ltr'><strong>arma</strong></span> <span class='ocrx_word' id='word_1_238' title='bbox 278 2928 339 2986; x_wconf 90' lang='lat' dir='ltr'><strong>qua</strong></span> <span class='ocrx_word' id='word_1_239' title='bbox 365 2909 491 2970; x_wconf 88' lang='lat' dir='ltr'><strong>iussero.</strong></span> <span class='ocrx_word' id='word_1_240' title='bbox 534 2910 611 2969; x_wconf 80' lang='lat' dir='ltr'><strong>ilicet</strong></span> <span class='ocrx_word' id='word_1_241' title='bbox 632 2912 666 2969; x_wconf 82' lang='lat' dir='ltr'><strong>irc</strong></span> <span class='ocrx_word' id='word_1_242' title='bbox 691 2927 793 2969; x_wconf 81' lang='lat' dir='ltr'><strong>necros</strong></span> <span class='ocrx_word' id='word_1_243' title='bbox 817 2914 877 2969; x_wconf 84' lang='lat' dir='ltr'><strong>tcta</strong></span> <span class='ocrx_word' id='word_1_244' title='bbox 904 2910 1080 2969; x_wconf 58' lang='lat' dir='ltr'><strong>dometur</strong></span> <span class='ocrx_word' id='word_1_245' title='bbox 1102 2911 1188 2969; x_wconf 80' lang='lat' dir='ltr'><strong>croc:</strong></span> 
     </span>
     <span class='ocr_line' id='line_1_30' title="bbox 164 2998 1187 3076; baseline -0.001 -18"><span class='ocrx_word' id='word_1_246' title='bbox 164 3001 249 3058; x_wconf 90' lang='lat' dir='ltr'><strong>metu</strong></span> <span class='ocrx_word' id='word_1_247' title='bbox 271 3018 372 3059; x_wconf 89' lang='lat' dir='ltr'><strong>omnes</strong></span> <span class='ocrx_word' id='word_1_248' title='bbox 401 2999 506 3076; x_wconf 82' lang='lat' dir='ltr'><strong>exciti,</strong></span> <span class='ocrx_word' id='word_1_249' title='bbox 534 3000 607 3076; x_wconf 91' lang='lat' dir='ltr'><strong>quia</strong></span> <span class='ocrx_word' id='word_1_250' title='bbox 634 3001 801 3059; x_wconf 84' lang='lat' dir='ltr'><strong>extremum</strong></span> <span class='ocrx_word' id='word_1_251' title='bbox 827 2998 1005 3075; x_wconf 90' lang='lat' dir='ltr'><strong>sperabatur</strong></span> <span class='ocrx_word' id='word_1_252' title='bbox 1032 2998 1187 3073; x_wconf 85' lang='lat' dir='ltr'><strong>excidium,</strong></span> 
     </span>
     <span class='ocr_line' id='line_1_31' title="bbox 120 3087 1187 3166; baseline -0.001 -19"><span class='ocrx_word' id='word_1_253' title='bbox 120 3108 147 3147; x_wconf 85' lang='lat' dir='ltr'><strong>eo</strong></span> <span class='ocrx_word' id='word_1_254' title='bbox 165 3088 382 3148; x_wconf 82' lang='lat' dir='ltr'><strong>concurrebant</strong></span> <span class='ocrx_word' id='word_1_255' title='bbox 404 3088 443 3148; x_wconf 90' lang='lat' dir='ltr'><strong>ad</strong></span> <span class='ocrx_word' id='word_1_256' title='bbox 465 3107 567 3149; x_wconf 89' lang='lat' dir='ltr'><strong>muros</strong></span> <span class='ocrx_word' id='word_1_257' title='bbox 591 3108 627 3147; x_wconf 83' lang='lat' dir='ltr'><strong>ex</strong></span> <span class='ocrx_word' id='word_1_258' title='bbox 650 3090 733 3149; x_wconf 93' lang='lat' dir='ltr'><strong>omni</strong></span> <span class='ocrx_word' id='word_1_259' title='bbox 755 3087 878 3149; x_wconf 86' lang='lat' dir='ltr'><strong>civitate</strong></span> <span class='ocrx_word' id='word_1_260' title='bbox 896 3087 994 3166; x_wconf 86' lang='lat' dir='ltr'><strong>ipsam</strong></span> <span class='ocrx_word' id='word_1_261' title='bbox 1012 3087 1120 3147; x_wconf 88' lang='lat' dir='ltr'><strong>saltem</strong></span> <span class='ocrx_word' id='word_1_262' title='bbox 1138 3087 1187 3146; x_wconf 92' lang='lat' dir='ltr'><strong>de-</strong></span> 
     </span>
     <span class='ocr_line' id='line_1_32' title="bbox 164 3177 1187 3255; baseline 0 -19"><span class='ocrx_word' id='word_1_263' title='bbox 164 3177 292 3252; x_wconf 90' lang='lat' dir='ltr'><strong>fensuri,</strong></span> <span class='ocrx_word' id='word_1_264' title='bbox 311 3177 338 3237; x_wconf 89' lang='lat' dir='ltr'><strong>si</strong></span> <span class='ocrx_word' id='word_1_265' title='bbox 350 3180 481 3255; x_wconf 89' lang='lat' dir='ltr'><strong>possent.</strong></span> <span class='ocrx_word' id='word_1_266' title='bbox 508 3177 592 3238; x_wconf 90' lang='lat' dir='ltr'><strong>ilicet</strong></span> <span class='ocrx_word' id='word_1_267' title='bbox 609 3177 663 3237; x_wconf 95' lang='lat' dir='ltr'><strong>ubi</strong></span> <span class='ocrx_word' id='word_1_268' title='bbox 680 3177 773 3237; x_wconf 89' lang='lat' dir='ltr'><strong>fuerit</strong></span> <span class='ocrx_word' id='word_1_269' title='bbox 790 3178 922 3255; x_wconf 89' lang='lat' dir='ltr'><strong>positum</strong></span> <span class='ocrx_word' id='word_1_270' title='bbox 936 3179 1068 3236; x_wconf 85' lang='lat' dir='ltr'><strong>extrema</strong></span> <span class='ocrx_word' id='word_1_271' title='bbox 1086 3178 1187 3236; x_wconf 88' lang='lat' dir='ltr'><strong>omnia</strong></span> 
     </span>
    </p>
   </div>
   <div class='ocr_carea' id='block_1_3' title="bbox 165 3260 1187 3352">
    <p class='ocr_par' dir='ltr' id='par_1_3' title="bbox 165 3260 1187 3352">
     <span class='ocr_line' id='line_1_33' title="bbox 165 3260 1187 3352; baseline 0.001 -27"><span class='ocrx_word' id='word_1_272' title='bbox 165 3266 374 3344; x_wconf 83' lang='lat' dir='ltr'><strong>significantur</strong></span> <span class='ocrx_word' id='word_1_273' title='bbox 387 3275 424 3327; x_wconf 91' lang='lat' dir='ltr'><strong>ut</strong></span> <span class='ocrx_word' id='word_1_274' title='bbox 441 3267 501 3328; x_wconf 90' lang='lat' dir='ltr'><strong>alio</strong></span> <span class='ocrx_word' id='word_1_275' title='bbox 515 3268 580 3328; x_wconf 89' lang='lat' dir='ltr'><strong>loeo</strong></span> <span class='ocrx_word' id='word_1_276' title='bbox 600 3260 646 3344; x_wconf 81' lang='lat'><strong>(2,</strong></span> <span class='ocrx_word' id='word_1_277' title='bbox 661 3261 741 3349; x_wconf 83' lang='grc'>758)</span> <span class='ocrx_word' id='word_1_278' title='bbox 756 3268 861 3352; x_wconf 89' lang='lat' dir='ltr'><strong>„ilicet</strong></span> <span class='ocrx_word' id='word_1_279' title='bbox 878 3266 957 3345; x_wconf 84' lang='lat' dir='ltr'><strong>ignis</strong></span> <span class='ocrx_word' id='word_1_280' title='bbox 977 3266 1052 3324; x_wconf 85' lang='lat' dir='ltr'><strong>edax</strong></span> <span class='ocrx_word' id='word_1_281' title='bbox 1070 3285 1187 3326; x_wconf 89' lang='lat' dir='ltr'><strong>summa</strong></span> 
     </span>
    </p>
   </div>
   <div class='ocr_carea' id='block_1_4' title="bbox 165 3436 1186 3779">
    <p class='ocr_par' dir='ltr' id='par_1_4' title="bbox 165 3436 1186 3779">
     <span class='ocr_line' id='line_1_34' title="bbox 238 3436 1186 3509; baseline -0.002 -19"><span class='ocrx_word' id='word_1_282' title='bbox 238 3436 417 3503; x_wconf 80' lang='lat' dir='ltr'><strong>lfcrmceV</strong></span> <span class='ocrx_word' id='word_1_283' title='bbox 433 3439 563 3505; x_wconf 69' lang='lat' dir='ltr'><strong>fenenne</strong></span> <span class='ocrx_word' id='word_1_284' title='bbox 582 3437 625 3491; x_wconf 88' lang='lat' dir='ltr'><strong>ed.</strong></span> <span class='ocrx_word' id='word_1_285' title='bbox 690 3437 852 3509; x_wconf 76' lang='lat' dir='ltr'><strong>tmapisV</strong></span> <span class='ocrx_word' id='word_1_286' title='bbox 866 3439 962 3507; x_wconf 80' lang='lat' dir='ltr'><strong>potine</strong></span> <span class='ocrx_word' id='word_1_287' title='bbox 980 3436 1023 3491; x_wconf 89' lang='lat' dir='ltr'><strong>ed.</strong></span> <span class='ocrx_word' id='word_1_288' title='bbox 1089 3440 1186 3505; x_wconf 68' lang='lat' dir='ltr'><strong>{ipor-</strong></span> 
     </span>
     <span class='ocr_line' id='line_1_35' title="bbox 165 3506 1185 3578; baseline 0.001 -16"><span class='ocrx_word' id='word_1_289' title='bbox 165 3509 201 3562; x_wconf 82' lang='lat' dir='ltr'><strong>tie</strong></span> <span class='ocrx_word' id='word_1_290' title='bbox 223 3507 250 3562; x_wconf 91' lang='lat' dir='ltr'><strong>V</strong></span> <span class='ocrx_word' id='word_1_291' title='bbox 277 3510 354 3564; x_wconf 82' lang='lat' dir='ltr'><strong>tectis</strong></span> <span class='ocrx_word' id='word_1_292' title='bbox 381 3508 424 3564; x_wconf 91' lang='lat' dir='ltr'><strong>ed.</strong></span> <span class='ocrx_word' id='word_1_293' title='bbox 453 3511 482 3562; x_wconf 89' lang='lat' dir='ltr'><strong>et</strong></span> <span class='ocrx_word' id='word_1_294' title='bbox 508 3507 593 3577; x_wconf 84' lang='lat' dir='ltr'><strong>Verg.</strong></span> <span class='ocrx_word' id='word_1_295' title='bbox 621 3506 688 3562; x_wconf 90' lang='lat' dir='ltr'><strong>libri</strong></span> <span class='ocrx_word' id='word_1_296' title='bbox 718 3509 772 3564; x_wconf 90' lang='lat' dir='ltr'><strong>hoc</strong></span> <span class='ocrx_word' id='word_1_297' title='bbox 804 3509 898 3578; x_wconf 90' lang='lat' dir='ltr'><strong>recepi</strong></span> <span class='ocrx_word' id='word_1_298' title='bbox 927 3510 1043 3578; x_wconf 89' lang='lat' dir='ltr'><strong>propter</strong></span> <span class='ocrx_word' id='word_1_299' title='bbox 1069 3508 1185 3577; x_wconf 88' lang='lat' dir='ltr'><strong>interpr.</strong></span> 
     </span>
     <span class='ocr_line' id='line_1_36' title="bbox 166 3578 1184 3649; baseline -0.001 -15"><span class='ocrx_word' id='word_1_300' title='bbox 166 3584 200 3634; x_wconf 85' lang='lat'><strong>18</strong></span> <span class='ocrx_word' id='word_1_301' title='bbox 219 3579 376 3648; x_wconf 79' lang='lat' dir='ltr'><strong>manipliV</strong></span> <span class='ocrx_word' id='word_1_302' title='bbox 391 3579 434 3634; x_wconf 86' lang='lat' dir='ltr'><strong>ed</strong></span> <span class='ocrx_word' id='word_1_303' title='bbox 450 3580 607 3635; x_wconf 76' lang='lat' dir='ltr'><strong>Volscorum</strong></span> <span class='ocrx_word' id='word_1_304' title='bbox 621 3579 758 3634; x_wconf 86' lang='lat' dir='ltr'><strong>desidero.</strong></span> <span class='ocrx_word' id='word_1_305' title='bbox 815 3585 848 3634; x_wconf 81' lang='lat'><strong>19</strong></span> <span class='ocrx_word' id='word_1_306' title='bbox 867 3582 967 3649; x_wconf 76' lang='lat' dir='ltr'><strong>equites</strong></span> <span class='ocrx_word' id='word_1_307' title='bbox 986 3582 1025 3649; x_wconf 90' lang='lat' dir='ltr'><strong>(et</strong></span> <span class='ocrx_word' id='word_1_308' title='bbox 1040 3578 1126 3648; x_wconf 87' lang='lat' dir='ltr'><strong>infra)</strong></span> <span class='ocrx_word' id='word_1_309' title='bbox 1142 3580 1184 3634; x_wconf 90' lang='lat' dir='ltr'><strong>ed.</strong></span> 
     </span>
     <span class='ocr_line' id='line_1_37' title="bbox 165 3650 1186 3721; baseline 0.005 -18"><span class='ocrx_word' id='word_1_310' title='bbox 165 3656 199 3704; x_wconf 79' lang='lat'><strong>25</strong></span> <span class='ocrx_word' id='word_1_311' title='bbox 219 3650 501 3707; x_wconf 74' lang='lat' dir='ltr'><strong>cmwcecdcrmturV</strong></span> <span class='ocrx_word' id='word_1_312' title='bbox 519 3652 712 3707; x_wconf 65' lang='lat' dir='ltr'><strong>monnica</strong></span> <span class='ocrx_word' id='word_1_313' title='bbox 730 3650 773 3706; x_wconf 91' lang='lat' dir='ltr'><strong>ed.</strong></span> <span class='ocrx_word' id='word_1_314' title='bbox 839 3657 871 3706; x_wconf 81' lang='lat'><strong>29</strong></span> <span class='ocrx_word' id='word_1_315' title='bbox 890 3650 1092 3721; x_wconf 56' lang='lat' dir='ltr'><strong>meabatan</strong></span> <span class='ocrx_word' id='word_1_316' title='bbox 1111 3652 1186 3708; x_wconf 68' lang='lat' dir='ltr'><strong>time</strong></span> 
     </span>
     <span class='ocr_line' id='line_1_38' title="bbox 165 3721 799 3779; baseline 0 -3"><span class='ocrx_word' id='word_1_317' title='bbox 165 3723 248 3777; x_wconf 79' lang='lat' dir='ltr'><strong>tatur</strong></span> <span class='ocrx_word' id='word_1_318' title='bbox 266 3722 309 3777; x_wconf 90' lang='lat' dir='ltr'><strong>ed.</strong></span> <span class='ocrx_word' id='word_1_319' title='bbox 384 3727 417 3777; x_wconf 84' lang='lat'><strong>81</strong></span> <span class='ocrx_word' id='word_1_320' title='bbox 436 3723 551 3779; x_wconf 67' lang='lat' dir='ltr'><strong>dicd-</strong></span> <span class='ocrx_word' id='word_1_321' title='bbox 563 3728 596 3776; x_wconf 79' lang='lat'><strong>32</strong></span> <span class='ocrx_word' id='word_1_322' title='bbox 612 3724 668 3777; x_wconf 83' lang='lat' dir='ltr'><strong>loco</strong></span> <span class='ocrx_word' id='word_1_323' title='bbox 687 3738 741 3777; x_wconf 90' lang='lat' dir='ltr'><strong>orn.</strong></span> <span class='ocrx_word' id='word_1_324' title='bbox 757 3721 799 3777; x_wconf 93' lang='lat' dir='ltr'><strong>ed.</strong></span> 
     </span>
    </p>
   </div>
   <div class='ocr_carea' id='block_1_5' title="bbox 0 0 1368 4150">
    <p class='ocr_par' dir='ltr' id='par_1_5' title="bbox 0 0 1368 4150">
     <span class='ocr_line' id='line_1_39' title="bbox 0 0 1368 4150; baseline 0 1"><span class='ocrx_word' id='word_1_325' title='bbox 0 0 1368 4150; x_wconf 95' lang='lat' dir='ltr'><strong> </strong></span> 
     </span>
    </p>
   </div>
  </div>
 </body>
</html>
