2725 4150
548 285 733 341 AENEIDOS
751 284 791 340 XI
1113 286 1178 353 441

158 456 258 515 medes
277 475 337 515 non
351 473 460 513 aurum
474 455 699 529 contempsisse,
722 451 774 512 sed
792 454 893 529 ipsum
906 452 1029 512 Aenean
1043 452 1180 513 timuisse

158 546 306 604 videatur.
336 563 390 603 neo
403 562 529 621 magnas
544 543 673 603 valuisse
688 561 804 620 preces:
822 543 986 603 novissimo
999 542 1065 601 loco
1079 544 1182 619 posuit

158 654 338 711 magnarum
364 633 505 691 meritum
531 651 667 708 precum,
695 651 756 692 non
784 650 843 708 quo
871 631 968 691 maior
994 633 1072 690 esset
1098 632 1181 707 inpe-

158 723 259 782 trandi
272 741 339 800 spes
353 722 452 781 verbis
466 721 654 799 supplicibus
669 740 762 798 quam
776 722 809 780 in
823 720 1013 798 corruptione
1027 722 1181 797 materiae,

128 828 140 867 s
159 814 212 872 sed
230 815 266 871 ut
284 811 453 871 ostenderet
471 813 641 887 contempto
655 810 859 888 praemiorum
878 813 908 870 et
926 829 1084 870 munerum
1103 827 1181 869 com·

158 901 247 961 modo
266 903 433 979 gratuitum
455 900 588 961 officium
611 901 702 959 etiam
720 900 796 959 fusis
815 900 952 976 precibus
971 900 1092 960 facilius
1115 918 1181 976 per·

158 991 271 1068 negari.
318 991 381 1049 olio
403 1008 490 1049 erma
512 989 633 1049 Latinis
656 989 824 1062 quaerenda
852 992 905 1048 cat
920 1006 1027 1063 pacem
1050 989 1244 1048 Troianoato

159 1083 196 1140 ab
224 1097 289 1154 repe
308 1080 480 1152 petendam:
508 1080 581 1138 haee
608 1078 669 1138 fuit
696 1097 814 1139 summa
842 1077 990 1155 responsi3
1020 1079 1073 1154 qni
1101 1077 1181 1138 enim

158 1171 232 1227 nihil
248 1169 419 1244 petentibus
438 1170 558 1245 praeter
575 1169 734 1228 eonsilium
753 1167 876 1227 dederat
893 1187 954 1227 non
970 1167 1074 1227 debuit
1087 1169 1180 1246 pluri·

115 1276 140 1314 ιο
158 1259 215 1318 mis
234 1260 331 1335 loqui;
354 1257 478 1335 quippe,
501 1277 538 1317 ne
556 1259 590 1316 in
607 1260 707 1318 totum
724 1257 866 1316 beneficio
886 1275 995 1317 vacuos
1018 1259 1180 1332 revocaret,

158 1347 308 1406 mandatis
331 1347 486 1421 instruxit,
508 1350 545 1406 ut
567 1346 688 1406 aliunde
707 1347 853 1406 auxilium
872 1348 1049 1423 quaererent
1071 1349 1124 1405 ant
1142 1347 1180 1406 ab

159 1456 192 1495 eo
216 1439 372 1513 poscerent
394 1455 498 1513 pacem
517 1456 606 1514 quem
629 1455 690 1496 non
712 1438 834 1512 possent
851 1454 993 1512 superare
1011 1437 1181 1495 certamine.

158 1527 256 1598 deficit
276 1526 387 1601 tepenti
405 1527 483 1584 laeta
500 1543 552 1584 rea
569 1527 633 1599 ipse
650 1524 796 1585 Latinas:
818 1525 970 1602 praeclare
992 1524 1053 1601 ipsi
1072 1523 1180 1584 Latino

159 1615 242 1673 dedit
270 1616 369 1674 luctus
399 1616 561 1674 maximam
591 1617 723 1691 partem3
753 1614 786 1673 in
816 1614 955 1672 omnibus
985 1614 1065 1672 enim
1094 1613 1181 1674 bellis

114 1720 139 1760 rs
158 1724 262 1781 regum
290 1707 336 1763 est
362 1705 528 1780 periculum
554 1704 731 1780 maximum,
760 1703 902 1780 quoniam
929 1705 1065 1781 ipsorum
1090 1721 1181 1762 causa

158 1795 319 1870 pugnatur.
351 1793 560 1853 considerabat
578 1795 636 1852 iste
654 1795 769 1853 statum
786 1794 906 1868 imperii
924 1794 985 1868 aui,
1003 1811 1087 1870 spem
1100 1792 1181 1852 filiae

158 1885 313 1960 patrisque
342 1901 499 1959 responsa,
529 1886 633 1942 contra
661 1901 738 1960 quae
765 1883 865 1942 fixerat
891 1883 1014 1942 factum.
1058 1882 1181 1956 fatalem

158 1971 281 2031 Aeaeae
303 1973 459 2044 manifesto
485 1973 607 2031 nomiae
628 1972 704 2045 ferri
726 1972 861 2031 admonet
881 1973 931 2032 ira
953 1973 1040 2032 dem
1062 1972 1180 2031 tomuli·

158 2081 211 2136 pce
239 2065 306 2121 onte
333 2079 387 2121 oro
415 2065 556 2121 recentes:
589 2060 762 2122 inveniebat
789 2060 911 2121 Aenean
938 2081 1042 2123 revera
1070 2061 1179 2122 divinis

113 2166 140 2204 eo
157 2151 281 2211 nutibus
304 2152 381 2228 regi,
410 2150 532 2227 probari
554 2154 657 2211 autem
678 2152 736 2210 hoc
758 2150 858 2228 ipsum
881 2171 916 2210 ex
939 2170 973 2211 eo
997 2152 1077 2227 quod
1099 2151 1180 2211 irata

157 2243 283 2298 numina
306 2242 428 2317 propter
451 2242 656 2317 contemptum
678 2240 883 2317 dispositionis
909 2259 980 2300 suae
1002 2260 1056 2317 per
1078 2243 1179 2300 tantos

159 2348 288 2406 quorum
305 2329 396 2389 busta
417 2329 550 2389 recentia
568 2333 598 2389 et
615 2330 729 2389 tumuli
747 2329 801 2388 sub
821 2328 914 2389 oculis
927 2330 1050 2389 fuerant
1067 2346 1179 2406 poenas

158 2420 337 2497 exegissent,
367 2418 508 2478 firmabat
535 2419 608 2478 baec
635 2416 794 2479 Diomedes
820 2420 967 2494 intactus,
995 2438 1085 2494 quem
1111 2436 1179 2477 con·

158 2508 259 2567 stabat
282 2509 410 2567 salutem
432 2526 519 2568 snam
542 2508 611 2569 odio
633 2508 741 2584 veteri,
770 2507 868 2584 donis,
892 2525 966 2568 auro
990 2510 1021 2567 et
1042 2507 1179 2584 precibus

113 2613 139 2652 as
157 2598 343 2672 praetulisse.
376 2614 442 2670 erpo
465 2597 620 2656 eonctle'em
641 2615 782 2672 moymaro
796 2598 965 2671 primoecce
982 2613 1104 2655 socrum
1126 2598 1242 2655 aceres

153 2688 237 2759 perio
261 2688 366 2746 oeeitm
389 2687 450 2745 olto
472 2688 554 2745 intra
572 2686 677 2745 limina
700 2687 786 2761 cepit:
808 2685 845 2744 de
863 2705 980 2746 summa
997 2685 1179 2762 reipublicae

157 2778 357 2851 tractaturus,
375 2774 519 2851 quoniam
531 2777 705 2851 praesentia
719 2774 890 2835 discrimina
903 2774 1179 2849 videbantnrpcon·

158 2866 260 2923 cilium
283 2884 343 2924 non
365 2866 443 2941 leve,
468 2867 505 2924 ut
526 2866 559 2924 in
582 2865 698 2926 levibus
723 2864 821 2924 causis
843 2864 910 2923 fieri
932 2864 1021 2938 solet,
1050 2862 1101 2923 sed
1124 2882 1179 2939 pro

157 2954 272 3032 negotii
286 2955 430 3030 qualitate
444 2974 588 3033 magnum
596 2954 724 3015 Latinus
739 2954 912 3013 contrahere
922 2953 1051 3032 gestiens
1066 2953 1180 3030 primos

112 3060 139 3100 eo
159 3064 277 3121 quoque
300 3062 360 3102 non
378 3044 489 3104 honore
508 3045 606 3105 solnm
624 3043 676 3104 sed
696 3044 822 3103 consilio
842 3044 934 3102 etiam
951 3045 982 3102 et
1000 3042 1180 3103 auctoritate

230 3252 411 3305 taideoatecr
423 3248 457 3303 V.
531 3255 598 3303 'lat
613 3264 665 3317 pro
684 3255 735 3303 aut
747 3247 782 3304 V.
852 3248 1031 3318 8peteodcm
1047 3246 1180 3318 Vpeteer-¹

157 3323 224 3376 dum
247 3322 290 3375 ed.
364 3326 398 3375 10
416 3337 503 3376 cocao
516 3319 543 3374 V
557 3320 599 3374 ed.
619 3336 721 3375 oaeaos
738 3336 789 3374 nos
806 3322 947 3391 (revocare
965 3336 1015 3389 pro
1034 3320 1179 3375 remittere

156 3396 190 3446 nt
210 3397 251 3458 10,
266 3394 337 3461 492).
399 3398 432 3446 16
450 3390 672 3447 considerabitV
687 3408 755 3446 corr.
771 3391 814 3445 ed.
874 3397 907 3446 21
922 3407 976 3459 pro
994 3390 1178 3446 tactisVed.

153 3481 206 3533 per
224 3471 316 3519 tantos
333 3479 392 3517 noe.
466 3468 499 3516 22
517 3464 640 3533 repentia
653 3462 681 3517 V
699 3479 753 3517 om.
772 3462 817 3517 ed.
843 3462 846 3535 l
874 3469 1009 3531 quamam
1021 3461 1048 3516 V
1065 3463 1180 3530 fueruat

157 3552 208 3588 nos
228 3536 403 3601 cf.8‚10.oo
422 3541 501 3589 eram
519 3535 562 3589 ed.
618 3538 652 3587 23
670 3536 703 3588 ia
721 3531 894 3590 adroed.
914 3535 946 3587 in
964 3540 1028 3587 aeta
1047 3535 1186 3600 edpoet.

156 3609 279 3661 intaetus
296 3622 355 3660 nos.
407 3609 453 3664 126
472 3606 617 3661 eonsilium
635 3606 680 3660 ed.
744 3611 777 3660 2⁷
798 3598 1198 3676 quactum-cedmaecen‘t

157 3677 447 3746 paam-oiderentur
464 3676 507 3732 ed.
583 3682 619 3734 30
638 3696 746 3752 qaoque
758 3678 786 3736 V
804 3678 854 3736 ed.
873 3680 1022 3750 coaequet
