2725 4150
183 308 225 373 88
465 304 607 360 DONATI
624 305 793 360 INTERPR.
809 303 919 363 VERG.

180 477 214 531 ui
230 473 332 548 pelopi
353 490 442 546 rupes
464 491 571 548 magno
593 475 724 533 cenante
750 476 882 549 fragore,
911 490 986 546 qaae
1013 489 1075 533 scsc
1101 473 1207 533 multis

181 563 291 621 circum
313 563 490 622 latrantibus
512 562 602 621 acolis
623 563 698 622 mole
720 567 795 622 tenet
816 563 941 637 scopuli,
964 563 1160 636 nequicquam
1179 567 1206 623 ci

118 664 303 725 oeospwmec
335 653 547 712 circumsona
577 653 709 725 fremant
740 652 879 724 laterique
909 651 1002 712 inlisa
1031 651 1206 725 refunditur

181 741 266 816 alga:
302 740 487 800 admirabilis
524 742 713 817 conparati03
748 740 876 800 Latinus
907 740 988 800 enim
1020 742 1206 816 conparatur

180 830 262 907 rupi,
289 849 376 890 voces
408 829 514 906 populi
544 830 684 889 fluctibus
713 832 744 888 et
770 829 1014 908 tempestatibus,
1041 848 1204 891 consensus
1236 845 1249 887 s

180 938 288 979 vocum
310 922 341 978 et
363 920 475 979 clamor
498 919 632 979 omnium
654 920 741 997 algae
764 919 883 980 ictibus.
920 919 987 994 ille,
1009 918 1124 996 inquit,
1146 920 1205 980 hoo

181 1012 227 1069 est
249 1009 390 1084 Latinus,
417 1010 453 1066 ut
479 1007 582 1086 pelagi
608 1027 712 1084 rupes,
739 1008 854 1068 scilicet
876 1027 982 1068 saxum
1004 1007 1111 1087 ingens
1134 1026 1204 1069 con·

180 1099 323 1158 stitutum
341 1098 374 1156 in
392 1097 512 1175 pelago,
532 1098 680 1157 inmotum
698 1098 825 1173 resistit,
844 1117 911 1158 cum
928 1116 1038 1175 magno
1057 1098 1204 1158 fluctuum

180 1186 348 1263 percutitur
365 1186 499 1262 verbere,
522 1188 600 1246 mole
618 1189 702 1246 tenet
720 1187 850 1263 scopuli,
868 1186 1010 1247 inmobile
1028 1186 1065 1246 fit
1085 1188 1204 1266 magui·

180 1275 284 1334 tudine
307 1293 362 1334 sua
385 1278 416 1335 et
437 1275 551 1335 frustra
572 1276 723 1336 undarum
746 1275 925 1336 clamoribus
944 1277 1083 1353 urgetur,
1106 1277 1204 1337 latera
1222 1291 1249 1332 ro

180 1368 282 1424 autem
312 1367 375 1424 eius
402 1365 550 1424 inefficaci
572 1365 778 1425 verberatione
806 1366 968 1442 pulsantur
990 1368 1021 1425 et
1043 1365 1109 1425 sola
1132 1366 1203 1444 alga

179 1473 240 1513 non
273 1453 452 1531 quatiuntur
482 1453 607 1529 ictibus,
640 1453 692 1514 sed
721 1454 845 1530 perfusa
875 1457 1052 1532 tanguntur.
1097 1455 1143 1515 ita
1173 1457 1203 1515 et

180 1544 324 1604 clamores
342 1543 429 1622 vulgi
450 1562 561 1621 magno
579 1543 701 1620 quidem
723 1561 796 1603 sono
814 1544 975 1604 veniebant
993 1542 1033 1602 ad
1050 1542 1203 1620 Latinum,

180 1632 232 1692 sod
254 1633 398 1694 virtutem
422 1632 626 1692 commovendi
648 1652 709 1693 non
731 1633 895 1708 habebant,
924 1633 1039 1694 scilicet
1060 1635 1096 1692 ut
1123 1633 1203 1713 alga,

181 1742 258 1799 quae
285 1723 404 1782 nullum
434 1721 525 1781 habet
554 1720 703 1798 impetum
731 1721 859 1781 feriendi
887 1740 955 1796 neo,
987 1741 1054 1781 cum
1084 1723 1204 1800 corpori
1222 1735 1248 1777 rs

180 1813 323 1888 cuiquam
353 1810 446 1870 fuerit
474 1811 579 1886 inlisa,
609 1811 747 1871 sentitur.
787 1828 889 1871 annm
918 1812 971 1870 nbi
999 1811 1086 1870 calla
1113 1812 1204 1871 datur

180 1918 297 1959 caecam
329 1917 489 1972 exuperare
515 1904 646 1973 poteslas
677 1901 846 1960 consilinm:
881 1899 936 1959 ubi
967 1899 1045 1960 vidit
1075 1901 1203 1963 Latinus

179 2007 301 2048 caecum
323 1988 528 2048 multitudinis
551 1989 684 2049 furorem
711 1988 836 2049 consilio
864 1990 1000 2066 superari
1021 2008 1082 2048 non
1105 2008 1203 2066 posse,

180 2083 206 2137 ei
234 2095 341 2138 scevae
369 2083 444 2138 calc
475 2080 602 2138 laconis
634 2084 703 2138 enni
729 2097 791 2138 res:
827 2082 858 2139 et
886 2098 933 2140 res
963 2098 1017 2155 pro
1045 2080 1203 2140 voluntate

180 2167 341 2228 saevientis
363 2168 487 2228 Iunonis
509 2187 570 2227 non
589 2187 662 2228 sano
686 2171 818 2228 tractatu
842 2168 997 2243 currentis,
1019 2170 1113 2228 malta
1134 2170 1204 2229 deos
1222 2182 1249 2223 aa

180 2274 328 2330 carusque
347 2262 434 2330 paler
456 2262 577 2317 testatas
599 2258 716 2317 inanis:
742 2258 847 2318 multis
875 2257 974 2318 verbis
1001 2260 1132 2319 testatus
1156 2261 1204 2319 est

180 2347 250 2407 deos
278 2349 309 2406 et
336 2348 418 2424 ipsas
450 2348 527 2406 aeris
558 2366 662 2423 auras3
694 2366 782 2423 quem
812 2346 892 2405 enim
922 2346 1016 2406 alium
1047 2346 1204 2408 adhiberet

179 2435 345 2496 voluntatis
374 2455 445 2495 suae
473 2439 581 2495 testem
609 2435 747 2496 omnibus
776 2435 829 2513 qui
857 2435 983 2495 aderant
1009 2435 1110 2496 furore
1139 2456 1203 2497 aor-

178 2524 297 2602 ruptis?
344 2527 514 2601 frangimur
535 2526 694 2599 heufalis,
722 2525 830 2597 inquit,
858 2526 1039 2598 ferimnrque
1058 2526 1204 2597 procella:

179 2616 259 2674 inter
277 2617 324 2674 tot
341 2614 462 2673 insanos
481 2615 563 2673 solus
582 2613 708 2674 Latinus
727 2614 846 2691 integro
865 2613 989 2673 consilio
1009 2614 1080 2690 fuit3
1104 2615 1204 2674 solum
1222 2627 1257 2676 rs.

180 2704 259 2762 enim
282 2722 342 2762 non
365 2706 602 2763 commutaverat
625 2702 701 2762 Iuno
724 2704 773 2762 vel
795 2702 896 2761 Furia.
933 2706 964 2762 et
987 2721 1054 2762 cum
1076 2705 1203 2780 populo·

179 2813 246 2851 rum
274 2792 408 2853 saeviens
437 2812 544 2871 agmen
572 2793 653 2853 solus
682 2810 822 2869 superare
851 2791 1002 2867 nequiret,
1034 2793 1203 2853 voluntatis

180 2900 252 2940 suae
275 2880 345 2941 deos
368 2900 431 2941 esse
449 2882 547 2942 voluit
564 2884 656 2942 testes
675 2884 766 2959 atque
785 2899 887 2955 auras,
911 2900 1041 2941 vacuum
1059 2900 1090 2941 se
1110 2882 1148 2942 ab
1167 2902 1202 2943 eo

180 2970 261 3047 quod
282 2970 441 3047 gerebatur
459 2972 567 3030 scelere
587 2972 710 3047 cupiens
729 2970 941 3031 demonstrare.
975 2971 1084 3047 Itaque
1102 2972 1204 3048 erupit

179 3061 212 3118 in
230 3078 331 3120 vocem
351 3059 533 3119 istiusmodi:
557 3060 727 3139 frangimur
744 3060 803 3118 heu
821 3060 908 3135 fatis,
931 3060 1045 3136 inquit,
1064 3060 1202 3120 ferimur·
1222 3073 1249 3114 80

181 3168 238 3226 que
261 3149 401 3226 procella.
435 3149 606 3227 frangimur
628 3153 658 3209 et
676 3150 821 3225 procella,
844 3149 956 3225 inquit,
980 3150 1117 3209 ferimur:
1134 3170 1202 3227 per·

180 3257 320 3299 severans
337 3239 370 3297 in
389 3256 424 3297 eo
442 3242 532 3314 poeta
551 3238 632 3314 quod
649 3238 681 3296 in
702 3238 807 3298 Latini
827 3238 1041 3314 conparatione
1063 3240 1201 3315 superius

252 3378 268 3426 9
284 3379 424 3442 percutere
437 3372 464 3425 V
476 3374 634 3441 percutitur
647 3372 691 3426 ed.
748 3378 781 3425 12
801 3374 925 3442 quatitur
938 3372 964 3425 V
978 3374 1144 3442 quatiuntur
1157 3374 1218 3446 ed„

182 3450 215 3498 16
229 3446 358 3513 eumcum
373 3461 426 3499 om.
437 3445 480 3498 ed.
529 3450 560 3498 17
576 3445 691 3500 coasilio
704 3444 846 3497 Donatum
860 3444 963 3513 legisse
978 3461 1053 3512 susp.
1064 3442 1201 3514 Hoppius.

183 3521 216 3569 18
234 3532 364 3584 superare
377 3516 404 3568 V
422 3533 491 3571 corr.
509 3517 553 3569 cd.
622 3521 656 3569 20
674 3517 811 3571 currentis
823 3515 850 3568 V
869 3522 923 3569 -tcs
941 3515 985 3569 ed.
1055 3520 1087 3568 21
1107 3518 1202 3571 mullis

168 3587 263 3637 verbm
281 3586 412 3641 Vmulta
430 3605 453 3643 c.
475 3587 518 3642 cd,
582 3592 615 3641 24
631 3587 756 3657 prebella
769 3586 804 3640 V.
866 3591 899 3639 29
918 3585 1034 3655 rnpitV
1048 3586 1091 3640 ed.
1112 3589 1203 3657 erupit

150 3665 210 3701 nos
229 3653 267 3705 cf.
289 3663 394 3712 11120.
468 3666 505 3716 30
523 3661 617 3733 inquit
637 3677 692 3717 om.
708 3659 754 3715 ed.
823 3662 858 3712 ti
875 3664 956 3728 poeta
974 3656 1081 3726 quoii
1098 3658 1144 3710 ml.
1158 3660 1203 3712 ‘m-

138 3730 254 3773 rersum
276 3726 384 3783 malim
402 3737 532 3806 propter
551 3737 670 3809 imperii
688 3736 746 3793 sui·
