2725 4150
195 330 260 396 408
482 326 623 382 ΒΟΝΑΤΙ
640 324 811 381 INTERPR.
825 324 934 380 VERG.

196 495 277 556 tibus
305 516 365 557 non
393 495 497 556 dubito
528 514 615 572 posse
643 495 789 572 conpler13
819 494 907 571 quale
939 493 1018 554 enim
1048 492 1133 554 dedit
1162 492 1218 555 iste

194 584 317 645 initium
335 585 520 646 successibus
538 585 612 644 meis
631 585 724 645 talem
742 583 860 660 reliqua
883 583 1049 644 sortientur
1071 583 1218 644 effectum

196 674 347 752 primitiae
371 672 491 753 proprie
513 673 656 734 dicuntur
678 691 756 750 quae
781 673 949 733 offeruntur
971 669 1030 732 diis
1053 671 1089 732 de
1113 671 1218 732 fructi

195 764 252 825 bns
274 762 361 826 novis
384 766 439 823 aut
461 761 572 824 fetibus
596 783 729 842 gregum.
775 762 811 821 de
834 780 905 841 rege
928 761 1070 839 superbo:
1094 762 1152 837 sic,
1175 762 1219 821 in·

196 852 276 930 quit,
307 855 461 913 merentur
491 851 588 912 occidi
618 854 672 929 qni
700 853 734 912 in
762 853 848 930 regni
878 853 1027 929 potestate
1062 849 1255 911 constitutit

196 941 371 1021 opprimunt
406 942 508 1019 potius
546 960 637 1018 quam
673 941 833 1002 sublevant
870 959 949 1001 suos.
1003 936 1077 1017 quid
1114 939 1152 999 de
1188 957 1219 1001 se

196 1030 344 1108 spondeat
370 1031 487 1091 Aeneas
510 1032 676 1091 coniectare
700 1032 788 1090 facit:
818 1029 949 1090 alienum
972 1032 1018 1090 est
1032 1073 1219 1089 .........

196 1121 247 1179 oui
270 1120 370 1179 aliena
392 1121 474 1179 mula
496 1123 561 1180 tsm
583 1121 719 1200 graviter
746 1119 954 1196 displicebant.
999 1135 1080 1178 emec
1101 1119 1158 1179 tter
1180 1118 1220 1178 ad

195 1225 291 1283 repem
314 1209 399 1269 nobie
420 1226 577 1283 mersosque
594 1209 737 1269 Latinos:
760 1226 847 1269 orma
860 1211 969 1282 parate
992 1207 1102 1268 animis
1125 1211 1153 1267 et
1169 1223 1220 1282 cpe

192 1299 375 1372 praemonito
407 1299 529 1359 bethem:
565 1297 650 1358 dixit·
677 1300 764 1376 gesta
800 1300 832 1357 et
863 1296 980 1374 agenda
1015 1296 1221 1374 praenuntiat.
1236 1309 1257 1350 tt

196 1405 289 1462 nune,
316 1386 431 1464 inquit,
404 1388 547 1448 tnobis
576 1387 615 1448 ad
637 1406 739 1465 regem
766 1386 957 1489 dirigendum
980 1389 1025 1447 est
1011 1386 1106 1446 titer
1128 1388 1160 1446 et
1182 1385 1221 1446 ad

196 1476 295 1553 ipsam
322 1477 477 1537 civitatem
508 1495 586 1553 quae
613 1476 766 1555 refugium
794 1476 875 1536 est
867 1474 1002 1550 mimico,
1030 1475 1096 1535 sola
1119 1493 1220 1553 snper·

197 1567 258 1640 est,
287 1568 323 1625 ut
352 1565 528 1626 conficiatur
554 1566 645 1643 plens
671 1566 808 1626 victoria.
855 1583 940 1625 erma
966 1562 1065 1625 sint
1054 1584 1088 1624 ιι
1112 1562 1220 1625 animis

197 1656 307 1715 vestris
331 1673 473 1731 armaque
496 1657 678 1715 tractentur.
707 1657 826 1731 sperate
853 1653 1020 1732 gerundum
1046 1653 1133 1714 nobis
1157 1671 1221 1714 esse

199 1746 349 1804 certamen
379 1747 410 1805 et
439 1763 523 1821 spem
551 1746 692 1821 paratam
721 1762 784 1804 esse
814 1742 960 1803 vincendi.
1007 1742 1114 1803 edictis
1142 1760 1221 1820 qnae
1237 1756 1258 1800 ιι

200 1832 367 1894 necessario
397 1834 517 1894 fuerant
544 1832 723 1911 proferenda
751 1832 851 1892 reddit
881 1835 1030 1893 rationem
1062 1831 1222 1893 ostendens

203 1922 276 2000 quid
302 1923 396 1983 fuerit
421 1941 528 1983 causae
554 1925 590 1982 ut
616 1924 676 1984 ista
703 1921 895 2000 praediceret.
946 1939 983 1981 ne
1009 1937 1082 1994 quc,
1112 1920 1223 1998 inquit,

141 2021 176 2072 ιο
201 2029 286 2072 moa
307 2014 440 2089 tynaros,
471 2013 524 2072 obt
545 2013 678 2088 primm
704 2011 808 2072 vellere
830 2012 917 2087 cipue
940 2009 1100 2070 adnuerint
1121 2011 1223 2085 superi

189 2104 355 2177 pubemque
377 2102 496 2162 educere
519 2103 637 2172 cestris,
656 2102 789 2176 inpediat
806 2101 958 2176 sepntsqoe
975 2104 1054 2160 mdc
1075 2100 1223 2161 sententia

193 2190 303 2251 tardet:
325 2191 395 2267 hoe,
417 2192 534 2268 inquit,
557 2194 716 2269 propterea
740 2193 809 2250 ante
832 2192 951 2266 tempus
976 2187 1051 2264 dixi,
1074 2207 1113 2249 ne
1136 2207 1222 2250 meae
1238 2204 1260 2246 so

194 2280 401 2358 dispositionis
429 2282 552 2360 ignaros
579 2280 682 2340 turbet
709 2281 866 2357 repentina
894 2278 1055 2339 commotio
1079 2280 1111 2338 et
1133 2296 1222 2355 opor·

194 2372 271 2430 tuna
294 2368 425 2430 faciendi
452 2371 637 2430 celeritatem
660 2387 745 2429 mora
769 2369 873 2446 aliqua
897 2367 932 2427 de
955 2367 1063 2428 timore
1087 2385 1221 2427 eorrum-

194 2461 249 2536 pat
276 2478 331 2518 nec
358 2462 432 2518 tunc
458 2457 584 2519 consilia
612 2458 770 2535 capiantur
798 2476 867 2517 cum
889 2474 995 2517 manus
1022 2457 1222 2533 requiruntur

194 2551 226 2606 et
247 2548 338 2608 facta.
383 2549 496 2608 interea
522 2548 615 2607 socios
636 2548 847 2620 inhonoraque
870 2563 994 2622 corpora
1016 2550 1112 2606 terrae
1134 2563 1222 2607 moes·

194 2636 309 2706 demus,
340 2637 390 2710 poi
420 2636 501 2696 cotue
529 2636 620 2695 bonos
649 2633 811 2695 Acheronte
840 2636 895 2696 sub
924 2636 982 2695 imo
1011 2638 1067 2695 est:
1094 2633 1221 2711 interes,
1237 2646 1261 2691 rs

193 2723 307 2801 inquit,
337 2726 395 2784 hoc
423 2727 470 2785 est
499 2724 570 2785 dum
600 2724 722 2784 interim
751 2726 840 2785 vacui
867 2744 886 2785 a
914 2725 1076 2785 certamine
1106 2741 1220 2800 sumus,

194 2816 312 2874 nostros
341 2813 437 2875 socios
466 2814 639 2891 sepulturae
665 2813 857 2890 mandemus3
884 2814 962 2874 hano
990 2815 1069 2873 enim
1092 2813 1220 2875 mortuis

195 2903 391 2982 praeeipuam
408 2902 667 2963 honorificentiam
685 2904 860 2980 superstites
879 2902 1001 2978 debent,
1020 2902 1077 2963 hoc
1095 2904 1221 2983 exigunt

194 3010 308 3052 manes.
348 2992 381 3051 in
403 2993 578 3053 huiusmodi
600 2993 723 3053 incertis
747 2993 823 3053 solet
841 2995 932 3070 poeta
951 3010 1011 3051 non
1029 2993 1219 3070 interponere

196 3082 412 3142 auctoritatem
439 3101 538 3158 suam,
566 3081 619 3142 sed
647 3080 744 3141 dicere
772 3082 855 3141 fama
882 3083 1005 3141 estant
1032 3082 1139 3142 dieunt
1167 3084 1221 3142 aut
1236 3094 1261 3137 eo

267 3287 453 3372 'lepoedcbat
470 3286 496 3340 V
515 3287 558 3342 ed.
588 3286 593 3359 t
621 3288 688 3354 feeit
710 3286 754 3341 ed.
784 3286 788 3358 Ι
807 3288 884 3370 'post
901 3288 1023 3342 alienum
1041 3293 1082 3343 est
1099 3286 1219 3342 lacunae

195 3358 307 3443 signum
341 3359 424 3429 posui
456 3376 520 3414 eum
552 3358 641 3426 edF1‚
674 3375 759 3427 quam
791 3358 832 3411 sie
864 3358 989 3427 expleas:
1026 3358 1099 3414 iliud
1125 3359 1162 3415 ab
1189 3374 1219 3414 eo

195 3430 382 3497 „iniustum
374 3431 524 3499 imperium
542 3429 579 3483 ab
599 3435 654 3485 eo“
673 3430 733 3484 inte
769 3428 803 3483 ol.
819 3429 863 3485 ed
877 3431 950 3498 post
1015 3435 1049 3483 12
1067 3431 1156 3486 sotum
1174 3429 1217 3485 ed.

197 3508 230 3556 15
249 3501 528 3559 edectesVetdcctee
545 3501 589 3556 ed
650 3507 737 3556 tone
794 3500 954 3556 neooeed
1010 3498 1219 3557 tlinemV

190 3590 262 3629 corr
284 3574 328 3630 ed.
356 3573 362 3649 t
391 3575 526 3631 turbasset
548 3572 592 3629 ed.
620 3573 624 3644 t
653 3578 752 3657 opport
687 3578 838 3642 portum
860 3572 904 3626 ed.
977 3577 1011 3625 ιι
1030 3572 1064 3627 dc
1122 3589 1157 3629 ec
1174 3571 1217 3627 ed.

177 3651 216 3699 23
236 3666 344 3707 ecanae
360 3646 386 3704 V
403 3649 477 3709 vires
495 3645 540 3706 ed
603 3650 638 3704 tt
656 3644 768 3702 tractim
784 3659 839 3699 ιιι
853 3643 898 3697 ed
922 3642 1043 3713 toucue
1057 3642 1083 3696 V
1100 3645 1184 3701 caeci
1199 3659 1218 3698 c

164 3734 225 3773 nos
248 3725 341 3781 cacuc‘
356 3724 405 3782 ed.
