2725 4150
194 325 214 391 8
249 386 251 389 Ι
479 321 619 376 DONATI
636 320 806 376 INTERPR.
821 321 929 376 VERG.

192 493 259 551 ecto
288 492 424 554 scaete
453 496 538 565 atoue
564 493 669 566 fugam
698 491 777 549 dedit
804 495 831 549 et
852 495 971 562 praeter
998 491 1077 550 eade
1099 491 1216 563 feretrio

192 581 283 640 verit:
325 601 363 639 ne
391 582 526 641 conversi
552 581 584 639 in
611 582 747 640 monstra
773 578 939 638 bestiarum
960 583 1150 639 mutarentur
1171 579 1215 638 in-

194 670 303 730 formia
329 670 374 748 pii
401 671 534 730 Troiani.
579 688 646 729 ecce
673 668 750 728 dixit
773 669 866 728 Troas
889 669 1072 745 perindeque
1096 687 1217 728 causam

194 779 254 835 qua
278 759 315 819 ab
338 760 386 819 his
408 760 496 820 malis
520 759 642 818 liberari
664 759 850 816 mernerunt:
878 759 923 833 pii
950 758 1085 833 fuerunt,
1107 759 1217 834 inquit,

193 867 248 908 neo
271 848 440 909 debuerunt
464 848 527 907 illis
555 848 680 924 aequari
703 847 756 923 qni
778 864 832 923 pro
856 847 978 906 nefariis
1002 848 1118 907 actibus
1141 847 1217 907 eius·
1250 864 1262 904 s

194 938 276 997 modi
299 939 448 1015 supplicia
470 937 668 1014 perferebant
714 937 769 995 hos
796 936 900 1014 tetigit
927 955 1001 1012 quos
1031 955 1124 1014 supra
1152 957 1217 995 mu·

194 1030 276 1087 tates
308 1028 397 1102 dixit,
430 1027 466 1085 de
499 1025 608 1103 quibus
640 1024 800 1085 Diomedes
833 1025 923 1084 etiam
956 1026 1074 1085 loeutus
1106 1029 1152 1085 est
1186 1027 1218 1084 in

193 1116 351 1176 undecimo
383 1115 460 1174 libro
493 1107 589 1196 (271)
622 1116 677 1174 sio:
724 1133 826 1190 „nuno
858 1116 950 1174 etiam
981 1115 1119 1175 horribili
1150 1115 1219 1175 visu

194 1207 334 1281 portenta
376 1206 545 1280 sequuntur
580 1206 611 1263 et
647 1203 721 1263 socii
760 1203 864 1264 amissi
902 1205 1056 1279 petienmt
1097 1205 1219 1264 aethera

195 1294 294 1371 pinnis
328 1292 560 1371 fluminibusque
591 1295 743 1372 vagantur
775 1311 845 1352 aves
881 1286 953 1372 (heu
986 1293 1051 1353 dira
1083 1313 1218 1353 meorum
1239 1312 1264 1348 10

194 1377 371 1462 supplicial)
394 1386 425 1443 et
447 1383 586 1459 scopulos
608 1384 775 1443 lacrimosis
798 1381 920 1442 vocibus
943 1380 1086 1459 inplent.“
1126 1401 1218 1458 quan·

194 1477 227 1532 ta
250 1492 321 1551 ergo
342 1473 541 1533 Troianorum
565 1473 695 1533 felicitas
718 1472 792 1546 fuit,
815 1473 862 1545 ut,
886 1473 958 1547 quia
982 1491 1073 1531 aurae
1096 1473 1220 1548 inpulsu

195 1563 306 1623 leviore
335 1562 534 1641 navigabant,
563 1561 728 1638 repentinis
751 1565 911 1621 ventorum
933 1560 1055 1620 flatibus
1077 1561 1218 1637 Neptuno

195 1654 320 1712 iuvante
343 1671 396 1728 per
417 1654 485 1711 loca
508 1652 633 1712 adversa
656 1653 803 1726 oportune
826 1651 1018 1709 transissent!

142 1755 176 1803 25
266 1742 392 1814 Iamque
422 1742 591 1800 rubescebat
623 1740 720 1799 radiis
755 1757 838 1798 mere
875 1743 901 1798 et
937 1740 1049 1798 aethere
1086 1741 1123 1799 ab
1161 1740 1219 1798 otto
1240 1756 1264 1795 rs

194 1829 317 1888 Aurora
350 1831 383 1888 r‘re
417 1831 509 1889 roseis
537 1830 668 1904 fulgebat
697 1829 776 1888 lutea
805 1829 895 1903 bigis:
944 1829 1080 1905 auspicia
1112 1828 1219 1888 descri-

195 1920 306 1977 buntur
338 1919 446 1994 quibus
479 1920 518 1978 ad
548 1919 673 1978 Italiam
703 1919 823 1978 veniens
853 1918 968 1977 Aeneas
997 1920 1137 1995 exceptus
1165 1920 1219 1991 est,

195 2007 362 2086 apparebat
390 2010 466 2085 iam,
493 2009 605 2086 inquit,
632 2010 702 2086 post
729 2007 826 2067 noctis
855 2007 978 2067 decursa
1001 2008 1102 2085 spatia
1123 2025 1218 2066 novae

195 2100 271 2158 lucis
299 2100 432 2173 exortus,
460 2099 577 2158 caelum
603 2098 726 2157 remotis
754 2097 885 2157 nubibus
913 2118 1034 2174 purum,
1057 2101 1089 2156 et
1112 2116 1220 2157 aurora

194 2187 312 2266 fulgens
340 2187 537 2265 praecedebat
564 2187 713 2264 splendidi
741 2187 812 2246 solis
842 2205 1001 2264 egressum.
1048 2205 1114 2245 crem
1143 2188 1221 2244 cerete'
1240 2203 1265 2240 ro

190 2294 316 2351 posuere
343 2278 493 2350 omnisque
519 2280 634 2350 reperte
660 2276 768 2334 resedit
792 2278 882 2347 flatus
906 2280 933 2334 et
953 2277 986 2334 tn
1010 2276 1084 2334 tereto
1109 2276 1220 2334 lactore-

195 2370 244 2425 tar
267 2384 414 2425 marmore
439 2371 554 2425 tonsae·
591 2366 679 2442 quasi
707 2366 817 2423 scirent
843 2365 905 2422 iam
934 2384 964 2423 se
993 2384 1052 2423 non
1080 2383 1143 2424 esse
1171 2384 1220 2422 ne-

196 2455 354 2531 cessari0S‚
391 2455 521 2514 officiose
560 2455 758 2513 discesserant
793 2455 890 2528 venti,
926 2473 1009 2512 mare
1045 2455 1146 2529 ipsum
1179 2455 1221 2513 sic

195 2545 353 2622 repentina
375 2544 533 2621 placiditas
557 2545 721 2616 straverat,
749 2545 784 2601 ut
805 2545 940 2619 spatium
963 2543 1043 2618 quod
1067 2547 1221 2619 supererat

195 2634 369 2694 remissione
392 2634 547 2693 molestiae
569 2634 742 2692 luctaminis
766 2634 868 2708 posset
890 2632 1016 2691 excludi.
1063 2636 1148 2705 atque
1175 2634 1221 2689 bie
1241 2647 1266 2686 ss

143 2723 313 2784 eodemus
340 2725 483 2797 tegentem
506 2740 540 2780 er
563 2739 688 2794 aequore
716 2722 814 2780 lacum
837 2723 993 2795 prospicit:
1029 2722 1129 2781 facilis
1158 2740 1221 2780 esse

195 2812 295 2888 potuit
313 2812 374 2870 luci
393 2813 566 2888 apparentis
584 2812 730 2888 inspectio
750 2830 786 2870 ex
804 2811 970 2887 tranquillo
988 2811 1098 2889 pelagi,
1117 2830 1220 2870 sereno

196 2901 272 2961 caeli
295 2902 326 2958 et
348 2901 410 2959 sole
433 2902 582 2979 surgente.
624 2902 702 2959 banc
720 2901 796 2958 inter
814 2902 904 2971 slacio
924 2901 1082 2959 Tiberinus
1101 2918 1220 2960 crecere

195 2991 351 3049 verticibus
379 2990 496 3063 rapidis
527 2994 552 3049 et
580 2991 674 3049 multo
704 2992 803 3061 flocus
832 2990 945 3049 borenc
978 2992 1011 3048 ire
1041 3008 1124 3047 ruore
1151 3007 1221 3061 pro-

195 3081 321 3153 rumpit:
358 3079 518 3154 descriptio
546 3080 607 3137 luci
635 3082 665 3138 et
692 3079 837 3137 flmninis:
873 3080 952 3137 inter
979 3078 1148 3151 frondosas
1176 3080 1221 3136 in·
1241 3094 1267 3131 eo

198 3170 278 3244 quit,
309 3168 428 3228 arbores
457 3169 610 3227 ferebatur
639 3168 801 3226 ve1ticibus
830 3168 944 3244 rapidis
975 3185 1099 3226 amoeno
1130 3167 1221 3227 fluvio

198 3259 355 3317 Tiberinus
378 3260 422 3332 et,
445 3258 516 3317 licet
537 3258 624 3316 illum
647 3260 737 3332 rapta
759 3257 902 3316 velocitas
926 3257 1073 3329 volveret,
1096 3276 1220 3333 appare-

270 3435 284 3482 l
303 3434 447 3497 praeterea
465 3428 539 3483 coda
552 3427 585 3480 V.
654 3433 669 3479 2
690 3426 864 3492 informasV
883 3425 1017 3491 tetormta
1035 3441 1085 3477 nos
1105 3441 1157 3478 om.
1178 3426 1221 3479 ed.

198 3508 213 3554 3
232 3502 343 3555 rosacei
355 3498 381 3551 V
399 3501 515 3554 Troiani
534 3500 577 3552 ed.
599 3509 601 3556 ἶ
622 3496 768 3565 formasV
787 3497 830 3550 ed.
849 3499 935 3553 Troas
953 3511 1012 3548 nos.
1072 3503 1089 3549 4
1109 3498 1223 3552 liberare

193 3571 220 3618 V
233 3588 304 3622 corr.
327 3571 370 3623 ed.
435 3569 660 3627 odebuerarttV
680 3586 749 3622 corr.
770 3569 813 3621 ed.
870 3574 903 3622 10
919 3568 1018 3635 pinnis
1032 3566 1057 3619 V
1073 3569 1159 3635 prone·
1178 3569 1221 3621 ed.

171 3643 209 3686 11
236 3642 369 3707 regentes
397 3642 425 3698 V.
511 3650 546 3699 22
576 3650 675 3700 tunsae
699 3640 733 3696 V.
806 3646 842 3695 ‘lt
868 3640 986 3706 ossueiose
1008 3637 1034 3690 V
1062 3640 1153 3705 officio
1179 3641 1221 3693 ed.

155 3707 196 3754 26
214 3710 337 3765 moleste
359 3715 405 3769 ed.
466 3723 502 3773 28
522 3720 598 3775 caeli
618 3734 674 3773 om.
691 3716 739 3772 ed.
789 3720 826 3768 ‘tl
839 3708 1010 3768 raotctbasl
1028 3710 1175 3763 uerticibus
1188 3711 1235 3760 ed.
