2725 4150
175 323 239 388 184
457 319 599 375 DONATI
615 320 784 375 INTERPR.
799 318 909 376 VERG.

172 506 280 547 norum
303 489 409 548 castris
432 489 522 567 longe
545 488 687 564 discreta,
708 488 925 566 „turbantique
943 488 1026 567 viros
1042 490 1197 567 perfertur

172 577 296 637 nuntius
328 579 446 638 hostem
476 578 591 638 fervere
623 577 712 637 caede
745 596 822 638 nova
853 580 883 638 et
915 581 1018 655 portas
1049 578 1196 657 praebere

172 666 332 745 patentis“.
377 686 437 727 non
461 669 541 726 enim
563 668 735 726 mitteretur
757 669 881 727 nuntius
904 667 964 728 nisi
986 668 1025 728 ad
1048 687 1117 728 eum
1142 669 1197 746 qui

171 758 292 835 longius
316 759 419 834 egeret
442 759 472 814 et
490 775 558 816 cum
575 757 639 816 suis
658 756 734 816 talia
752 758 817 835 geri
835 759 970 817 nesciret.
1008 759 1038 817 et
1056 758 1089 816 iu
1106 777 1195 836 prae·

172 847 251 905 senti
273 846 382 923 probat
409 849 499 921 poeta
526 845 591 922 ipse
614 845 688 922 quid
715 845 756 906 sit
779 845 897 906 diversa
923 849 1023 923 parte,
1052 866 1122 905 nam
1151 847 1196 907 sic
1229 862 1242 904 a

171 935 291 994 induxit
319 934 392 993 Irim
422 935 609 1011 loquentem,
640 938 677 994 ut
705 936 773 1011 ipsa
803 938 933 1013 exponat
963 935 1038 1012 quid
1067 935 1107 996 sit
1136 936 1196 997 hoc

171 1025 285 1099 ipsum,
315 1026 350 1081 ut
377 1025 473 1082 omnis
503 1023 717 1102 ambiguitates
746 1025 894 1084 excludat.
945 1025 1024 1084 Irim
1050 1025 1086 1084 de
1113 1026 1196 1085 caclo

170 1114 251 1171 misit
271 1111 417 1170 Saturnio
438 1112 518 1171 Iunc
541 1113 685 1172 audacem
708 1114 748 1172 od
772 1115 924 1186 Turnum·
947 1114 1010 1174 bico
1034 1117 1096 1173 tum
1117 1115 1197 1188 forte

166 1202 303 1274 parentis
325 1201 459 1260 Pilumni
482 1203 603 1261 Turnus
626 1207 747 1262 somata
768 1203 845 1262 colle
867 1204 998 1263 sedebat:
1030 1220 1096 1263 ecce
1125 1221 1198 1263 cum

171 1309 207 1348 ea
230 1308 307 1365 quae
331 1289 459 1351 diximus
482 1290 599 1351 Aeneas
623 1295 752 1370 gereret,
777 1311 846 1352 cum
868 1293 1033 1352 cautiorem
1055 1292 1196 1352 Turnum
1218 1309 1245 1350 ro

170 1379 268 1439 facere
300 1379 451 1440 debuisset
481 1380 596 1440 inimici
626 1380 766 1441 vicinitas
798 1383 899 1457 tanta,
931 1382 1014 1441 sedet
1048 1382 1198 1460 nullaque

170 1468 270 1528 bellici
288 1471 460 1529 certaminis
478 1470 617 1547 tangitur
635 1489 714 1530 cura.
747 1471 848 1530 sedere
867 1473 977 1546 autem,
995 1471 1044 1531 vel
1062 1473 1199 1533 maxime

170 1560 226 1618 hoc
248 1559 324 1633 loco,
346 1579 407 1618 non
429 1560 550 1618 tautum
568 1577 691 1636 corpore
709 1561 922 1620 verumetiam
941 1561 1072 1621 otiosum
1090 1562 1197 1621 animo

172 1666 234 1707 esse
267 1647 433 1726 significatv
480 1648 587 1708 volunt
621 1650 723 1708 tamen
760 1649 858 1726 aliqui
889 1651 977 1725 quasi
1011 1649 1198 1711 tractatibus

170 1739 345 1797 necessariis
377 1739 535 1797 vacantem
567 1737 694 1813 dictum,
731 1739 784 1798 sed
815 1757 875 1797 nou
906 1740 951 1798 ita
988 1756 1051 1798 esse
1087 1739 1198 1801 multis
1218 1759 1244 1801 re

172 1827 356 1886 documentis
387 1829 526 1902 apparet,
563 1846 634 1885 nam
664 1830 695 1886 et
723 1827 806 1887 illius
835 1847 954 1905 quoque
985 1827 1096 1887 inertia
1127 1828 1199 1889 vult

170 1918 260 1991 poeta
283 1935 336 1991 per
359 1915 604 1991 conparationem
621 1917 741 1975 Aeneae
759 1917 862 1976 laudes
882 1918 1030 1977 attollere.
1063 1917 1198 1995 denique

170 2005 206 2063 ut
223 2004 348 2063 Aenean
370 2004 471 2081 ipsum
493 2005 639 2082 praetulit
662 2025 681 2064 a
703 2006 769 2064 loco
793 2009 824 2065 et
846 2007 957 2085 frigore
980 2005 1126 2084 fluminis,
1150 2007 1197 2068 sic

169 2094 239 2153 huic
269 2113 288 2153 a
317 2094 383 2153 loco
415 2095 663 2155 obtrectationem
695 2096 817 2156 conflat:
850 2096 985 2172 sedebat,
1016 2098 1131 2173 inquit,
1163 2101 1199 2159 et

170 2182 292 2242 sedebat
319 2185 351 2241 in
379 2184 461 2260 luco,
491 2188 527 2244 ut
554 2186 721 2245 amoenitas
749 2205 818 2244 eum
846 2188 876 2245 et
903 2187 1038 2262 opacitas
1061 2187 1197 2248 nemoris
1216 2207 1244 2248 ao

170 2273 345 2347 delectaret,
369 2276 400 2332 et
421 2275 494 2333 tunc
517 2274 640 2333 sedebat
662 2293 730 2332 cum
752 2292 807 2350 pro
829 2276 948 2334 ratione
967 2276 1098 2351 suspecti
1117 2279 1196 2336 tem-

169 2363 251 2438 poris
275 2361 457 2422 discursibus
479 2362 655 2422 necessariis
678 2381 785 2423 vacare
809 2364 968 2424 debuisset.
1014 2363 1138 2425 sedebat
1159 2367 1197 2426 in

170 2452 237 2511 luco
260 2451 394 2529 parentis
417 2452 563 2526 Pilumni,
594 2454 681 2529 quasi
705 2453 825 2511 demum
846 2454 934 2512 illum
957 2456 1011 2511 aut
1032 2453 1195 2516 Pilumnus

169 2543 306 2602 mortuus
339 2544 393 2599 aut
425 2541 513 2601 vallis
547 2544 730 2601 consecratio
761 2541 866 2602 iuvare
899 2542 1057 2619 potuisset.
1111 2544 1196 2605 hunc

169 2629 264 2708 igitur
286 2650 380 2707 usque
404 2630 478 2690 adeo
502 2633 592 2706 poeta
616 2630 748 2690 desidem
770 2634 857 2692 notat
879 2636 911 2691 et
927 2633 960 2691 in
983 2631 1116 2708 periculo
1137 2651 1195 2694 suo
1214 2653 1241 2696 re

170 2721 244 2778 satis
266 2719 436 2795 incautum,
461 2723 497 2778 ut
519 2720 578 2795 ipsi
601 2739 721 2795 quoque
743 2719 853 2780 Iunoni
876 2721 1092 2799 displicuisset3
1120 2742 1196 2783 nam

169 2807 243 2867 haec
266 2808 326 2867 fuit
348 2827 439 2868 causa
456 2811 493 2867 ut
510 2808 548 2866 ad
571 2830 639 2867 eum
657 2809 732 2868 Irim
754 2810 902 2887 mitteret,
926 2830 1002 2888 quas
1021 2813 1196 2886 torpentem

170 2895 208 2953 ad
232 2897 336 2974 aliqua
365 2897 503 2957 facienda
531 2899 719 2974 conpelleret.
765 2918 892 2976 cumque
922 2901 979 2961 hoc
1008 2902 1086 2960 esset
1116 2901 1193 2962 satis

169 2985 311 3060 notabile,
330 2986 416 3045 addit
429 2988 457 3045 ei
471 2991 501 3046 et
519 2990 630 3047 crimen
649 2987 804 3065 audaciae3
827 3010 888 3049 non
906 2991 986 3050 enim
1003 2991 1060 3050 hoc
1078 2990 1195 3052 faceret

169 3074 256 3150 Iuno,
279 3077 305 3134 si
323 3076 374 3134 ille
392 3077 424 3134 in
442 3077 574 3152 periculo
593 3078 711 3153 positus
730 3078 825 3155 partis
845 3098 914 3139 suas
938 3081 1017 3139 recto
1035 3081 1193 3140 tractaret.
1212 3099 1239 3140 eo

170 3164 313 3223 audacem
332 3183 402 3243 ergo
421 3166 626 3225 inconsultum
645 3169 675 3226 et
693 3169 886 3228 temerarium
905 3167 1112 3244 accipiendum
1131 3172 1193 3246 est3

169 3272 240 3312 nam
263 3253 315 3329 qui
337 3254 413 3314 tales
441 3257 524 3328 sunt,
556 3257 591 3314 ut
617 3258 733 3315 incerta
760 3275 814 3333 pro
842 3257 930 3316 certis
961 3259 1097 3332 teneant,
1129 3276 1193 3318 nou

169 3346 296 3419 possunt
309 3342 407 3402 videri
424 3344 569 3419 probatae
588 3346 761 3405 sententiae.
794 3348 862 3422 ipsa
880 3364 999 3421 quoque
1012 3345 1071 3405 Iris
1089 3366 1192 3423 repre·

168 3432 342 3492 hensionem
364 3434 427 3492 eius
451 3433 601 3509 loquendo
625 3437 820 3511 prosequitur
842 3437 873 3494 et
894 3435 1013 3494 incusat
1035 3435 1191 3513 ignavum.

235 3572 255 3620 2
277 3567 369 3624 hosta
389 3565 422 3636 V,
449 3569 480 3621 at
502 3585 524 3620 v.
541 3572 593 3622 692
618 3570 727 3623 boueoa
801 3573 833 3621 11
855 3567 910 3621 cici
927 3574 1007 3623 tauto
1026 3568 1052 3622 V
1071 3572 1192 3639 propin-

144 3638 248 3704 quitas
267 3640 310 3698 ed.
339 3642 347 3718 J
372 3641 452 3701 sedet
469 3660 525 3699 om.
541 3640 584 3698 ed.
611 3641 617 3714 ¹,
642 3641 725 3697 auito
741 3639 789 3694 ed.
855 3642 890 3689 it
908 3638 1050 3695 dictum(
1068 3642 1126 3695 dici
1143 3643 1190 3698 ed.

136 3713 177 3763 17
193 3717 334 3775 avellere
354 3718 400 3777 ed.
480 3724 518 3776 34
540 3717 675 3793 ipnooioe
695 3713 741 3769 ed.
