2725 4150
171 308 238 375 440
458 304 599 361 ΒΟΝΑΤΙ
615 300 786 358 INTERPR.
800 302 909 358 VERG.

172 475 210 534 ab
233 475 306 535 urbe
329 474 424 554 legati
449 491 593 551 responsa
618 473 734 532 ferunt:
762 471 836 548 quid
862 474 927 533 tam
953 467 1198 531 infelicissimum

172 585 265 641 quam
287 564 326 624 ab
349 583 383 624 eo
407 565 438 622 et
456 582 492 621 ex
511 581 546 621 ea
563 562 637 621 urbe
662 562 854 639 expectatum
877 559 989 638 perisse
1007 559 1198 638 praesidium

172 655 250 713 unde
272 654 362 730 plena
383 652 494 712 fiducia
516 651 695 728 sperabatur
716 669 780 712 esse
802 648 982 710 venturum?
1007 652 1101 729 negat
1122 649 1197 710 Dio·

171 743 271 802 medes
294 741 454 816 auxilium,
476 743 562 801 vetus
586 743 618 799 et
639 739 779 818 pertinax
797 739 919 800 Troiani
941 737 1071 799 nominis
1094 738 1197 798 inimi·

171 851 237 907 cus,
259 833 352 908 negat
369 849 480 908 magna
497 830 593 889 fultus
613 829 769 906 opulentia
787 829 969 907 veniuntque
985 827 1197 889 laborantibus
1230 847 1243 887 s

171 925 202 981 et
223 920 255 979 in
274 922 360 979 tanto
378 920 513 979 tumultu
531 919 702 979 constitutis
721 936 775 994 pro
795 937 946 978 armorum
964 916 1086 978 auxiliis
1103 917 1198 978 verba

171 1012 203 1070 et
225 1010 337 1087 legatio
360 1009 499 1068 inefficax
516 1007 595 1068 redit
612 1007 686 1067 belli
698 1009 832 1084 tempore
851 1026 912 1067 non
929 1007 1011 1067 viros
1034 1007 1197 1084 adducens,

171 1098 225 1159 sed
242 1099 341 1157 inanis
359 1098 478 1158 fabulas
496 1099 630 1175 portans,
648 1086 751 1156 tristis¹
761 1099 925 1175 praeterea,
939 1097 974 1155 ut
992 1097 1083 1156 etiam
1100 1095 1197 1156 tacita

172 1188 245 1265 quid
271 1188 344 1246 mali
368 1188 461 1246 ferret
487 1186 641 1247 evidenter
667 1186 771 1245 vultus
800 1187 849 1246 sui
875 1186 1046 1246 testimonio
1075 1184 1197 1246 demon·

171 1279 288 1336 straret.
325 1275 418 1351 [nihil
439 1277 574 1335 omnibus
601 1279 700 1335 aarum
721 1279 870 1335 tenuram
893 1274 1026 1347 inpensis
1048 1273 1197 1351 opertum,
1218 1300 1245 1340 ro

170 1366 215 1423 nil
237 1365 316 1424 dono
334 1383 388 1424 cecc
405 1383 514 1424 aarum
531 1382 584 1424 nec
601 1381 728 1438 mayaco
745 1365 875 1423 octabae
889 1381 1004 1438 preces:
1025 1363 1199 1424 referebant

170 1455 265 1532 legati
288 1455 390 1514 omnia
414 1472 490 1531 quae
507 1455 696 1513 humanitate
719 1454 768 1513 vel
786 1453 941 1514 commodo
959 1453 1077 1513 flectere
1099 1453 1197 1514 homi·

171 1562 224 1603 nes
257 1543 347 1602 solita
383 1546 483 1602 essent
519 1561 582 1602 esse
618 1544 804 1620 contempta,
835 1544 966 1619 primum
994 1542 1086 1617 dona,
1116 1563 1197 1620 quae

170 1632 312 1691 meritum
336 1651 495 1708 procurare
519 1630 691 1692 debuissent
714 1634 745 1690 et
767 1631 917 1691 offerentis
940 1634 1042 1709 gratos
1069 1631 1198 1710 efficere,

172 1721 278 1780 dehinc
297 1740 418 1796 aurum,
443 1720 525 1797 quod
541 1722 707 1780 humanum
723 1720 878 1799 ingenium
898 1722 990 1780 etiam
1003 1721 1088 1780 nulla
1101 1721 1197 1782 inter·
1217 1744 1244 1786 ro

171 1807 309 1869 veniente
334 1811 395 1870 odii
426 1828 517 1870 causa
540 1829 628 1886 saepe
651 1811 829 1869 transducit.
875 1810 937 1869 vim
961 1810 1035 1870 dicti
1056 1809 1145 1871 huius
1170 1813 1198 1871 si

172 1898 240 1975 quis
264 1900 346 1961 uolet
368 1899 536 1975 advertere,
566 1900 733 1959 consideret
754 1899 871 1959 hostem
893 1901 1025 1958 veterem
1047 1918 1107 1959 nou
1131 1918 1197 1961 esse

171 1991 341 2065 permotum
367 1990 445 2048 unde
473 1988 607 2066 corrupti
633 2007 725 2064 quam
747 1987 872 2064 plurimi
893 1988 1009 2063 patrias
1032 2007 1103 2049 suas
1126 2008 1197 2050 cum

172 2078 287 2138 civibus
316 2078 528 2154 vendiderunt,
557 2079 636 2138 unde
662 2078 736 2139 fides
764 2079 913 2138 castitatis
944 2078 1087 2156 abrupta,
1114 2079 1197 2141 unde

172 2169 273 2227 soluta
298 2168 445 2242 amicitia,
474 2169 554 2227 unde
581 2167 746 2228 adfinitatis
774 2167 843 2226 iura
869 2167 997 2244 violata,
1024 2168 1105 2227 unde
1127 2188 1198 2247 pro-
1217 2190 1245 2232 ao

173 2258 238 2317 dita
259 2257 400 2333 imperia,
423 2259 489 2333 ipso
512 2258 544 2316 in
567 2258 705 2333 plurimis
728 2259 915 2333 protestante
933 2257 1076 2336 Vergilio.
1118 2257 1198 2320 dixit

172 2347 283 2423 quippe
306 2338 351 2429 (6,
367 2338 445 2429 621)
469 2346 623 2422 „vendidit
651 2347 701 2405 hic
729 2365 802 2405 auro
829 2345 992 2423 patriam“,
1015 2350 1135 2407 etcum
1159 2348 1197 2409 de

171 2434 321 2512 Polydoro
344 2437 530 2511 loqueretur,
556 2436 631 2496 haec
653 2434 757 2512 posuit
779 2429 824 2516 (3,
840 2427 911 2518 55):
941 2436 1009 2511 „fas
1033 2455 1119 2496 omne
1144 2437 1196 2497 ab·

170 2524 298 2602 rumpit,
319 2524 505 2601 Polydorum
519 2524 680 2585 obtruncat
701 2528 731 2585 et
745 2544 818 2585 auro
836 2528 869 2585 vi
885 2523 1032 2601 potitur“.
1064 2526 1097 2584 in
1115 2524 1196 2605 Pyg-

170 2613 311 2673 malionis
330 2616 361 2673 et
375 2614 502 2690 Sychaei
520 2613 624 2673 fabula
641 2615 698 2673 hoc
715 2615 805 2673 modo
820 2615 953 2674 adseruit
973 2634 1082 2673 aurum
1100 2615 1196 2677 fuisse
1216 2636 1244 2677 as

170 2720 293 2761 eausam
306 2704 426 2763 sceleris
440 2703 635 2781 perpetrandi
647 2696 693 2785 (1,
705 2696 798 2786 348):
819 2703 893 2779 „ille
908 2704 1076 2780 Sychaeum
1091 2704 1196 2781 inpius

171 2793 241 2849 ante
266 2810 333 2851 aras
359 2795 451 2870 atque
479 2795 546 2853 auri
568 2811 673 2853 caecus
702 2812 802 2853 amore
830 2794 907 2853 clam
931 2794 1009 2853 ferro
1037 2795 1196 2853 incautum

171 2878 325 2956 superat“‚
348 2884 512 2958 postremo,
530 2883 567 2940 ut
585 2901 692 2941 aurum
710 2882 860 2942 adsereret
878 2901 941 2942 esse
960 2883 1105 2943 scelerum
1123 2901 1196 2943 cau·

170 2986 244 3044 sam,
257 2971 302 3029 ita
316 2971 461 3031 conclusit
475 2964 520 3051 (3,
531 2962 602 3051 56):
625 2971 723 3047 „quid
736 2991 797 3031 non
810 2972 953 3032 mortalia
965 2975 1088 3049 pectora
1102 2972 1196 3051 cogis,

171 3059 238 3117 auri
261 3077 346 3118 sacra
368 3059 499 3119 fames1“
524 3063 557 3119 ut
580 3060 751 3120 ostenderet
772 3064 928 3121 universas
942 3061 1110 3121 'criminum
1132 3063 1194 3121 for·
1215 3082 1244 3123 eo

169 3166 234 3207 mas
259 3146 403 3208 aviditate
428 3148 495 3207 auri
513 3168 576 3210 esse
594 3153 748 3227 susceptas
767 3152 798 3210 et
815 3150 937 3210 incitari
954 3169 1054 3227 posse,
1078 3151 1104 3210 si
1126 3151 1196 3211 auri

169 3240 370 3312 provocentur
387 3237 500 3298 ardore.
533 3240 607 3298 haec
621 3239 741 3299 Aeneae
759 3239 880 3299 laudem
899 3242 1048 3316 spectant,
1066 3241 1103 3300 ut
1120 3239 1194 3302 Dio·

242 3408 381 3463 ladurbc
394 3407 428 3462 V.
450 3408 453 3480 l
474 3409 548 3477 quod
564 3425 615 3478 pro
634 3410 702 3478 quid
720 3410 764 3465 ed.
824 3411 960 3478 sperica
973 3409 1000 3463 V
1013 3411 1130 3479 perisset
1148 3412 1193 3467 ed.

170 3477 322 3547 tpleocV
335 3481 422 3549 pleno
440 3481 484 3535 ed.
542 3479 783 3551 bacciantqocV
801 3480 926 3549 eorrupit
945 3481 987 3536 ed.
1045 3482 1194 3537 reeov

166 3550 240 3606 eires
258 3550 302 3605 ed.
359 3556 391 3605 10
409 3553 642 3621 naa-operm
660 3553 740 3608 deest
758 3552 788 3607 in
805 3551 837 3618 V,
856 3552 905 3605 sed
923 3551 1058 3620 explicari
1071 3554 1193 3610 videtur.

157 3628 193 3679 21
214 3630 335 3685 mute
353 3623 398 3683 ed.
451 3628 485 3681 23
504 3623 664 3696 abrrptV,
678 3625 728 3679 sed
742 3624 870 3679 intortio
885 3623 1032 3693 abmmpc't.
1084 3630 1118 3679 28
1137 3642 1194 3683 eece

149 3713 207 3755 orn.
230 3701 278 3760 ed.
