2725 4150
551 324 793 382 Amumosn
1117 329 1183 398 273

162 493 399 572 intellegendum
428 497 474 555 est
501 492 535 552 in
563 495 728 572 praesenti3
759 495 857 556 multa
886 493 966 555 enim
998 496 1095 556 adhuc
1124 496 1184 558 diei

163 586 336 662 potuerant,
364 582 417 644 sed
438 584 471 642 in
494 601 616 661 corpore
643 584 767 644 mortali
788 584 879 644 deum
901 583 1013 645 diutius
1037 603 1184 647 essenon

164 673 278 749 decuit,
305 672 430 750 proinde
453 672 579 733 ulterius
602 672 699 734 videri
721 674 821 736 noluit
843 676 873 733 ct
897 674 1048 735 abscessit
1094 693 1183 750 aano-

163 780 229 822 cere
251 763 337 822 denm
355 778 492 836 proceres
513 763 671 836 divinoque
693 763 752 823 telo
768 764 968 824 Dardanidae
984 762 1246 840 [pharamam-ooo

134 866 217 925 sque
238 852 314 926 faya
336 868 451 911 sensere
473 850 656 928 sononiemJ:
682 851 889 928 Dardanidae,
911 852 1024 930 inquit,
1047 872 1183 931 proceres

163 941 325 1017 prudentes
352 944 383 1002 et
409 939 503 1001 sobrii
529 942 716 1019 agnoverunt
743 941 831 1001 deum
857 942 993 1002 locutum
1020 961 1096 1019 esse,
1123 963 1184 1004 nou

163 1030 327 1104 hominem,
346 1030 463 1091 atinde
484 1031 581 1109 magis
605 1030 687 1107 quod
710 1050 794 1091 arma
812 1033 877 1092 eius
894 1031 997 1092 divina
1013 1032 1183 1094 sensissent.

163 1136 229 1194 erpo
257 1120 379 1178 acidinn
402 1136 522 1194 mennae
543 1118 647 1196 [dietis
672 1138 708 1180 aa
729 1123 850 1180 nmnine
871 1119 997 1197 Phoebi]
1018 1119 1184 1182 Ascanione

158 1209 328 1281 probibent:
351 1228 422 1287 ergo
441 1208 564 1268 avidum
582 1227 701 1288 pugnae
719 1208 884 1270 Ascanium
905 1212 936 1268 et
958 1229 1013 1270 sua
1035 1212 1078 1286 et,
1102 1211 1184 1288 quod

119 1315 146 1355 ro
163 1296 354 1374 potissimum
377 1297 514 1358 omnibus
537 1297 608 1374 luit,
637 1298 818 1359 auctoritate
845 1298 960 1359 Phoebi
986 1299 1185 1376 prohibebant

164 1406 200 1446 ne
224 1387 273 1446 cui
295 1405 326 1447 se
349 1386 506 1446 certamini
526 1388 734 1449 committeret.
771 1389 830 1463 ipsi
847 1389 880 1448 in
899 1390 1060 1449 certamina
1077 1406 1184 1450 rnrsne

162 1476 321 1536 samoednnt
351 1477 525 1550 animaeque
554 1478 589 1535 in
619 1481 723 1550 annia
747 1477 884 1549 aerioma
914 1478 1045 1546 minant,
1076 1482 1183 1555 utpote

165 1584 238 1642 quos
266 1568 372 1642 aperta
399 1566 535 1643 exempla
562 1567 658 1626 certos
688 1584 865 1643 securosque
895 1566 1116 1642 praestiterant.
1160 1569 1184 1626 it

163 1655 274 1713 elamor
302 1655 368 1714 iotis
390 1671 447 1728 per
468 1654 697 1729 mopnynoneia
724 1656 834 1714 nmris:
864 1656 1059 1715 emittebatur
1085 1655 1183 1716 audax

118 1758 145 1800 rs
164 1743 278 1802 clamor
298 1762 353 1818 per
375 1743 476 1804 omnia
493 1763 647 1804 murorum
669 1744 906 1823 propugnacula.
942 1747 1082 1804 sterniim
1100 1757 1245 1808 omneooo

163 1833 258 1892 seium
281 1833 359 1892 ielis:
384 1835 472 1893 tanta
493 1833 556 1893 tela
577 1833 789 1909 mittebantur,
811 1836 848 1895 ut
869 1852 988 1894 omnem
1009 1834 1184 1913 obtegerent

162 1925 284 1982 terram.
329 1926 390 1980 inm
419 1926 503 1982 sonia
530 1939 675 1996 cavaeque
704 1923 777 1982 dont
805 1925 933 1983 condam
959 1925 1041 1996 tiiotn
1067 1925 1185 2000 aanor:

164 2012 245 2090 quod
262 2013 343 2070 terra
361 2011 472 2071 dicitnr
488 2012 558 2071 telis
576 2011 708 2088 obtecta,
732 2012 813 2091 quod
830 2012 909 2074 ictae
927 2014 1031 2093 galeae
1049 2017 1079 2076 et
1097 2017 1184 2075 scuta

162 2119 304 2178 percussa
332 2102 449 2161 crebros
476 2102 592 2162 sonitus
619 2101 747 2180 dabant,
776 2105 807 2164 ct
833 2103 1011 2164 bellantium
1038 2104 1132 2164 animi
1154 2107 1184 2165 et

117 2206 146 2246 ao
162 2190 324 2250 missilium
359 2191 523 2251 multitudo
560 2194 591 2252 et
626 2192 748 2268 copiosa
783 2193 955 2254 substantia
988 2194 1183 2272 significatur.

162 2279 316 2339 inducitur
345 2281 534 2357 conparatio,
563 2283 600 2341 ut
629 2282 807 2342 ostendatur
836 2285 950 2360 quanta
979 2285 1024 2343 vis
1054 2285 1184 2343 telorum

162 2370 269 2429 fuisset
293 2371 323 2427 et
351 2369 602 2445 quemadmodum
628 2371 810 2431 resonabant
837 2390 913 2448 quae
940 2371 1185 2447 percutiebantur

162 2459 246 2518 telis:
269 2463 397 2532 monins
416 2460 453 2519 ab
472 2476 577 2519 occasa
594 2461 714 2520 omnm
728 2461 913 2534 nmmmiibns
930 2461 1033 2519 inedie
1051 2463 1246 2523 anomalam

162 2549 255 2606 nnber
276 2548 410 2617 bmmmn,
434 2566 523 2621 qnam
544 2548 639 2607 nunilo
658 2550 806 2623 arundine
827 2550 921 2608 nimbi
942 2551 975 2607 in
997 2550 1078 2610 coda
1094 2567 1184 2623 prae·

118 2649 145 2690 se
163 2638 297 2710 cinitoni,
329 2654 395 2695 cnm
423 2638 559 2712 Iuppiter
587 2638 726 2696 bomidns
758 2639 869 2698 nastris
900 2641 1010 2711 torquet
1042 2656 1184 2711 canosam

162 2727 284 2785 hiemem
307 2730 333 2785 ei
355 2727 433 2785 eaelo
456 2744 530 2786 aava
552 2727 657 2787 nubila
678 2728 798 2801 rumpit.
843 2730 907 2787 tam
933 2728 1048 2802 crebra,
1075 2730 1184 2805 inquit,

163 2816 284 2875 fuerant
306 2834 382 2891 quae
404 2815 567 2876 mittebant
589 2817 736 2875 certantes
761 2818 852 2893 atque
874 2816 919 2875 ita
940 2836 1082 2893 pereussa
1103 2836 1183 2878 reso-

163 2903 278 2963 nabant
305 2923 396 2980 quam
423 2905 531 2965 densae
559 2907 630 2966 sunt
656 2906 793 2982 pluviae,
823 2924 891 2965 cum
912 2906 1077 2966 haedorum
1100 2907 1183 2969 sidus

163 2995 279 3068 existit,
307 2997 338 3053 et
365 2994 616 3070 quemadmodum
644 2994 773 3071 crepitat
801 2996 929 3073 grando,
953 3014 1021 3055 cum
1044 2996 1144 3057 densis
1167 3018 1183 3058 e

118 3099 145 3139 eo
162 3082 292 3142 nubibus
315 3082 461 3145 funditrrr.

234 3171 396 3231 Pandarus
423 3176 450 3231 ei
475 3172 576 3231 Bitias
602 3173 696 3233 Idaeo
718 3172 866 3233 Alcanore
893 3175 974 3244 creti,
1003 3192 1074 3247 qnos
1100 3175 1184 3235 Iocis

163 3262 264 3320 ednaii
292 3261 355 3320 ineo
384 3262 527 3321 silvestris
555 3262 672 3323 Hibera
701 3264 844 3323 abietibus
873 3263 992 3323 inoenes
1017 3264 1127 3338 patriis
1158 3267 1184 3324 ei

236 3438 250 3485 1
267 3432 357 3486 adine
371 3449 424 3486 orn.
435 3432 479 3486 ed.
536 3438 554 3486 4
567 3433 820 3502 pharetramqne—
832 3439 848 3487 ὅ
862 3439 1004 3489 sonantem
1017 3433 1096 3488 deest
1109 3433 1183 3503 inV,

163 3503 213 3558 sed
233 3503 398 3571 explicatur.
454 3508 469 3557 ‘1
489 3504 548 3558 eins
566 3519 620 3557 om.
634 3503 677 3558 ed.
734 3509 751 3558 8
770 3505 1001 3559 dictis--Pboebi
1016 3505 1095 3559 deest
1108 3505 1183 3571 inV,

163 3576 214 3631 sed
232 3574 398 3643 explicatur.
455 3580 487 3629 1o
506 3591 617 3629 versum
635 3579 697 3641 665,
716 3574 765 3643 qui
784 3575 864 3630 deest
881 3576 911 3630 in
924 3575 958 3643 V,
978 3576 1114 3644 added,
1133 3578 1183 3631 sed

162 3663 220 3701 non
238 3646 403 3715 explicatur.
464 3651 498 3701 18
516 3648 606 3702 dietae
621 3645 753 3718 yaliaeV
770 3648 829 3703 icta
847 3649 929 3721 polea
946 3648 994 3703 ed.
1049 3654 1094 3702 ‘m
1107 3649 1198 3702 treber

163 3735 216 3772 om,
232 3717 263 3770 V.
335 3723 372 3770 32
385 3718 483 3774 hibera
498 3717 630 3778 VHiera
647 3719 695 3781 ed.
723 3719 728 3799 l
758 3738 846 3795 pones
862 3739 920 3796 pro
937 3720 1099 3795 parona.

197 3820 256 3859 Dor.
266 3820 362 3869 interm.
374 3824 441 3875 Vere.
458 3828 504 3871 rol.
514 3830 550 3874 Π.
1020 3831 1070 3886 'm
