2725 4150
528 367 712 424 AENEHJOS
731 366 783 421 ΧΠ
1100 374 1163 438 511

140 539 222 598 mica
242 538 438 599 mullitudine
461 541 493 598 et
509 540 588 598 inter
605 540 653 597 tot
675 556 710 596 ac
728 537 799 596 talis
818 536 925 596 terrori
942 538 1080 598 omnibus
1098 539 1166 601 fuit.

141 631 260 704 quanta
281 627 350 688 laus
373 631 420 688 eet
440 647 501 687 non
523 628 628 687 timere
655 625 751 686 omnis
776 628 805 685 et
829 626 865 686 ab
894 627 1030 687 omnibus
1058 628 1165 687 metuil

141 734 264 777 samam
290 717 373 776 nulle
397 718 566 777 discrimine
592 716 709 776 caedem
735 717 858 775 casata
878 717 1049 790 irareaaqae
1071 718 1166 776 omaeb

141 807 269 880 effundit
280 806 426 867 tabam&
443 824 535 883 supra
549 806 630 865 dixit
643 805 726 882 quod
742 805 840 864 solum
855 805 988 864 Turnum
1007 807 1046 865 ad
1063 825 1166 866 necem

108 912 122 952 s
141 898 317 972 quaereret,
339 895 475 956 caederet
492 897 623 955 nullum:
646 913 739 969 nunc,
763 894 821 970 ait,
845 895 988 971 quoniam
1009 895 1087 954 illud
1104 914 1165 955 non

140 985 296 1062 prouenit,
319 984 484 1061 aliquando
502 989 603 1044 tamen
621 984 787 1044 commotus
801 983 914 1061 passim
933 988 1024 1060 atque
1043 985 1164 1045 confuse

141 1073 297 1134 sternebat
312 1092 514 1151 quoscumque
528 1073 709 1151 repperisset
721 1073 839 1132 nullum
855 1072 966 1152 eligens
986 1074 1025 1132 ad
1039 1078 1165 1135 mortem

140 1163 320 1241 nullumque
329 1165 545 1241 praesternens,
558 1165 678 1222 tanttnn
693 1166 883 1222 consenserat
895 1163 1069 1223 iracundiae
1083 1183 1167 1240 suae,

140 1255 177 1312 ut
199 1251 293 1312 nullis
315 1253 378 1312 iam
394 1252 519 1312 retineri
541 1251 665 1311 nexibus
687 1254 798 1327 posset.
830 1273 832 1277 ’

97 1357 124 1398 ιο
214 1340 290 1416 Quas
315 1342 388 1401 radet
413 1359 493 1401 acac
521 1345 561 1400 tot
589 1342 696 1400 acerba
723 1341 806 1409 deas,
837 1344 877 1399 tot
905 1342 1035 1400 carmine
1062 1343 1239 1410 caedescoo.

140 1430 276 1490 diuersas
297 1432 462 1506 obitumque
483 1431 603 1499 ducem
631 1447 703 1504 prees
730 1447 853 1504 aequm
880 1434 935 1489 icio
963 1432 1050 1504 iaqae
1073 1433 1164 1491 vicem

140 1537 220 1579 mac
243 1520 366 1578 damas
388 1522 449 1595 apii
470 1537 551 1579 acac
573 1521 681 1578 Troiae
702 1519 798 1589 beros,
823 1520 971 1592 expediet?
1004 1520 1090 1596 deus,
1118 1521 1163 1579 in-

141 1610 221 1686 quit,
244 1627 326 1668 nunc
348 1611 394 1668 ert
415 1608 612 1684 necessarius,
638 1609 691 1668 sed
714 1609 781 1684 quis
804 1609 845 1667 eit
866 1608 924 1668 iste
946 1609 1080 1668 invenire
1104 1627 1163 1668 non

140 1716 274 1775 possum,
287 1716 348 1774 quo
362 1699 486 1759 iuvante
499 1699 618 1759 valeam
632 1699 779 1773 conplecti
795 1699 923 1774 quantos
938 1698 1025 1757 duces
1035 1699 1163 1775 Turnus,

106 1801 126 1841 u
142 1789 269 1864 quantoe
298 1786 415 1848 Aeneas
445 1787 562 1847 oceidit.
599 1791 701 1846 tanton
725 1788 841 1861 placuit
873 1804 1042 1846 concurrere
1073 1792 1161 1858 mota,

141 1876 285 1952 Iuppiter,
309 1880 429 1937 aeterrra
448 1879 543 1952 pentes
565 1878 598 1935 ia
617 1893 692 1949 pace
713 1877 850 1949 salares!
876 1876 1044 1936 necessaria
1067 1878 1162 1936 excle-

141 1967 234 2026 matio
265 1969 372 2043 poetae
399 1966 576 2026 admirantis
607 1965 729 2025 deorum
761 1966 955 2042 iniquitatem
984 1967 1037 2043 qui
1066 1968 1162 2043 patie-

141 2054 251 2117 bantur
272 2057 305 2115 in
328 2056 475 2116 alternam
498 2054 660 2134 perniciem
683 2057 780 2135 gentis
803 2054 924 2115 tendere
952 2057 984 2114 in
1010 2057 1162 2117 aeternam

142 2149 283 2206 venturas
305 2148 539 2224 perpetuamque
563 2146 761 2206 concordiam
793 2142 911 2204 Aeaeae
930 2145 1074 2204 Ratalam
1091 2146 1224 2209 Suc-505

109 2242 239 2295 arcana
263 2234 313 2308 (ea
331 2236 433 2309 prima
454 2236 567 2295 ruentia
585 2252 691 2310 papan
718 2235 777 2294 loco
802 2235 904 2293 statuit
927 2234 1067 2309 Teucros)
1090 2236 1163 2294 beai
1268 2295 1270 2299 .

140 2325 233 2384 meda
245 2328 408 2383 maantam
421 2326 527 2399 excipit
538 2326 572 2383 ic
585 2325 664 2384 laiac
678 2328 705 2383 ei
717 2342 776 2399 aaa
789 2325 855 2397 faia
868 2324 1020 2383 celerrima
1038 2324 1162 2382 audace

141 2413 318 2488 camenae
339 2418 434 2473 costas
457 2418 483 2472 et
501 2414 590 2473 cratis
603 2415 730 2488 pectoris
749 2430 859 2472 casem:
881 2412 1092 2488 interpositum
1116 2417 1162 2473 est

89 2559 90 2580 χ
141 2520 174 2562 ea
194 2504 297 2581 prima
317 2502 432 2562 ruentis
454 2522 558 2581 pugna
580 2503 646 2562 loco
669 2502 778 2562 statuit
800 2503 943 2562 Teucros:
966 2521 1033 2562 cum
1055 2522 1161 2580 prope-

140 2594 254 2666 rarent,
272 2592 385 2667 inquit,
403 2593 436 2651 in
453 2593 586 2652 hostium
605 2591 726 2651 caedem
741 2592 877 2667 Troiani,
900 2592 944 2650 ibi
962 2593 1162 2652 constiterunt

101 2684 126 2731 ’ὅ
141 2680 189 2742 ubi
217 2680 336 2741 Aeneas
360 2680 508 2740 Rutulum
531 2680 694 2741 Sucronem
722 2681 844 2756 occidit3
875 2701 945 2740 nam
976 2700 1036 2739 non
1063 2682 1160 2740 multa

139 2789 223 2830 mora
245 2769 426 2847 interposita
453 2772 569 2847 excepit
596 2791 664 2829 eum
691 2771 723 2828 in
749 2772 830 2829 latus
854 2774 884 2829 et
907 2789 966 2846 qua
988 2774 1074 2846 parte
1098 2789 1160 2829 cor-

138 2861 220 2936 poris
243 2859 307 2936 peti
329 2858 494 2936 expeditius
517 2860 619 2936 potuit
640 2862 708 2936 ipsa
735 2879 804 2919 eum
826 2860 984 2936 percussit3
1014 2879 1085 2918 nam
1107 2879 1161 2936 per

138 2948 217 3009 latus
242 2951 273 3007 et
295 2951 393 3009 costas
415 2950 541 3008 traiecto
565 2968 633 3008 ense
657 2969 725 3008 eum
745 2949 916 3025 prostravit.
949 2948 1160 3026 interpositum

138 3038 269 3097 diximus
291 3058 327 3097 ea
349 3037 448 3115 prima
465 3040 585 3097 ruentis
603 3058 705 3116 pugna
723 3040 788 3099 loeo
807 3040 917 3098 statuit
935 3038 1077 3114 Teucros,
1100 3057 1159 3115 quo

96 3134 122 3177 ω
137 3128 218 3188 facto
238 3126 369 3187 divisum
387 3129 506 3187 constat
522 3148 617 3187 unum
635 3147 768 3203 sensum,
792 3147 845 3187 nos
865 3128 924 3187 isto
944 3128 1095 3187 subtracto
1114 3126 1158 3185 in·

210 3334 341 3387 ttimeri
360 3333 386 3387 V
409 3335 500 3388 timae
523 3334 566 3388 ed.
595 3334 598 3405 l
628 3336 718 3389 manis
743 3351 796 3388 om.
819 3333 862 3388 ed.
936 3339 952 3387 5
976 3340 1096 3402 quereret
1118 3351 1157 3388 cc-

136 3405 213 3461 aaa
224 3402 251 3457 V
269 3421 303 3459 ac
320 3404 453 3473 interpos.
469 3405 512 3459 ed.
569 3411 583 3458 7
602 3406 711 3459 audam
725 3405 751 3459 V
769 3412 852 3460 natea
869 3422 896 3459 a.
917 3404 986 3458 edF.
1043 3410 1058 3458 8
1074 3422 1158 3473 prae-

135 3482 260 3531 ranam
280 3474 306 3528 V
325 3482 501 3545 prasimae
523 3476 566 3529 ed.
648 3480 681 3529 10
705 3483 744 3531 tet
765 3478 887 3531 carmine
900 3474 926 3528 V
944 3478 1007 3545 aaa
1024 3493 1046 3531 e.
1066 3476 1109 3529 ed.
1129 3479 1158 3529 et

136 3546 221 3616 Verg.
248 3546 315 3600 libri
341 3546 537 3615 interpretatio
563 3546 681 3601 dubium
705 3547 848 3616 relinquit.
929 3553 962 3600 12
988 3549 1111 3616 expediet
1132 3547 1158 3599 V

136 3618 266 3688 expediat
284 3618 327 3672 ed.
347 3621 376 3672 et
393 3617 477 3689 Verg.
496 3618 571 3674 libri.
636 3624 668 3672 21
689 3621 796 3689 excepit
812 3619 890 3673 inire.
906 3624 1004 3686 aaut.
1021 3618 1158 3684 creamus

135 3691 223 3758 eripit
239 3688 281 3741 ed.
353 3694 388 3742 24
406 3690 650 3748 canedaemeatV
668 3708 742 3748 corr.
758 3693 807 3749 ed.
880 3697 920 3746 ‘ab
940 3698 967 3746 et
984 3707 1045 3759 qun
1060 3683 1181 3755 paracl

126 3774 163 3811 W
176 3773 235 3824 W
250 3774 313 3813 0³7⁰
323 3776 355 3828 Ρ·
376 3760 422 3817 ed·
500 3770 534 3819 27
555 3769 713 3837 expetitias
733 3768 832 3840 posuit
842 3765 871 3821 V
892 3782 971 3821 corr.
985 3761 1038 3816 eb.

995 3863 1058 3922 bb*
