2725 4150
545 306 729 404 inermos
748 349 800 403 ΧΠ
1118 354 1183 419 639

159 523 207 580 est
219 518 254 578 in
266 519 326 579 illis
340 518 465 579 rocibus
479 519 668 578 alacritatem
683 519 777 578 trisse
789 519 980 578 Teucrorum.
1003 519 1052 577 ille
1065 520 1185 578 homilis
1195 533 1246 582 930

146 609 351 683 amplectere,
370 609 493 668 humilis
512 627 634 685 corpore
653 611 685 668 et
702 608 784 669 fastu
801 607 910 668 reiecto
928 626 987 684 quo
1006 611 1096 667 antea
1110 608 1184 667 fere-

159 698 265 774 batur,
297 697 395 757 ceroma
426 698 614 770 dextramque
637 702 808 771 precantem
831 698 1025 771 protendens:
1054 697 1185 771 Quidem

158 788 256 846 merari
273 803 326 846 nec
343 787 488 860 deprecor,
507 787 614 860 inquit,
637 790 718 845 utere
735 790 811 846 sorte
828 790 895 845 trec:
917 805 1061 865 magnum
1078 789 1185 864 poetse

130 876 319 936 sinrentum
347 878 384 934 ut
405 876 526 935 hastam
554 896 615 936 non
643 875 676 934 in
706 895 772 935 eam
801 878 919 953 partem
946 877 1078 954 corporis
1109 895 1186 953 quae

160 966 262 1025 letalis
285 967 364 1025 esset
382 963 493 1025 diceret
510 965 694 1041 pervenisse,
717 967 770 1024 sed
791 964 824 1024 in
847 984 914 1024 eam
933 983 1011 1042 quae
1030 969 1187 1042 superaret

160 1056 279 1116 hostem
302 1057 334 1114 ot
354 1056 456 1114 tamen
478 1055 584 1115 vivum
605 1056 740 1115 servaret
769 1055 809 1113 ad
835 1073 951 1131 preces3
981 1056 1093 1132 quippe
1118 1057 1185 1132 ipso

160 1144 221 1204 fuit
235 1143 383 1220 supplicio
397 1144 483 1221 peius
491 1145 615 1220 propria
624 1162 696 1204 voce
710 1144 845 1203 confiteri
859 1162 890 1203 se
899 1145 1013 1204 victum
1028 1145 1058 1202 et
1069 1145 1186 1205 hostem

161 1251 250 1294 suum
273 1233 467 1310 pronuntiare
489 1235 635 1293 rictorem
657 1233 856 1310 omnibusque
879 1251 911 1292 se
934 1232 1061 1311 dignum
1082 1236 1186 1312 poenis

121 1342 145 1381 ro
162 1324 214 1400 qui
228 1326 307 1382 esset
320 1321 438 1382 fortiori
452 1341 636 1401 congressus.
673 1342 738 1400 ego,
757 1322 867 1399 inquit,
884 1321 964 1399 qnod
977 1323 1079 1400 patior
1092 1323 1188 1383 merui

161 1431 216 1472 neo
239 1413 357 1473 veniam
379 1414 463 1488 peto:
493 1413 536 1471 sio
564 1413 645 1472 enim
667 1413 802 1488 peccavi,
831 1413 868 1470 ut
888 1412 967 1472 hanc
992 1413 1100 1472 mereri
1127 1433 1187 1473 non

161 1501 284 1579 possim.
316 1503 400 1560 utere
424 1504 503 1560 sorte
525 1504 593 1561 tua:
615 1500 743 1561 Lavinia
765 1505 811 1560 est
833 1502 892 1560 ista
916 1519 980 1562 sors
998 1508 1029 1561 et
1046 1503 1186 1562 interitus

162 1590 268 1650 Turni.
303 1591 404 1650 miseri
425 1595 452 1649 te
473 1592 501 1650 ai
523 1608 582 1664 qua
599 1592 737 1664 pareretis
760 1595 877 1665 torpere
900 1609 974 1650 cura
992 1595 1098 1664 potest,
1123 1609 1188 1651 oro:

161 1699 222 1740 non
240 1682 272 1740 te
290 1682 414 1757 propter
427 1700 474 1738 me
490 1698 563 1757 rogo
579 1681 633 1758 qui
650 1699 711 1738 non
724 1698 840 1739 mereor
853 1681 981 1755 veniam,
995 1680 1047 1740 sed
1064 1684 1188 1758 propter

127 1785 147 1824 rs
161 1770 313 1829 infelicem
335 1771 452 1846 patrem
474 1788 583 1828 meum.
609 1770 669 1842 fuit
691 1773 717 1827 et
739 1770 792 1828 tibi
814 1769 883 1829 tatis
901 1769 1045 1829 Anchises
1066 1771 1186 1844 petitor,

162 1857 287 1935 [Dauni
308 1860 444 1918 miserere
466 1856 623 1934 senectae}-
652 1857 790 1917 faciendo
820 1858 1065 1935 conparationem
1086 1859 1189 1920 miseri

162 1948 259 2024 patris
282 1949 314 2007 et
336 1947 415 2006 senis
438 1951 583 2024 quantam
607 1949 740 2024 speravit
757 1949 909 2007 moturum
933 1966 963 2008 se
987 1967 1050 2008 esse
1073 1948 1188 2008 miseri·

164 2037 310 2112 cordiam,
333 2036 436 2096 utillo
454 2037 548 2097 flexus
567 2037 848 2098 commemoratione
867 2039 1010 2115 paternae
1027 2039 1187 2099 memoriae

163 2128 332 2205 promptior
354 2127 473 2187 veniam
495 2128 593 2187 daretl
623 2129 776 2202 miserere,
800 2127 915 2205 inquit,
938 2132 1073 2187 senectae
1091 2128 1187 2206 patris

128 2216 235 2291 romei,
263 2217 438 2276 scilicetne
461 2217 623 2277 orbitatem
644 2217 689 2275 fili
711 2217 810 2276 luctus
834 2219 978 2294 paternus
1001 2220 1139 2296 angeret,
1163 2219 1188 2277 si

163 2324 271 2383 corpus
289 2308 414 2383 negaret
431 2305 529 2365 occisi.
556 2307 658 2383 potest
676 2308 707 2365 et
724 2306 776 2381 sic,
794 2309 830 2365 ut
847 2307 976 2366 salutem
994 2308 1090 2383 patris
1109 2307 1187 2366 senis

164 2398 194 2454 et
216 2394 317 2454 orbati
334 2395 555 2455 commendasse
574 2395 726 2470 rideatur,
749 2415 786 2454 ne
810 2398 898 2472 quasi
915 2399 1002 2473 pater
1020 2397 1115 2456 hostis
1137 2416 1188 2455 ne-

164 2487 292 2544 caretur.
325 2488 351 2542 et
377 2501 423 2542 me
448 2501 501 2543 sere
528 2502 634 2558 corpus
655 2485 815 2558 spoliatum
838 2485 947 2543 tarnim
975 2486 1071 2543 meeis
1099 2485 1250 2544 reddeeto

163 2575 250 2633 mets:
272 2571 362 2632 redde
385 2574 472 2633 meist
496 2592 561 2633 ecce
585 2574 638 2633 ubi
660 2573 793 2634 ostendit
815 2593 846 2634 se
869 2574 945 2633 velle
969 2574 1094 2650 servari3
1119 2576 1189 2650 post

127 2664 340 2740 repetitionem
364 2663 476 2739 qnippe
498 2663 618 2723 nomine
636 2663 733 2740 patris
756 2663 966 2740 interpositam
989 2662 1073 2722 venit
1095 2664 1134 2722 ad
1158 2682 1188 2723 se

164 2755 193 2811 ot
212 2754 257 2812 ait
276 2754 306 2811 et
323 2771 371 2811 me
389 2771 440 2811 seu
460 2770 566 2829 corpus
586 2752 750 2829 spoliatum
767 2753 880 2812 lumine
898 2751 1007 2812 mavis:
1029 2771 1097 2811 cum
1115 2751 1189 2811 dicit

164 2860 229 2917 seu,
252 2842 309 2901 hoo
331 2840 452 2900 ridetur
470 2840 567 2901 dicere
585 2842 716 2902 voluisse
734 2841 817 2918 quod
835 2842 949 2919 pudore
970 2840 1188 2901 interveniente

163 2951 224 2992 non
246 2930 324 2989 dixit
347 2932 490 3009 apertius.
523 2932 550 2991 si
572 2931 704 2991 volueris
727 2950 774 2990 me
798 2931 943 3006 occidere,
966 2930 1056 2989 redde
1080 2949 1187 3006 corpus

163 3040 264 3081 meum
292 3022 323 3078 et
349 3020 422 3079 meis
450 3020 653 3097 sepeliendum
680 3021 807 3080 concode
830 3022 887 3096 ait3
918 3022 1043 3079 alteram
1070 3022 1188 3096 partem

125 3121 148 3163 ³⁰
164 3108 305 3170 servandi
334 3108 480 3188 supplicis
506 3110 572 3186 ipse
594 3109 784 3189 intellegeret
811 3112 841 3169 et
868 3110 1006 3186 inpleret.
1045 3110 1141 3169 cteiste'
1163 3114 1190 3167 et

163 3200 272 3259 ndum
289 3199 404 3258 tendere
418 3199 540 3273 palmas
557 3196 687 3259 Aesonii
707 3199 817 3268 cidere,
841 3203 894 3258 tea
912 3205 953 3258 est
970 3199 1105 3258 Lacinia
1123 3216 1188 3258 cort·

164 3290 252 3347 ireres:
274 3290 431 3364 utrosque,
450 3288 508 3363 ait,
531 3288 672 3347 viderunt
690 3289 819 3348 Ausonii
837 3291 868 3348 et
886 3288 998 3347 exitum
1017 3287 1187 3348 certaminis

164 3378 380 3454 probaverunt:
409 3396 457 3436 me
484 3377 599 3437 scilicet
626 3378 740 3437 rictum
762 3377 934 3437 tendentem
960 3378 1077 3455 palmas
1105 3380 1136 3437 et
1158 3379 1188 3436 te

238 3536 271 3583 12
288 3546 400 3599 possum
415 3528 440 3583 V
454 3546 523 3584 corr.
539 3530 582 3585 ed.
609 3529 612 3600 l
637 3536 753 3584 utere-
766 3535 799 3583 13
817 3532 907 3586 Terei
925 3547 977 3585 om.
994 3530 1037 3584 ed.
1061 3529 1064 3601 l
1090 3544 1145 3584 ease
1163 3528 1188 3582 V

166 3608 205 3656 est
229 3617 288 3655 nos.
371 3608 405 3656 16
431 3602 706 3656 Damni—senectae
731 3602 811 3656 deest
835 3602 866 3657 in
886 3601 920 3667 V,
946 3602 997 3655 sed
1022 3600 1187 3669 explicatur.

168 3678 200 3727 1‘1
225 3678 360 3740 quantum
385 3673 428 3726 ed.
503 3676 537 3727 20
561 3671 724 3730 orbitate'lt
746 3673 793 3729 od.
818 3680 889 3731 tons
908 3672 1015 3741 noel
1041 3670 1200 3737 nonenim

160 3748 268 3795 -eretur
285 3742 328 3797 ed.
404 3749 440 3799 30
457 3747 596 3804 servandi
608 3746 637 3802 V
659 3747 749 3806 -dom
767 3747 817 3804 ed.
839 3748 854 3822 l
880 3743 975 3817 ipee‘i
1001 3747 1038 3795 ot
1053 3738 1107 3792 eo.
