2725 4150
453 390 456 397 .
565 335 793 392 Annnmosx
1123 341 1188 407 383

168 510 258 567 tanta
281 509 396 584 quanta
423 504 555 566 esuriens
578 506 625 565 leo
647 506 680 565 in
704 522 824 566 cervum
846 507 900 564 ant
923 524 1062 583 capream
1084 506 1188 583 fertur,

167 599 203 656 in
225 595 284 655 duo
307 595 422 656 scilicet
439 595 616 654 animalium
634 614 745 673 genera
768 613 843 673 quae
865 613 919 654 nec
937 613 1071 673 pugnare
1089 597 1189 656 sciunt

168 703 225 745 nec
253 685 367 746 habent
395 683 529 762 aliquam
555 684 587 743 in
614 683 780 746 resistendo
816 684 966 744 virtutem.
1020 686 1119 745 cetera
1149 685 1188 745 ad

167 793 313 852 pompam
334 772 543 851 descriptionis
566 773 730 850 pertinent,
757 776 792 833 ut
815 773 910 834 leonis
937 772 1066 834 aviditas
1090 775 1188 835 osten·

137 862 273 938 sdatni,
297 863 349 941 qui
367 866 439 924 tunc
462 863 575 941 gaudet
597 882 665 923 cum
688 861 751 923 eius
775 881 829 922 ora
847 863 934 940 copia
956 863 1050 922 nimia
1073 863 1187 925 cruoris

168 955 352 1014 horrescunt.
398 952 470 1013 licet
498 951 581 1012 illins
611 970 701 1012 cause
730 953 784 1037 qni
812 954 894 1012 veste
921 968 973 1012 ac·
988 953 1089 1029 pinnis
1120 972 1188 1013 con·

168 1043 292 1119 spiouns
320 1042 379 1102 fuit
407 1042 572 1102 Mezentius
604 1040 789 1116 advolasset,
816 1045 930 1117 tamen,
961 1043 1103 1119 quoniam
1135 1063 1189 1120 per

169 1133 249 1192 acies
273 1131 312 1190 ad
334 1150 404 1191 eum
425 1131 580 1208 pervenire
603 1132 759 1207 potuerat,
780 1131 892 1191 multos
916 1149 952 1189 ex
974 1150 1010 1192 ea
1032 1134 1187 1193 occasione

168 1214 343 1298 prostravit.¹
379 1222 520 1281 sternitur
541 1221 647 1293 infelix
664 1218 780 1280 Aaron:
802 1219 876 1280 bene
900 1219 976 1279 dixit
998 1220 1117 1298 infelix,
1140 1225 1249 1283 nttto

122 1329 150 1368 ro
167 1312 240 1388 pote
263 1310 317 1386 qui
339 1309 483 1370 derelicta
504 1310 669 1370 otiosarum
692 1309 869 1369 deliciarum
890 1311 977 1386 parte
999 1311 1132 1386 perrexit
1149 1313 1188 1372 ad

168 1402 321 1460 certam0n
340 1399 498 1474 Martium,
522 1398 603 1476 quod
625 1398 740 1476 inplere
758 1417 819 1458 non
841 1401 974 1475 poterat,
997 1402 1028 1459 et
1049 1400 1120 1460 inde
1142 1401 1187 1460 in·

167 1489 255 1564 felix,
285 1490 338 1567 qni
367 1508 421 1549 nec
451 1489 565 1565 nuptiis
594 1506 690 1549 novae
720 1488 855 1567 coniugis
884 1489 976 1565 potiri
1005 1491 1108 1564 potuit
1133 1509 1188 1550 nec

167 1579 278 1639 salute.
314 1583 342 1638 et
363 1578 491 1639 calcibus
508 1583 606 1639 otram
624 1578 721 1638 tandit
737 1579 859 1637 barnaba
882 1579 1022 1652 expirans
1044 1579 1187 1652 infracto·

167 1684 224 1743 bae
245 1667 303 1728 tela
325 1672 471 1728 comm.-
498 1667 636 1744 expirans
663 1667 811 1727 tundebat
837 1666 969 1727 calcibus
992 1667 1116 1742 terram,
1144 1670 1187 1729 sio

122 1780 149 1820 ιε
167 1757 250 1817 enim
281 1756 398 1817 faciunt
428 1756 518 1817 occisi
553 1756 707 1816 tundendo
743 1758 856 1817 terram
891 1756 1017 1833 pedibus
1055 1757 1188 1817 dolorem

166 1848 370 1907 monstrantes
394 1865 482 1923 quern
505 1846 626 1906 interim
649 1847 796 1921 sentiunt,
820 1845 961 1924 quoniam
986 1846 1047 1906 alia
1069 1846 1186 1906 ratione

166 1954 229 1995 non
251 1937 386 2012 possunt.
422 1936 568 2014 sanguine
587 1938 689 1996 autem
711 1934 833 2013 proprio
851 1936 913 1996 tela
930 1935 1060 1997 infracta
1082 1956 1187 1997 cruen-

167 2024 268 2086 tabat:
294 2023 425 2085 infracta
451 2043 513 2085 non
539 2025 637 2087 fracta
660 2024 801 2085 debemus
829 2024 977 2104 accipere;
1007 2026 1083 2087 alias
1107 2028 1187 2087 enim

166 2116 331 2175 infractum
362 2117 436 2175 satis
469 2116 598 2176 fractum
630 2114 708 2175 solet
742 2114 919 2193 significare.
978 2121 1064 2190 atquc
1082 2118 1185 2187 wem,

123 2226 149 2265 ao
166 2206 223 2265 hoc
256 2207 303 2265 est
332 2204 511 2280 Mezentius,
541 2206 700 2280 sapientem
728 2204 801 2264 boet
829 2209 872 2264 est
901 2206 1040 2279 depactas
1071 2204 1187 2267 Oroden

166 2299 309 2354 sternere:
349 2313 410 2354 non
446 2294 571 2373 dignm
607 2294 771 2355 arbitratus
813 2296 859 2353 est
895 2292 1015 2353 Oroden
1055 2297 1186 2356 sternere

166 2384 349 2461 fugientem
385 2387 518 2459 quantae
554 2382 635 2442 enim
670 2383 785 2462 gloriae
821 2401 884 2443 esse
916 2384 1018 2460 potuit
1049 2402 1186 2444 eversum

166 2470 277 2532 ferire?
318 2490 371 2532 aec
399 2474 478 2532 boeto
504 2490 622 2533 coecum
648 2473 721 2533 dore
748 2473 867 2548 cuspide
893 2472 1016 2531 calcas:
1046 2475 1186 2533 autnon

166 2562 284 2622 videnti
312 2562 403 2621 letale
430 2563 539 2622 vulnus
566 2562 684 2622 inferre.
730 2562 804 2639 qnid
831 2563 927 2641 igitur
955 2558 1046 2620 fecit?
1084 2562 1186 2623 obolas

123 2671 148 2710 as
167 2652 347 2724 adversoque
364 2652 503 2711 occurrit:
525 2650 599 2711 vicit
617 2650 680 2711 eius
699 2651 805 2729 fugam
828 2654 859 2710 et
881 2652 909 2710 ei
932 2650 1074 2711 adversus
1093 2670 1185 2728 appa·

165 2740 230 2800 ruit
253 2739 307 2817 qni
324 2741 417 2816 paulo
441 2742 511 2799 ante
528 2741 678 2817 posterior
700 2741 767 2800 fuit.
804 2758 890 2814 seque
911 2741 975 2799 otro
997 2740 1044 2798 oir
1067 2742 1186 2800 contulit
1196 2752 1247 2801 '135

164 2831 240 2890 boeot
265 2829 345 2902 facto
371 2830 486 2899 metior,
514 2829 566 2889 sed
591 2830 718 2903 fortibus
745 2831 852 2890 armis:
878 2830 992 2890 virtute
1014 2828 1116 2905 potius
1139 2830 1186 2890 vir

166 2919 233 2980 viro
255 2918 362 2978 melior
388 2939 480 2995 qnam
502 2919 583 2979 furto
611 2918 742 2979 contulit
763 2938 887 2979 manum
910 2922 941 2978 et
963 2921 1068 2994 aperto
1092 2921 1185 2980 certa-

165 3010 247 3067 mine
267 3009 421 3085 superavit
444 3027 512 3067 enm
534 3008 588 3086 qni
610 3027 642 3069 se
663 3009 808 3088 fugiendo
828 3010 1000 3086 speraverat
1018 3026 1185 3069 evasuram.

121 3117 147 3157 eo
165 3103 229 3157 toan
251 3114 340 3171 saper
363 3098 506 3158 abiectma
523 3098 619 3172 posito
638 3098 714 3172 pede
735 3099 825 3157 adeas
848 3101 874 3157 et
895 3098 996 3158 bostc:
1019 3115 1095 3172 pars
1118 3098 1185 3157 betti

164 3188 240 3247 lacet
261 3186 428 3257 temnenda,
451 3187 523 3256 obri,
546 3188 621 3247 tacet
643 3189 722 3247 clm
746 3185 863 3247 Orodea.
910 3187 1093 3247 conclament
1115 3188 1186 3247 socbc'

166 3278 276 3336 boetem
302 3293 422 3349 paeana
455 3277 559 3336 secuti:
589 3277 680 3337 huius
712 3295 792 3339 mors
824 3296 967 3355 magnum
999 3294 1072 3336 suae
1103 3278 1184 3354 parti

239 3452 255 3499 3
273 3447 407 3502 vinctam
420 3445 446 3500 V
464 3463 534 3502 corr.
548 3447 592 3501 ed.
666 3452 681 3501 '1
700 3449 872 3515 qaoaiom—
883 3452 899 3502 8
909 3453 1040 3516 potuerat
1056 3449 1125 3501 mut.
1141 3447 1183 3503 ed.

166 3518 537 3587 lteram—ltpoeeiated.
591 3522 626 3573 20
643 3524 735 3574 autem
751 3536 803 3587 pro
821 3520 890 3575 boat
907 3524 946 3574 est
958 3516 991 3573 V.
1043 3524 1077 3572 22
1096 3535 1185 3587 pacce-

165 3597 196 3645 tc
214 3591 288 3645 enim
305 3589 448 3660 ploriceV
465 3608 490 3659 q.
505 3608 527 3645 e.
540 3590 631 3661 plotio
644 3590 689 3645 ed.
744 3595 778 3644 26
798 3588 933 3663 poeotes
951 3590 988 3644 in
1003 3590 1107 3646 obtolit
1123 3605 1202 3641 esre,

165 3679 203 3715 m.
224 3660 258 3714 II.
337 3666 372 3714 2⁷
389 3662 488 3730 poem
510 3664 558 3719 οἱα
582 3661 691 3721 viroV
714 3680 772 3722 om.
790 3663 838 3721 ed.
919 3667 957 3717 ‘tle
984 3662 1147 3734 sapientem
1170 3656 1225 3708 ed.

159 3737 196 3782 30
205 3731 331 3796 pennata
346 3730 374 3784 V.
450 3738 487 3790 32
503 3736 589 3793 letum
606 3736 641 3796 V.
