2725 4150
532 331 717 388 cussinos
735 330 761 386 X
1088 332 1153 400 293

135 504 189 562 aut
206 520 294 562 suum
311 504 417 579 utpote
435 501 499 560 filia
517 504 572 561 aut
589 499 712 560 deorum
736 498 869 560 omnium
886 502 922 559 ut
941 499 1004 560 dea
1037 497 1155 560 addidit

134 591 290 650 hominum
319 594 350 650 et
378 591 481 650 divum
511 593 632 650 aeterna
660 591 809 667 potestas,
837 592 875 649 ut
903 588 1072 649 ostenderet
1100 607 1155 649 nac

133 679 290 740 hominum
314 699 495 757 quemquam
516 698 571 740 nec
593 677 717 739 deorum
739 677 845 738 debere
867 677 926 738 niti
953 679 1095 738 adversus
1119 696 1155 737 ea

135 789 212 846 quae
235 769 326 829 vellet
348 769 400 828 ille
420 770 474 845 qui
491 768 616 828 haberet
634 770 788 828 aeternam
805 770 994 845 potestatem.
1028 767 1154 827 aeterni-

104 874 116 914 c
134 862 229 918 tatem
251 859 411 935 potestatis
428 857 592 918 necessarie
610 857 733 934 adiecit3
756 860 884 935 possunt
907 858 987 916 enim
1005 855 1155 916 contemni

135 948 245 1025 quibus
269 947 432 1024 aliquando
455 946 630 1008 succeditur.
664 947 805 1020 (nomque
823 946 907 1007 allud
925 946 996 1019 quid
1017 946 1057 1006 sit
1078 945 1155 1019 quod

134 1039 196 1097 lum
217 1038 368 1110 inplorare
385 1037 558 1110 qucumesl)
577 1035 672 1096 oculs
689 1040 724 1095 et
739 1036 880 1096 insultent
896 1035 1002 1094 Rutuli
1020 1035 1155 1095 Tucuus-
1173 1045 1208 1096 ao

135 1143 189 1199 que
215 1129 330 1200 suatur
351 1143 409 1200 por
433 1126 544 1185 medios
570 1125 697 1200 insignis
720 1126 801 1198 equis
823 1124 1008 1200 tumidusque
1029 1124 1155 1184 secuudo

134 1217 236 1275 Morte
257 1217 346 1274 ruet?
377 1234 519 1293 magnum
538 1213 649 1275 doloris
669 1213 830 1274 commovit
848 1214 1009 1289 adfectum,
1033 1214 1154 1292 quando

90 1320 116 1360 ro
135 1305 174 1363 ad
196 1304 228 1362 id
250 1308 397 1364 memorat
418 1304 572 1364 fortunam
593 1302 793 1363 Troianorum
819 1321 882 1363 esse
909 1301 1098 1380 perductam,
1120 1305 1156 1363 ut

135 1395 198 1453 eius
226 1394 314 1454 malis
341 1393 425 1453 nullo
451 1393 513 1453 iam
540 1395 637 1470 possit
661 1391 793 1451 remedio
820 1391 980 1453 subveniri.
1026 1392 1155 1468 denique

135 1483 189 1543 sub
225 1482 283 1542 tali
317 1482 433 1542 invidia
469 1481 630 1542 subnexuit
665 1480 761 1546 cernis
797 1484 833 1540 ut
868 1481 1016 1541 insultent
1046 1481 1155 1540 Rutuli

135 1573 314 1648 Turnusque
342 1573 457 1631 feratur
483 1592 537 1648 per
562 1570 677 1631 medios
699 1569 828 1649 insignis
851 1571 936 1646 equis
959 1568 1153 1648 tumidusque

134 1663 263 1722 secundo
285 1662 380 1720 Marte
409 1660 501 1720 ruat?
531 1661 618 1737 quid,
642 1658 757 1737 inquit,
786 1660 835 1719 rel
862 1659 951 1735 quale
981 1658 1156 1718 beneficium

89 1764 115 1804 rs
134 1752 259 1828 perditis
287 1749 409 1827 petam?
458 1751 600 1825 facerem,
628 1750 655 1810 si
681 1747 798 1825 aliquid
828 1748 892 1826 spei
921 1750 1090 1825 superesset
1119 1748 1155 1808 de

133 1841 220 1916 meis,
249 1839 311 1899 iam
340 1840 473 1917 perfecta
504 1840 632 1900 victoria
667 1841 726 1914 est,
757 1838 947 1915 triumphant
977 1838 1084 1897 Rutuli
1116 1840 1155 1913 et,

134 1931 215 2007 quod
233 1932 279 1989 est
297 1929 378 1988 omni
396 1930 569 1988 calamitate
586 1927 732 2003 deterius,
749 1926 837 1988 victis
855 1927 1005 1988 insultant
1022 1927 1154 1989 Turnus·

134 2039 192 2097 que
214 2018 279 2096 ipse
301 2019 381 2079 inter
403 2018 517 2079 medios
540 2017 659 2081 vehitur
680 2019 774 2079 tutus.
815 2016 895 2096 qnod
913 2017 958 2078 cit
976 2017 1155 2096 Turnusque

133 2111 249 2169 feratur
277 2128 331 2186 per
359 2108 472 2169 medios
501 2108 628 2187 insignis
658 2107 756 2185 equis,
789 2109 819 2165 et
850 2110 990 2185 portatur
1019 2108 1156 2187 intellegi

89 2215 115 2256 ro
133 2201 242 2275 potest,
257 2200 401 2275 quoniam
414 2217 560 2274 equorum
568 2198 651 2257 facta
660 2198 901 2257 commemoratio
912 2199 966 2273 est,
975 2199 1006 2255 et
1016 2197 1156 2273 superbia

133 2288 262 2364 feratur,
290 2290 433 2364 quoniam
463 2286 499 2346 de
526 2287 639 2347 victore
666 2287 859 2363 loquebatur,
889 2306 979 2364 quem
1008 2286 1155 2346 secundae

133 2396 180 2437 res
213 2381 343 2436 erectum
375 2377 592 2453 sublimemque
620 2376 815 2453 perfecerant.
859 2375 988 2453 denique
1018 2376 1155 2451 sequitur

133 2466 326 2542 tumidusque
359 2466 488 2526 secundo
517 2467 614 2525 Marte
645 2468 725 2525 ruat.
785 2482 850 2524 ecoe
886 2464 965 2523 unde
994 2463 1155 2540 ferebatur,

135 2558 279 2633 quoniam
300 2557 403 2616 favore
425 2555 532 2616 Martis
554 2555 672 2615 utiliter
694 2553 940 2629 commodumque
958 2556 1155 2630 pugnaverat.

89 2660 115 2701 ss
135 2645 286 2721 conplevit
307 2647 403 2722 partis
422 2645 517 2705 Turni
540 2648 571 2704 et
593 2645 656 2703 eius
675 2643 906 2720 prosperitatem
923 2643 1083 2720 prosecuta
1100 2644 1155 2717 est,

134 2735 241 2812 incipit
259 2738 363 2794 contra
381 2754 554 2794 enumerare
569 2752 690 2793 suorum
705 2730 844 2791 adversa:
862 2731 1040 2790 conclausa
1058 2735 1157 2805 tegent

133 2826 196 2884 lom
231 2825 347 2884 moenie
379 2825 513 2883 Teucros.
569 2841 660 2899 quam
691 2840 774 2897 spem
805 2819 914 2880 habere
945 2823 1072 2897 possunt
1104 2820 1156 2898 qui

134 2914 319 2972 munimenta
342 2913 537 2990 perdiderunt
559 2910 821 2986 defensionemque
845 2908 1032 2969 castrorum?
1084 2910 1155 2984 quire

133 3003 214 3062 intro
231 3007 336 3075 portus
360 3006 445 3075 etque
466 3003 541 3075 ipsis
560 3000 675 3075 proelio
692 3001 814 3059 misceret
831 3000 985 3074 aggeribus
1002 3016 1155 3059 mororum

89 3105 116 3145 so
134 3096 161 3149 et
191 3092 341 3150 emundant
370 3092 516 3166 sanquine
546 3091 659 3163 fossos·
691 3091 888 3167 augmentum
919 3092 965 3149 est
995 3089 1154 3165 malorum,

206 3304 267 3353 tet
285 3299 408 3353 adunit.
428 3296 471 3350 ed.
551 3297 753 3351 enecessarioc
770 3294 830 3349 VR.
911 3300 1003 3349 daco
1020 3295 1111 3349 editur
1129 3294 1155 3347 V

133 3370 254 3424 succedit
277 3369 301 3421 R
327 3368 481 3424 succeditur
504 3384 556 3421 nos
581 3367 617 3423 of.
639 3373 663 3433 1,
685 3372 737 3420 230
762 3384 814 3421 suu
834 3372 955 3435 potestus
980 3366 1086 3421 tollitur
1110 3365 1153 3420 ed.

136 3447 265 3495 'tiernus
279 3439 390 3509 qcacV.
446 3440 596 3508 sinopes
609 3440 670 3507 quis
679 3438 712 3492 V.
766 3443 933 3493 9moteruat
946 3436 971 3489 R
984 3437 1062 3503 item,
1077 3436 1155 3491 sedr

135 3528 271 3580 supersor.
286 3510 320 3566 V.
394 3516 428 3565 14
447 3512 601 3579 benefitium
618 3510 651 3563 R.
722 3515 755 3564 15
770 3510 890 3579 perditis
903 3508 955 3562 VR
968 3524 1024 3577 pro
1039 3525 1067 3576 p.
1083 3507 1127 3561 ed.

135 3585 168 3637 cle
186 3585 253 3638 meis
271 3582 383 3637 omed.
467 3588 501 3637 16
524 3588 563 3637 cst
581 3581 693 3635 omed.
776 3586 810 3634 18
835 3586 987 3649 toruosque
1007 3578 1107 3647 VRq

138 3656 251 3710 Turnus
269 3654 313 3709 ed.
390 3659 424 3708 21
443 3655 544 3710 uictore
556 3652 608 3708 VR
625 3653 744 3711 victorio
762 3652 809 3709 ed.
887 3650 1183 3712 decoquebantque

131 3727 158 3777 R
174 3726 362 3793 commodoque
377 3724 403 3779 V
417 3727 608 3801 commodeque
628 3728 673 3787 ed.
750 3732 789 3785 ab
808 3728 905 3799 fossos
913 3724 977 3780 VR
994 3722 1096 3790 foues
1112 3714 1167 3769 eu·
