2725 4150
443 390 449 400 .
547 353 798 409 murmosvn
1138 343 1182 422 63

164 524 367 603 tellegendum
389 527 435 584 est
453 568 705 584 ............
724 525 876 598 sceptrum
893 524 1061 584 transcribi.
1102 523 1183 599 quod

162 617 265 674 autem
294 613 339 672 ait
366 615 414 673 tot
442 613 573 688 labores,
601 631 620 671 a
647 611 819 688 quantitate
846 608 956 672 adiecit
981 613 1099 689 pondus
1121 612 1183 672 dio·

162 704 252 780 tioni’3
279 703 362 779 qnod
392 704 437 761 ait
464 704 532 778 tua,
559 702 659 762 laudis
686 701 752 761 loeo
780 702 999 778 accipiendum,
1021 701 1183 762 Dardaniis

162 812 232 854 vero
266 809 322 869 pro
356 793 503 866 convicio,
532 793 637 869 utpote
667 791 722 867 qni
751 809 807 851 sua
841 791 1041 869 perdidissent
1074 793 1106 849 et
1137 791 1183 850 in·

135 882 272 943 evadere
291 885 434 958 cuperent
452 882 559 940 aliena.
590 881 699 957 incipit
717 880 833 958 aperire
852 881 934 956 qnod
952 898 1045 958 supra
1060 899 1183 960 genera·

161 972 233 1032 liter
261 972 372 1048 posuit.
415 987 467 1029 ree
494 972 547 1029 tibi
574 971 756 1044 centuplum:
781 989 834 1029 rex
855 973 910 1030 tuo
933 989 1049 1048 semper
1072 970 1184 1031 auxilio

162 1064 192 1121 et
214 1060 318 1129 labore
341 1060 479 1119 defensus
503 1059 560 1118 tibi
579 1062 734 1119 tantorum
752 1060 926 1119 meritorum
943 1059 1009 1120 viro
1027 1062 1184 1136 tamquam

161 1150 301 1228 indigno,
323 1152 478 1225 tamquam
498 1148 587 1208 inerti
605 1149 791 1226 coniugium,
809 1149 865 1209 hoe
884 1152 930 1209 est
947 1168 1007 1209 non
1024 1170 1088 1209 rem
1106 1149 1185 1208 ludi·

162 1259 245 1300 cram
269 1242 323 1298 ant
343 1239 453 1313 levem,
472 1237 524 1297 sed
542 1237 716 1316 coniugium
734 1241 839 1316 negat:
862 1258 922 1298 non
940 1238 1017 1298 dixit
1035 1257 1185 1317 sponsam,

120 1344 145 1384 ro
163 1329 308 1407 quoniam
328 1329 416 1387 tanto
440 1327 560 1387 adfectu
583 1328 666 1405 apud
688 1327 832 1387 Latinum
856 1331 911 1388 aut
930 1327 1073 1387 Amatam
1095 1328 1184 1388 habe·

161 1419 267 1493 batur,
296 1417 384 1493 quasi
412 1417 475 1476 iem
503 1418 550 1476 illi
579 1416 748 1476 iunxissent
775 1417 870 1476 filiam
899 1435 994 1476 suam.
1046 1422 1071 1476 et
1099 1434 1185 1492 prece-

162 1510 238 1568 sitos
264 1507 409 1581 scopetur
432 1506 511 1565 detes
536 1508 675 1580 obrepet:
707 1525 773 1565 ecee
796 1506 880 1564 etin
902 1506 959 1565 hac
982 1509 1068 1583 parte
1091 1508 1186 1585 satiat

163 1597 245 1673 quod
277 1595 446 1671 adserebat3
476 1596 552 1654 dixit
583 1597 662 1654 enim
693 1595 830 1656 Turnum
859 1594 938 1655 dctis
969 1613 1089 1671 quoque
1121 1614 1185 1654 esse

162 1702 378 1764 possessorem,
402 1704 436 1744 ae
459 1704 513 1762 per
534 1686 591 1744 hcc
614 1703 674 1744 non
698 1686 726 1743 ei
749 1703 890 1762 sponsam
909 1685 1027 1763 negari,
1046 1684 1099 1744 sed
1117 1703 1185 1744 con·

118 1791 144 1831 rs
162 1777 278 1852 iugem,
302 1793 378 1851 quae
402 1775 503 1833 omnia
524 1794 585 1834 non
607 1775 682 1849 levi,
705 1774 758 1834 sed
780 1773 947 1851 periculoso
970 1774 1072 1834 labore
1095 1792 1185 1849 quae·

163 1867 262 1924 sisset.
308 1867 497 1935 moresque
519 1865 553 1922 ire
573 1880 698 1938 reprerrm
720 1865 872 1936 quaererer
894 1864 988 1934 eres,
1015 1863 1096 1940 quod
1121 1865 1187 1923 erat

162 1955 346 2013 iniuriarum
363 1956 566 2030 augmentum,
585 1952 699 2012 scilicet
716 1953 876 2030 indignum
892 1954 1042 2029 praeferre
1060 1953 1187 2014 meliori.

163 2045 281 2113 inune,
300 2043 426 2117 ieprctts
444 2044 517 2116 offer
534 2047 568 2112 te,
587 2043 688 2112 irrrr'se,
704 2043 834 2116 periclis,
856 2043 1033 2118 rprreeees,
1052 2045 1073 2114 r',
1092 2047 1248 2108 sterneret

164 2135 251 2202 ceree,
274 2136 334 2206 ispe
353 2149 427 2206 poce
445 2132 586 2191 Latinos:
613 2131 687 2207 quid
708 2133 826 2211 profuit
846 2134 958 2193 totiens
981 2136 1011 2193 te
1034 2130 1187 2194 laboribus

119 2238 147 2279 so
164 2223 316 2282 obiectum
343 2223 374 2281 et
399 2220 541 2298 periculis
568 2222 630 2280 tuis
655 2224 765 2281 stratos
790 2241 853 2281 esse
877 2222 1067 2299 Tyrrhenos?
1113 2223 1188 2299 quid

163 2312 259 2372 Italos
287 2310 350 2370 otio
377 2313 487 2371 texisse
512 2309 678 2389 perpetuo?
723 2311 794 2370 baec
817 2312 889 2371 adeo
912 2314 964 2371 tibi
986 2329 1044 2381 me,
1066 2313 1188 2385 pleer‘da

164 2420 231 2461 cerm
258 2405 339 2459 reete
365 2401 488 2469 laceret,
518 2402 587 2473 ipso
612 2401 716 2474 palem
745 2401 807 2473 scri
834 2403 1014 2473 omnipotens
1042 2400 1188 2459 Setrrrrrr'a

163 2492 265 2551 issue:
296 2488 423 2565 denique
446 2508 516 2549 curn
532 2490 604 2548 baec
623 2490 697 2550 satis
715 2489 842 2567 indigna
860 2490 1059 2563 omnipotenti
1076 2490 1188 2547 Iunoni

164 2579 402 2657 displicuissent,
424 2579 513 2639 iussit
535 2579 722 2638 manifestari
745 2578 802 2637 tibi
824 2597 877 2653 per
899 2597 958 2653 me,
979 2597 1030 2652 ne,
1049 2578 1121 2637 dum
1143 2596 1186 2637 se-

122 2684 147 2723 ss
165 2688 256 2729 emus
273 2670 392 2727 noctem
410 2670 585 2728 continuam
603 2667 776 2727 dormiendo
795 2666 934 2743 conteris,
951 2686 1078 2745 regnum
1098 2666 1188 2726 simul

165 2762 196 2818 et
218 2757 403 2818 consortium
426 2758 533 2835 perdas
556 2758 665 2817 uxoris.
713 2756 789 2816 dixit
811 2758 913 2816 omnia
935 2776 1013 2832 quae
1035 2757 1188 2816 hominem

164 2848 283 2927 regium
313 2864 348 2906 ao
378 2848 485 2906 fortem
515 2848 623 2906 meritc
653 2848 882 2905 commoverent.
929 2846 1006 2905 dixit
1034 2846 1188 2908 laboribus

166 2938 228 2996 eius
252 2936 384 3015 gratiam
406 2956 467 2995 non
490 2936 587 2995 solnm
610 2955 670 2994 non
691 2936 797 2994 referri
814 2952 919 2995 verum
939 2938 1032 2996 etiam
1049 2937 1188 2997 intolera-

165 3027 258 3085 bilem
279 3025 424 3105 iniuriam
447 3026 572 3100 factam,
594 3024 679 3084 cuius
702 3024 883 3102 indignitate
900 3027 1007 3085 merito
1027 3026 1141 3086 doleret
1159 3029 1189 3085 et

126 3130 150 3170 ee
165 3115 257 3191 Iuno,
289 3115 415 3174 inrisum
447 3114 561 3174 scilicet
591 3115 644 3189 qui
675 3116 791 3174 factum
820 3115 977 3175 defendere
1007 3115 1127 3175 deberet
1158 3119 1189 3174 et

239 3255 254 3302 1
274 3256 315 3305 est
329 3255 464 3317 sceptrum
477 3247 503 3302 V
517 3249 574 3304 ed:
594 3248 704 3318 aliquid
719 3249 856 3304 excidisse
869 3252 962 3317 patet,
978 3249 1015 3302 ad
1029 3248 1188 3317 exemplum

167 3320 303 3376 similium
322 3320 447 3374 locorum
465 3320 512 3390 (of.
526 3326 551 3387 8,
564 3324 608 3387 74)
626 3328 658 3375 ret
675 3323 712 3375 sr't
727 3322 835 3389 patiere
852 3322 930 3387 fresos
949 3322 1067 3387 labores,
1080 3322 1188 3389 patiere

167 3392 303 3461 suspicor.
358 3392 578 3460 dperdedr'sserrt
590 3391 624 3446 V.
675 3394 838 3461 despireret
850 3391 884 3445 V.
936 3397 1107 3460 erumperem
1122 3394 1188 3445 ante

167 3465 283 3533 indipnc
302 3480 356 3517 om.
371 3462 415 3517 ed.
471 3468 505 3517 10
524 3470 577 3532 quo
592 3463 618 3517 V
632 3465 763 3533 quomodo
779 3463 832 3518 ΟΠ
845 3463 888 3517 ed.
908 3464 1038 3531 proriam
1057 3462 1101 3517 ed.
1115 3465 1188 3531 post.

168 3541 201 3588 11
220 3536 357 3590 immorer
375 3534 419 3589 ed.
472 3540 506 3588 14
524 3537 636 3604 ceperis
649 3543 675 3590 et
688 3535 714 3589 V
731 3537 869 3605 reperiet
886 3533 929 3588 ed.
984 3539 1017 3587 16
1035 3551 1150 3604 reprererre
1163 3534 1189 3587 V

167 3624 257 3676 repere
270 3605 314 3660 ed.
366 3611 400 3660 18
418 3608 611 3661 iantesterrre
624 3606 776 3664 omVed.
791 3606 858 3663 add.
873 3606 1012 3678 edpost.
1061 3612 1102 3660 ‘tt
1116 3607 1208 3661 orout·

158 3679 272 3741 WW'
288 3676 442 3744 Vmafflae
462 3678 507 3733 ede
583 3685 618 3735 28
642 3685 757 3756 repperi
775 3682 803 3740 V
825 3683 933 3754 referri
953 3698 1011 3738 nos
1033 3680 1162 3736 relotoro
1179 3674 1231 3728 eb-

153 3746 306 3806 ⁶50me
329 3744 355 3797 V
368 3747 412 3801 ed·
430 3758 575 3816 paetum?
592 3773 634 3813 an
654 3760 803 3819 Latium?
