2725 4150
557 336 799 393 suusmosss
1122 342 1188 409 479

167 509 232 581 tur,
262 505 387 582 proinde
415 506 614 582 separandum
640 508 687 566 est
714 505 795 583 quod
827 508 872 565 ait
902 525 1085 584 quamquam
1114 527 1132 568 o
1163 511 1189 570 si

168 596 275 654 solitae
299 594 460 671 quicquam
482 595 604 654 virtutis
627 595 753 656 adesset.
794 595 851 656 hoc
873 596 954 654 enim
978 596 1112 674 optantis
1135 602 1189 674 est,

167 684 245 742 illud
272 703 343 743 vero
367 684 447 760 quod
476 687 613 744 secutum
635 686 681 744 est
704 679 727 763 †
749 685 806 743 hoc
828 684 887 743 fuit
911 685 992 761 quod
1017 685 1188 762 optabatur.

167 774 219 832 ille
241 772 316 831 mihi
339 776 409 832 aute
433 773 522 834 alios:
544 773 610 849 ille,
631 772 745 850 inquit,
767 772 817 833 rel
838 775 980 851 maxime,
1004 776 1053 834 cui
1074 776 1190 853 profuit

137 862 249 939 equod
266 863 387 921 fortiter
408 862 527 938 cecidit,
550 882 587 922 ne
609 863 672 922 tale
696 863 822 923 dedecus
845 867 991 939 cerneret,
1015 865 1068 941 qui
1090 865 1190 926 fiserat

167 952 249 1026 felix,
266 950 371 1030 magni
384 951 477 1012 animi
494 954 524 1011 et
538 953 571 1010 in
585 951 738 1012 laboribus
753 951 880 1030 patiens.
912 953 1018 1014 laudat
1035 954 1188 1015 fortunam

166 1040 225 1100 riri
247 1042 335 1100 fortis
362 1044 393 1101 et
419 1061 480 1102 non
508 1040 582 1101 dicit
608 1059 729 1116 nomen,
757 1060 859 1102 omnes
885 1044 987 1102 tamen
1009 1043 1189 1104 Mezentium

167 1132 316 1206 sentiunt,
340 1131 393 1207 qui
416 1150 483 1191 oum
506 1149 563 1191 sua
585 1130 732 1190 felicitato
754 1131 916 1208 procubuit
937 1133 1111 1194 interiectus
1135 1153 1190 1194 nec

166 1221 205 1280 ad
223 1221 279 1278 illa
297 1219 414 1280 consilii
431 1220 565 1280 ludibria
581 1222 751 1280 reservatus
773 1222 831 1296 est,
854 1223 890 1280 111
907 1225 1036 1282 sumeret
1053 1226 1189 1300 praemia

122 1323 148 1362 1o
166 1311 220 1385 qui
242 1328 302 1369 non
324 1309 439 1370 vicerat
463 1312 494 1369 et
517 1309 570 1386 qui
591 1309 673 1369 vinci
695 1311 836 1386 potuerat
857 1313 1025 1389 rogaretur.
1062 1314 1127 1390 qui,
1150 1334 1187 1373 ne

167 1399 240 1475 quid
257 1399 319 1458 tale
337 1399 466 1475 rideret,
484 1398 645 1476 procubuit
662 1398 791 1459 moriens
811 1399 854 1459 sic
872 1401 1005 1478 positum
1023 1405 1081 1477 est,
1101 1405 1188 1480 quasi

165 1508 226 1548 non
247 1488 346 1548 victus
365 1488 532 1564 cecidisset,
554 1488 608 1548 sed
625 1489 782 1549 voluntate
801 1507 869 1549 sua:
891 1490 948 1549 hoo
970 1489 1052 1566 ideo,
1075 1494 1110 1551 ut
1127 1492 1188 1552 ric·

165 1579 239 1637 toris
262 1577 448 1638 minueretur
470 1577 567 1656 gloria
590 1580 621 1637 et
641 1579 833 1655 praevenisse
855 1579 965 1638 talium
995 1580 1188 1640 consiliorum

164 1667 385 1742 turpitudinem
399 1667 568 1726 crederetur
585 1666 640 1743 qui
656 1667 834 1728 necessitate
853 1668 1063 1745 potiusquam
1080 1670 1187 1728 volun·

121 1769 147 1809 15
164 1759 228 1816 tate
247 1756 425 1816 conciderat.
457 1758 507 1816 sia
529 1760 556 1815 11
572 1773 641 1830 opes
657 1757 743 1817 nobis
766 1761 792 1816 ct
810 1757 906 1817 adhuc
922 1759 1034 1818 1111111
1051 1759 1187 1820 iuuentus

164 1844 349 1920 [1111111111
361 1847 449 1904 arbes
461 1845 560 1904 Italae
574 1846 734 1921 populique
746 1845 932 1923 1111111111]
944 1849 994 1907 sia
1007 1851 1034 1907 11
1047 1848 1187 1908 Troianis
1196 1857 1249 1907 420

165 1953 231 1994 cura
248 1935 338 1993 molto
354 1935 451 2009 picria
467 1936 548 1994 venit
563 1936 709 2010 sanquine
732 1936 815 2010 (sont
836 1937 897 1996 iltis
915 1954 971 1996 saa
989 1939 1099 2011 facero
1112 1955 1186 2011 par·

164 2041 219 2099 pue
241 2041 297 2099 per
323 2025 419 2084 omnis
447 2025 630 2099 1111111111·
659 2043 712 2085 carr
738 2026 888 2086 indecores
908 2027 942 2086 ia
965 2027 1065 2088 limine
1086 2028 1186 2102 primo

164 2115 336 2186 deficimus?
372 2132 425 2173 cur
452 2117 643 2174 1111111111
669 2119 776 2174 tremor
803 2120 923 2190 occupat
948 2118 1051 2177 onas?
1087 2118 1186 2177 adfuit

119 2203 301 2280 suparibus
326 2203 389 2263 suis
412 2206 443 2262 et
465 2222 501 2264 ea
524 2204 631 2282 quibus
660 2204 846 2283 gravabatur
872 2205 1090 2267 extenuationis
1113 2207 1184 2267 arti-

163 2292 218 2352 bus
246 2292 393 2353 relcvavit
417 2293 543 2353 inducta
571 2293 686 2353 seilicet
712 2296 933 2371 conparatione.
978 2314 1046 2371 uos,
1075 2297 1186 2372 inquit,

163 2382 190 2441 si
212 2383 325 2459 priores
349 2401 419 2459 opes
438 2382 636 2460 perdidimus,
658 2382 802 2444 habemus
826 2384 915 2459 alias,
937 2383 1069 2461 primum
1091 2386 1185 2443 intac-

162 2474 227 2531 tam
249 2473 445 2532 iuventutem.
477 2473 618 2533 iuventus
636 2474 754 2533 intacta
776 2475 822 2533 est
840 2492 918 2550 quae
939 2473 1072 2533 nondum
1094 2475 1185 2533 inter·

162 2562 222 2620 fuit
239 2561 326 2621 bellis
344 2560 527 2638 perindeque
539 2562 645 2622 robore
657 2562 776 2641 integro
795 2562 877 2623 stab
894 2563 976 2623 omui
988 2563 1184 2622 certaminum

117 2664 144 2704 rs
162 2650 342 2729 fatigatione
365 2650 494 2711 (11111111,
515 2653 709 2712 monstratur.
746 2654 818 2712 sunt
840 2654 871 2712 et
888 2651 1002 2711 auxilia
1020 2652 1185 2726 multarum

161 2740 283 2800 urbium
304 2741 529 2817 multorumque
552 2742 748 2818 populorumr
771 2744 872 2801 totum
891 2742 1001 2802 falsum
1019 2741 1185 2819 adserebat,

162 2832 293 2889 ceterum
316 2829 342 2890 si
364 2849 468 2891 verum
490 2832 581 2905 esset,
604 2831 773 2890 ostenderet
792 2830 966 2891 definienter
987 2832 1109 2891 urbium
1131 2850 1184 2891 no·

161 2918 245 2978 mina
281 2921 312 2978 et
344 2920 491 2980 vocabula
525 2921 661 2998 gentium
691 2920 739 2980 vel
767 2920 925 2981 hominum
957 2919 1183 2980 demonstraret.

161 3009 235 3068 haec
258 3009 380 3068 fuerunt
402 3028 457 3085 pro
480 3008 618 3087 partibus
636 3010 744 3069 Tumi:
767 3010 842 3070 dicit
863 3011 925 3070 iam
946 3010 1068 3069 alterius
1087 3009 1183 3086 partis

115 3117 143 3156 so
160 3096 350 3158 incommoda
372 3100 479 3176 gravia
501 3099 575 3159 satis
599 3100 630 3158 et
651 3100 833 3175 perniciosa,
860 3102 896 3158 ut
917 3118 1022 3177 parem
1044 3099 1184 3159 ostendat

161 3187 319 3262 utriusque
352 3187 448 3264 partis
480 3188 614 3248 extitisse
645 3188 808 3249 fortunam.
855 3190 882 3249 si
911 3191 1042 3265 constat,
1073 3189 1183 3265 inquit,

234 3382 248 3430 1
268 3392 285 3432 o
302 3377 399 3431 solitae
411 3375 438 3430 V
457 3376 497 3446 (in
514 3375 648 3431 lemmate
666 3378 761 3447 recte).
834 3382 850 3430 1
873 3378 923 3433 hoc
940 3378 997 3444 fuit
1013 3376 1039 3431 V
1058 3376 1101 3431 ed.
1122 3392 1182 3431 cor-

161 3449 275 3516 ruptum
294 3449 377 3517 puto,
396 3446 516 3502 fortasse
533 3449 691 3518 sipaificat?
754 3450 898 3503 8111111111
910 3448 937 3503 V
954 3449 1113 3515 interfectus
1131 3464 1181 3502 nos

161 3536 215 3572 om.
235 3518 278 3574 ed.
352 3524 368 3573 9
387 3520 498 3575 constiti
515 3518 541 3573 V
559 3518 603 3574 ed.
677 3525 711 3574 16
729 3521 1085 3590 cautioque-superum
1103 3518 1182 3574 deest

160 3590 191 3643 in
209 3589 244 3656 V,
263 3590 313 3644 sed
332 3591 497 3659 explicatur.
565 3596 597 3645 11
616 3589 722 3646 saatV
738 3598 855 3661 suntque
874 3592 917 3646 ed.
986 3596 1020 3645 18
1039 3608 1113 3647 coros
1130 3607 1181 3660 pro

160 3679 211 3716 car
228 3662 368 3718 indecores
381 3662 415 3717 V.
489 3667 522 3717 19
542 3663 656 3718 11111111
672 3661 707 3718 V.
780 3668 814 3717 23
833 3662 1008 3733 quaedumV
1026 3679 1096 3733 quac
1113 3680 1181 3719 aore-

161 3734 227 3788 dum
246 3732 316 3787 eds.
390 3738 424 3787 2⁷
443 3734 604 3803 definienter
616 3733 643 3788 V
661 3752 784 3806 cupresso
803 3734 848 3790 ed.
