2725 4150
531 309 757 366 mnnmosx
1087 313 1152 381 373

130 498 196 539 non
213 481 316 557 posset
333 480 365 538 et
382 479 485 538 uxoris
499 479 655 556 postulata
672 497 733 538 non
751 478 890 540 laederet.
913 477 1026 556 patior,
1045 479 1152 556 inquit,

130 571 170 628 ut
186 568 274 628 illum
290 566 412 628 interim
429 567 583 647 ingruenti
594 569 658 629 iam
671 568 831 629 subtrahas
849 568 941 628 morti
957 588 1046 646 quem
1063 568 1152 629 oadu-

132 677 203 718 oum
231 675 294 719 esse
321 656 516 717 manifestum
538 659 593 718 est.
638 656 784 719 caducum
808 656 919 718 dicitur
942 657 1085 735 quicquid
1107 658 1152 717 in·

132 750 253 807 maturo
275 756 410 823 tempore
432 745 514 806 cadit
536 764 572 806 ao
593 749 686 824 perit,
714 750 750 807 ut
772 750 843 808 sunt
866 747 1006 806 arborum
1028 747 1154 823 fructus,

98 861 113 901 a
133 856 263 914 quorum
274 854 345 913 pars
360 835 531 914 appellatur
548 835 662 896 caduca
678 855 757 912 quae
775 838 807 895 in
824 855 897 897 usus
916 837 1071 897 hominum
1093 855 1153 896 non

132 925 231 1001 venit,
253 926 412 1002 propterea
430 924 510 1001 quod
527 943 588 984 non
607 925 718 1003 adepta
731 924 780 985 sui
797 926 1006 987 maturitatem
1023 929 1153 1002 proster-

132 1016 219 1075 nitur
237 1032 272 1074 ao
293 1013 380 1092 perit.
412 1013 482 1074 inde
500 1014 683 1075 translatum
701 1017 747 1075 est
771 1017 805 1074 ut
823 1014 928 1075 caduci
946 1015 1085 1076 dicantur
1102 1017 1153 1075 ho·

132 1105 229 1164 mines
257 1105 311 1181 qui
336 1103 370 1162 in
392 1103 524 1180 pueritia
546 1105 601 1163 aut
623 1103 748 1164 iuventa
765 1104 943 1164 moriuntur.
977 1105 1026 1165 hic
1044 1106 1155 1165 uectat

133 1196 226 1272 poeta
243 1192 366 1253 dilatmi
383 1211 470 1270 posse
490 1193 682 1269 aliquantum
700 1194 829 1254 hominis
850 1195 959 1269 vitam,
982 1195 1154 1272 perpetuari

88 1307 115 1347 ro
132 1302 204 1345 vero
228 1301 288 1342 non
310 1299 406 1360 posse.
443 1279 488 1342 ait
514 1300 585 1360 ergo
615 1283 763 1343 simoras
786 1282 832 1343 vis
854 1281 1020 1359 interponi,
1042 1287 1078 1344 ut
1100 1284 1154 1343 ali·

133 1374 249 1451 quanto
262 1371 379 1432 tardius
393 1371 483 1431 cadat
501 1372 554 1448 qui
571 1370 633 1430 iam
651 1371 753 1431 fuerat
770 1372 933 1448 pariturus,
951 1372 1091 1432 badonas
1108 1374 1154 1432 r‘n·
1164 1382 1216 1432 625

133 1462 261 1522 naara
277 1464 376 1531 naen,
399 1459 431 1520 id
446 1462 491 1520 est
503 1461 563 1520 huc
576 1479 671 1538 usque
689 1463 790 1538 potest
806 1460 921 1521 inlaesa
938 1461 1071 1521 fatorum
1087 1461 1154 1539 lege

132 1550 298 1629 praestari3
314 1551 363 1611 sin
381 1549 469 1610 altior
481 1550 547 1610 atas
564 1551 619 1610 aab
635 1551 772 1624 prensos
789 1551 877 1610 nenia
894 1550 959 1610 nlla
972 1550 1040 1610 latet
1053 1553 1154 1609 tatam-

133 1658 189 1714 pne
210 1640 321 1700 noceri
342 1639 487 1699 notariae
503 1643 597 1712 paras
617 1638 736 1709 benun,
760 1655 826 1712 spec
844 1640 947 1713 pascis
968 1640 1085 1699 inanis:
1108 1638 1154 1699 sin

89 1748 205 1792 avaro
228 1729 297 1806 plus
320 1726 437 1806 aliquid
459 1746 562 1805 speras
590 1746 626 1789 ac
648 1728 704 1788 sub
727 1727 862 1806 precibus
886 1729 947 1788 tuis
970 1729 1047 1788 latet
1069 1728 1154 1787 aliud

134 1818 218 1897 quod
240 1816 362 1879 concedi
390 1837 451 1878 non
468 1816 566 1895 possit
587 1819 619 1876 et
640 1820 732 1895 putas
760 1820 815 1879 aut
837 1820 909 1895 poni
931 1817 1045 1877 bellum
1067 1835 1154 1895 posse

134 1908 316 1969 autmutari
329 1905 531 1985 pactionibus,
549 1924 629 1967 vana
647 1905 764 1968 duceris
783 1925 849 1985 spe,
868 1906 939 1984 quia
952 1907 1018 1968 fieri
1036 1925 1154 1968 necesse

134 2000 181 2059 est
204 1996 285 2077 quod
307 1995 379 2056 fatis
399 1995 607 2056 definientibus
630 1999 754 2056 cautum
777 1999 831 2058 cst.
858 2015 941 2075 spem
965 2016 1086 2077 pascere
1110 2002 1156 2057 est

134 2088 225 2166 quasi
249 2088 351 2164 aliquo
375 2085 440 2146 cibo
464 2085 618 2163 promissis
641 2086 782 2147 inanibus
806 2090 912 2164 optata
934 2089 1057 2148 nutrire.
1090 2106 1156 2148 ecoe

90 2198 117 2239 io
133 2178 231 2237 bonus
244 2175 372 2255 largitor
384 2175 535 2235 beneficii:
549 2178 580 2235 et
592 2193 693 2236 moras
707 2175 847 2254 promisit
860 2180 891 2237 ot
904 2178 1156 2255 quemadmodum

133 2267 290 2345 procurari
300 2267 423 2342 possent
433 2264 572 2342 possibili
582 2265 775 2325 consiliorum
786 2265 917 2326 remedio
930 2266 1155 2340 demonstravit,

133 2361 169 2417 nt
191 2356 266 2435 iuga
289 2354 478 2415 subtraheret
500 2354 690 2431 aliquantum
713 2374 803 2431 quem
825 2357 887 2414 iam
909 2354 1076 2432 ingruentis
1101 2354 1155 2415 leti

133 2444 290 2524 premebat
303 2443 457 2504 acerbitas.
481 2443 594 2502 etIrnro
606 2443 822 2503 αᾱῑαοηῆηαηεε
837 2445 1050 2521 praeeuntibus
1063 2443 1155 2505 verba

133 2533 267 2596 lacrimis
290 2534 333 2593 sic
355 2533 431 2592 Iuno
459 2532 622 2609 respondit.
660 2532 744 2606 qaia,
768 2533 796 2592 ec'
824 2549 899 2606 anae
924 2549 991 2592 voce
1016 2534 1155 2607 macaris

89 2642 115 2683 is
133 2628 229 2685 mente
246 2623 334 2682 dares
351 2626 437 2695 atpne
454 2621 525 2681 haec
539 2622 641 2681 Tarne
658 2625 728 2681 rata
745 2622 807 2680 otta
824 2622 974 2681 maneret?
996 2639 1075 2681 nnnc
1092 2640 1155 2685 rna·
1165 2631 1217 2681 680

133 2718 183 2774 net
204 2714 349 2772 insontem
369 2711 471 2785 pranis
489 2711 603 2780 'arnna
627 2714 680 2769 ant
702 2726 752 2785 epo
774 2711 837 2769 aeri
858 2728 938 2769 rana
961 2710 1055 2784 feror,
1079 2712 1156 2784 anca

133 2808 168 2863 ni
185 2820 202 2863 o
217 2802 317 2877 potins
333 2800 493 2875 formidine
509 2800 592 2873 falsa
610 2799 699 2858 ludar
718 2799 793 2858 etin
811 2799 916 2858 malins
939 2804 991 2859 tna
1009 2801 1059 2875 qni
1074 2804 1155 2872 potes

134 2910 205 2952 orsa
216 2892 365 2963 reflectas:
379 2893 539 2967 quantum,
549 2887 664 2965 inquit,
677 2888 771 2948 distat
782 2887 860 2947 inter
872 2888 1048 2966 petitionem
1058 2908 1154 2948 meam

135 2985 166 3042 et
188 2978 416 3058 promissionem
438 2979 536 3038 tuam!
566 2996 619 3037 cur
640 2996 701 3037 non
724 2976 825 3039 studio
852 2980 953 3038 tamen
977 2998 995 3038 a
1018 2980 1047 3037 te
1070 2997 1155 3055 prae·

88 3089 116 3129 so
134 3072 235 3131 statur
257 3072 292 3128 ut
307 3068 409 3128 Turno
432 3070 500 3128 rata
518 3068 640 3127 maneat
661 3066 726 3128 vita
744 3068 800 3127 hoc
818 3070 864 3127 cst
880 3066 967 3127 firma
986 3085 1020 3126 ac
1039 3067 1155 3128 stabilis

209 3282 223 3329 1
243 3281 269 3329 et
286 3272 421 3329 aroricV
438 3280 470 3329 nt
487 3290 515 3329 a.
535 3273 578 3328 ed.
652 3280 669 3328 4
687 3275 791 3344 deperit
808 3274 852 3329 ed.
922 3280 937 3327 6
957 3274 1084 3343 adeptam
1098 3273 1131 3329 V.
1149 3275 1153 3347 t

133 3349 180 3403 sni
197 3345 224 3400 V
243 3348 388 3415 propriam
411 3345 454 3399 ed.
483 3345 485 3414 t
512 3346 699 3414 prosternitur
716 3364 750 3401 aa
764 3353 860 3415 pereat
873 3345 897 3399 V
912 3352 1105 3414 prosternatur
1123 3363 1156 3402 ac

129 3437 160 3489 p.
181 3418 226 3474 ed.
288 3422 304 3469 9
322 3418 441 3472 hominis
457 3418 542 3472 ortam
556 3422 692 3485 perpetua
710 3434 773 3473 cero
790 3434 847 3473 non
864 3433 941 3487 posse
955 3415 979 3469 V
995 3420 1156 3486 perpetuari

133 3507 186 3545 nos
204 3492 311 3543 temere
329 3490 398 3542 mut.
418 3487 461 3542 ed.
536 3493 569 3541 14
592 3489 697 3543 nutari
718 3496 834 3557 neptam
855 3488 887 3542 V.
961 3493 994 3543 18
1017 3489 1100 3556 fartis
1121 3489 1153 3543 V.

134 3568 169 3616 22
188 3563 247 3616 iam
265 3576 319 3615 om.
338 3559 382 3614 ed.
410 3558 414 3629 Ι
445 3559 511 3614 lacti
528 3557 562 3612 V.
624 3564 658 3614 23
676 3560 724 3614 oni
741 3562 765 3614 I.
780 3561 952 3616 illacrimans
971 3560 1019 3615 eo„
1078 3566 1121 3613 ‘aa
1137 3562 1166 3611 st

133 3633 208 3704 parad
231 3632 274 3687 ed.
349 3635 382 3685 25
405 3630 443 3685 da
461 3646 518 3699 pro
538 3631 620 3688 dares
638 3630 672 3687 V.
748 3637 781 3689 ‘aa
806 3632 951 3691 oomV.
974 3633 990 3705 V
1010 3626 1187 3686 canaan.

132 3702 460 3758 29teVatenostuo
479 3703 523 3759 ed.
