2725 4150
550 333 734 389 annnmos
747 333 800 388 vn
1139 336 1182 404 59

164 506 366 582 suppeterent
411 503 487 562 nihil
514 506 560 564 est
585 503 695 562 horum
721 505 885 580 contraque
914 506 985 563 sunt
1010 503 1113 564 omnia
1138 503 1184 562 in-

163 595 290 654 honesta
318 595 348 652 et
375 592 460 652 dura.
506 593 608 652 nullus
631 593 781 670 postulat,
804 596 891 670 pater
918 593 1043 671 ingerit,
1071 595 1184 653 aritia

163 682 235 743 navi
261 683 416 742 thalamus
442 682 523 742 filiae
550 684 581 741 et
607 682 704 742 omnis
732 682 797 743 vita
827 683 953 742 ducetur
978 681 1010 741 in
1032 682 1184 758 fluetibus,

163 772 265 850 gratia
288 775 366 831 certe
388 771 474 831 nulla
496 771 633 850 coniugis
656 774 687 831 et
709 771 826 845 nullum
849 771 938 832 decus
960 771 1070 831 uxoris.
1117 772 1183 848 quia

133 877 145 918 o
163 861 289 940 dignam
306 860 453 921 iudicabit
469 860 663 920 matrimonio
682 879 738 920 suo
757 879 849 937 quarn
867 864 953 937 pater
970 879 1030 919 non
1048 860 1184 936 tradidit,

163 951 216 1011 sed
240 948 368 1010 abiecit?
409 969 470 1009 uon
491 951 553 1010 ista
575 949 697 1009 dabitur
718 951 853 1010 maritali
875 949 1039 1025 consortio,
1064 950 1117 1009 sed
1138 949 1183 1008 ἱιι-Δ

163 1040 300 1108 felicibus
325 1039 523 1099 Troianorum
545 1039 618 1099 fatis
640 1042 671 1097 et
698 1040 837 1099 fortunae
865 1040 1018 1118 iungetur.
1058 1039 1111 1099 ubi
1138 1041 1185 1099 est

163 1149 236 1190 cura
254 1127 372 1206 patris?
407 1128 460 1187 ubi
477 1128 572 1206 patris
591 1126 745 1188 officium?
778 1128 833 1188 ubi
850 1129 929 1189 sacri
946 1130 1036 1188 huius
1054 1128 1183 1196 nominis

163 1217 283 1296 pietas?
328 1218 427 1278 solent
451 1218 485 1276 in
507 1219 554 1278 his
578 1217 677 1277 causis
703 1220 806 1293 patres
829 1235 893 1278 esse
916 1220 1066 1294 suspensi,
1092 1218 1186 1278 etiam

120 1323 145 1362 ro
163 1327 234 1368 oum
265 1307 428 1367 liberorum
459 1325 599 1366 numerus
630 1307 728 1366 maior
760 1309 807 1366 est
838 1309 869 1365 et
899 1308 1042 1368 felicioris
1071 1307 1183 1368 subolis

162 1397 321 1457 beatitudo
344 1395 530 1474 suppeditat:
559 1415 618 1472 quo
646 1395 744 1474 magis
770 1397 803 1454 in
825 1396 933 1456 unicae
955 1397 1077 1474 negotio
1103 1397 1184 1456 filiae

164 1486 268 1546 debuit
298 1488 329 1545 te
361 1486 457 1546 facore
489 1487 652 1545 necessitas
689 1485 862 1545 cautiorem.
904 1485 1030 1545 ducetur
1064 1487 1184 1560 misera,

164 1576 291 1636 ducetur
316 1574 435 1650 infelix,
466 1593 626 1634 occursura
657 1592 824 1650 numquam
850 1574 964 1634 visibus
991 1573 1079 1650 meis,
1111 1575 1184 1633 fient

163 1685 224 1726 non
247 1665 384 1742 nuptiae,
408 1665 460 1724 sed
481 1664 561 1724 filiae
583 1663 755 1724 miseranda
777 1664 984 1741 transcriptio,
1010 1664 1037 1724 si
1059 1662 1183 1740 nuptiae

118 1768 144 1808 1⁵
163 1754 306 1814 dicendae
336 1756 408 1814 sunt
437 1773 514 1831 quae
546 1772 606 1812 non
638 1754 671 1812 in
704 1756 898 1831 augmentum
929 1752 1047 1832 generis
1079 1754 1183 1828 nostri,

163 1844 215 1904 sed
251 1845 409 1903 interitum
444 1861 637 1920 processurae
669 1846 750 1902 sunt.
796 1842 909 1903 orbitas
940 1844 1001 1903 ista
1032 1846 1091 1918 est,
1123 1860 1184 1901 non

163 1933 343 2012 propagatio
367 1933 522 2011 sanguinis
546 1935 577 1991 et
598 1932 631 1991 in
652 1932 709 1991 hoo
732 1932 812 1991 facto
832 1931 938 1993 domus
966 1934 1087 1993 nostrae
1114 1932 1183 1992 soli.

163 2023 237 2083 tudo
274 2023 427 2100 perpetua.
473 2022 540 2097 quis
574 2022 631 2081 erit
666 2021 719 2080 ille
755 2021 894 2082 funereus
931 2022 994 2084 dies
1027 2041 1086 2100 quo
1119 2023 1183 2082 sine

163 2132 215 2189 spe
251 2113 367 2172 reditus
398 2112 446 2171 his
481 2112 570 2171 terris
605 2111 777 2172 miseranda
814 2112 1022 2188 deportabitur
1054 2114 1184 2173 aeternis

116 2219 144 2258 ao
161 2205 288 2261 matrem
312 2202 444 2262 lacrimis
466 2199 631 2261 relictura?
676 2199 785 2276 quodsi
808 2204 838 2261 te
866 2221 926 2261 non
950 2201 1184 2279 peregrinorum,

161 2291 214 2351 sed
242 2292 362 2350 exulum
389 2291 477 2351 favor
501 2290 534 2348 in
564 2308 652 2349 suum
683 2291 872 2350 commodum
898 2291 991 2350 traxit
1017 2292 1183 2366 incautum,

160 2380 293 2458 perfidae
320 2381 419 2459 gentis
447 2382 517 2439 ante
545 2382 700 2457 gestorum
723 2379 869 2439 debueras
893 2379 1029 2456 exempla
1052 2382 1183 2439 tractare

162 2473 192 2530 et
214 2471 364 2530 recentem
386 2469 529 2528 facinoris
552 2468 672 2528 infandi
693 2487 844 2528 recensere
866 2468 1050 2528 memoriam.
1088 2468 1181 2543 Phry·

161 2561 230 2639 gius
252 2559 304 2618 ille
322 2559 423 2618 fuerat
444 2560 549 2635 pastor
572 2578 661 2635 quem
683 2559 715 2616 in
737 2560 829 2634 raptu
850 2558 952 2634 regiae
974 2555 1110 2634 coniugis
1128 2576 1183 2617 nec

117 2666 143 2706 ss
161 2651 356 2726 praesumpta
387 2649 540 2707 temeritas
571 2666 626 2707 neo
651 2649 801 2706 terrarum
831 2649 948 2706 remota
974 2647 1095 2723 penitus
1124 2646 1182 2706 dis·

160 2739 283 2815 paratio
312 2738 473 2798 revocavit.
523 2739 644 2796 tantum
670 2734 824 2813 praedicto
851 2734 950 2811 licuit,
978 2738 1013 2795 ut
1039 2736 1183 2813 ignobilis

161 2827 266 2888 ovium
289 2829 388 2886 custos
414 2826 640 2885 Lacedaemona
666 2827 771 2900 petens
798 2826 886 2904 longe
915 2824 1075 2885 discretam
1104 2826 1183 2904 regis

162 2918 334 2995 coniugem,
356 2914 439 2975 Leda
455 2915 551 2994 regali
569 2916 703 2994 genitam
720 2917 830 2990 matre,
849 2915 978 2975 vexisset
995 2916 1035 2975 ad
1053 2914 1182 2975 Troiam.

161 3006 237 3083 quid
255 3025 316 3065 non
335 3004 464 3064 audeant
481 3004 571 3080 tales,
590 3023 660 3064 oum
678 3003 717 3062 ad
736 3004 860 3063 solitum
879 3005 997 3065 sceleris
1015 3005 1182 3082 praemium

119 3112 144 3151 ao
161 3096 225 3155 sine
257 3094 360 3154 labore
391 3092 603 3171 pervenerint?
654 3093 741 3170 quid,
782 3093 920 3170 inquam,
956 3114 1016 3155 non
1052 3094 1184 3153 audeant

162 3184 271 3261 quibus
307 3184 497 3259 inopinatum
533 3182 662 3259 praedae
699 3182 889 3242 commodum
928 3202 988 3242 non
1027 3184 1184 3259 quaeritur

235 3372 366 3426 lboreon
383 3369 410 3424 V
428 3387 521 3426 eoram
539 3369 583 3425 ed.
648 3371 795 3428 admirer
812 3368 838 3423 V
856 3371 971 3425 ducam
988 3370 1032 3424 ed.
1098 3370 1183 3425 tob·

160 3445 226 3499 iecit
250 3442 294 3510 ed.
368 3448 383 3497 'l
409 3444 544 3513 turpatur
561 3441 587 3495 V
610 3459 679 3496 corr.
699 3442 743 3495 ed.
776 3441 779 3513 i
813 3442 862 3496 obi
887 3448 927 3496 cat
950 3458 1019 3496 curo
1040 3441 1139 3507 fratris
1156 3439 1183 3494 V

162 3532 216 3569 om.
232 3515 275 3568 ed.
290 3516 384 3583 patria
401 3531 460 3568 nos.
515 3518 548 3567 16
566 3515 599 3567 io
615 3515 758 3569 interitum
776 3513 820 3566 ed.
877 3518 910 3567 19
927 3510 1182 3580 portabibched.

162 3592 194 3640 21
215 3587 330 3641 emiimn
343 3585 369 3639 V
387 3586 499 3641 exulum
517 3584 561 3640 ed.
612 3590 647 3639 24
664 3582 815 3656 ruptomV
830 3583 877 3641 ed.
923 3589 961 3639 ‘ib
980 3584 1026 3641 dis
1043 3581 1188 3655 perotieV

147 3657 380 3779 ίέξφὲνζέτὲθξᾰ
417 3662 455 3711 27
465 3656 695 3717 lacedaemonum
708 3657 742 3717 V.
797 3664 834 3717 ib
847 3657 988 3717 tuedoV.
1037 3662 1081 3713 ‘bt
1095 3668 1217 3725 uouere-
