2725 4150
196 302 261 367 312
475 299 617 354 DONATI
634 299 804 355 INTERPR.
819 299 927 355 VERG.

195 486 266 542 avo,
289 467 370 546 quod
392 470 470 528 esset
491 467 606 528 Venere
628 473 725 528 matre
744 468 930 547 progenitus.
963 467 1069 528 dehinc
1087 467 1216 529 subiecit

196 557 270 634 quid
291 559 406 634 peteret
428 557 476 617 vel
500 557 573 634 quid
594 559 659 634 ipse
682 558 787 618 ferret:
810 557 929 617 facilius
952 558 1031 616 enim
1057 557 1216 635 postulata

194 646 329 723 inpetrat
356 645 409 722 qui
438 665 469 705 se
497 647 629 706 ostendit
658 646 761 707 oblata
783 646 990 707 vicissitudine
1012 647 1215 723 profuturnm

195 735 244 795 hic
266 734 501 814 intellegendum
523 738 554 795 et
576 737 705 813 petitum
729 755 747 796 a
770 736 923 796 Tarchone
947 736 1093 795 auxilium
1117 739 1148 796 et
1167 735 1216 794 in·

195 825 291 884 vicem
314 825 351 884 ab
374 824 476 884 Aenea
498 826 691 902 promissum;
718 824 878 902 petebatur
900 825 980 884 enim
1002 825 1152 900 Tarchon,
1178 827 1218 884 ut
1247 839 1260 881 ι

196 917 301 974 contra
319 915 454 972 Turnum
473 917 503 974 et
516 914 695 974 Mezentium
714 915 852 991 specialis
865 914 1002 974 inimicos
1016 932 1086 974 suos
1101 912 1217 974 auxilia

195 1005 400 1080 praerogaret,
424 1023 483 1079 quo
506 1004 538 1062 in
561 1003 642 1064 facto
661 1002 848 1064 considerare
867 1003 971 1064 debuit
989 1003 1046 1063 sibi
1064 1022 1095 1062 se
1112 1002 1217 1080 potius

195 1092 338 1150 daturum
370 1112 462 1170 quam
494 1092 583 1152 alteri
614 1095 645 1152 et
676 1092 881 1169 arripiendum
912 1111 976 1153 esse
1012 1094 1146 1170 tempus,
1180 1095 1218 1151 ut

195 1180 333 1240 Troianis
356 1180 562 1242 laborantibus
586 1184 617 1241 et
639 1181 1039 1258 defenderentur-Tyrrheni
1061 1183 1092 1240 et
1118 1181 1218 1241 securi

194 1270 227 1327 in
266 1274 420 1346 posterum
457 1270 661 1330 redderentur.
719 1270 882 1330 Mezentius
921 1289 1005 1330 arma
1044 1289 1119 1346 quae
1157 1270 1219 1330 sibi
1237 1287 1263 1327 rc

195 1359 346 1419 conciliet:
384 1361 560 1420 ostendebat
596 1361 725 1438 quantes
761 1360 819 1420 sibi
860 1362 1045 1419 armatorum
1085 1359 1218 1436 populos

195 1449 358 1509 Mezentius
376 1449 522 1528 iungeret,
544 1451 580 1508 ut
601 1450 659 1509 hoo
681 1449 762 1509 facto
781 1449 949 1509 adverteret
967 1450 1059 1509 etiam
1078 1467 1109 1509 se
1127 1466 1218 1525 posse

196 1538 327 1615 opprimi
349 1537 492 1598 violentia
514 1539 727 1615 plurimorum,
750 1539 777 1598 si
798 1538 919 1598 Rutulis
943 1541 1047 1598 eontra
1069 1538 1218 1598 Troianos

196 1628 329 1688 obtinere
357 1628 552 1706 contingeret.
605 1628 798 1704 violentaque
827 1631 949 1705 pectora
977 1627 1070 1686 Turni
1099 1624 1219 1688 edocet:

197 1717 398 1777 consideraret
427 1736 546 1794 quoque
576 1717 671 1776 Turni
700 1735 859 1792 personam
886 1718 1064 1791 violentam,
1091 1716 1148 1775 hoc
1172 1720 1220 1777 est
1238 1731 1262 1773 ιι

197 1825 274 1882 quae
304 1805 379 1864 nihil
409 1806 556 1885 cogitaret
585 1806 721 1882 nihilque
750 1808 912 1883 respiceret
940 1806 999 1866 nisi
1029 1805 1109 1882 quod
1139 1808 1220 1865 esset

197 1895 306 1972 quietis
336 1895 424 1955 rebus
456 1898 486 1955 et
515 1895 641 1972 placidis
670 1895 838 1954 inimicum:
869 1895 949 1971 quod
978 1897 1077 1971 ipsum
1105 1894 1220 1970 apertis

195 1984 313 2043 firmare
335 1985 503 2044 rationibus
526 1985 636 2061 potuit.
682 2004 753 2043 narn
780 1984 834 2061 qui
856 1985 1078 2060 Tyrrhenorum
1100 1983 1221 2044 hostem

195 2074 377 2132 Mezentium
406 2077 578 2152 susceperat
609 2074 775 2151 fugientem
806 2074 982 2134 inimicitias
1019 2075 1108 2134 etiam
1147 2092 1220 2136 suaa

195 2162 295 2222 fuerat
313 2183 349 2222 ex
367 2167 471 2241 aperto
491 2164 651 2224 confessus
683 2163 822 2223 humanis
842 2183 919 2239 quae
939 2165 979 2223 sit
997 2162 1106 2223 fiducia
1129 2162 1220 2224 rebus
1238 2178 1263 2220 ιι

196 2253 349 2311 admonet:
379 2257 450 2329 post
471 2255 598 2313 terrores
621 2253 760 2328 iniectos,
790 2253 898 2329 quibus
921 2273 972 2312 rex
994 2271 1054 2312 non
1076 2252 1220 2313 inmerito

197 2343 376 2401 commoveri
395 2341 547 2417 debuerat,
562 2343 708 2401 humanas
728 2361 846 2419 quoque
865 2341 1055 2401 necessitates
1074 2360 1135 2400 non
1154 2342 1221 2402 sine

196 2431 311 2490 ratione
341 2432 511 2507 proposuit,
540 2452 577 2490 ne
608 2431 719 2490 diceret
749 2431 900 2490 Tarchon:
930 2431 1046 2491 sufficio
1075 2430 1164 2506 mihi,
1193 2432 1221 2491 si

197 2520 360 2580 Mezentius
383 2521 431 2580 vel
454 2522 574 2581 Turnus
598 2520 761 2580 emerserit.
807 2540 884 2597 quae
908 2521 969 2580 sint
995 2520 1062 2596 ipsa
1085 2520 1221 2579 humana

197 2609 353 2669 dicendum
378 2613 436 2669 est:
460 2611 602 2670 adiuvare
625 2610 813 2670 laborantem
837 2630 872 2668 ex
895 2610 1018 2669 fortiore
1046 2609 1220 2670 substantia
1238 2621 1263 2664 rs

198 2701 290 2774 atque
314 2698 441 2758 adversa
464 2700 587 2759 alterius
610 2701 641 2757 et
662 2700 778 2759 incerta
801 2699 934 2759 relevare
957 2699 1122 2777 gloriosum
1145 2716 1219 2775 esse,

197 2789 224 2847 si
255 2789 356 2864 potior
387 2789 416 2846 ei
446 2808 570 2847 manum
606 2789 745 2866 porrigat
781 2807 869 2864 quem
901 2789 1062 2848 necessitas
1099 2788 1219 2863 premit

196 2877 253 2935 hac
284 2876 395 2936 fiducia
426 2877 561 2938 homines
593 2877 707 2952 vivere,
742 2880 777 2937 ut
809 2876 975 2937 accidentia
1009 2877 1090 2936 mala
1121 2876 1219 2937 felicis

197 2965 302 3041 opibus
333 2968 364 3025 et
393 2966 511 3026 auxiliis
540 2966 742 3027 subleventur.
787 2966 985 3044 inmiscetque
1008 2983 1126 3042 preces·
1148 2968 1221 3043 post

269 3125 283 3171 1
307 3119 381 3187 qaod
397 3120 463 3186 post
480 3135 531 3173 ooo
550 3135 604 3173 om.
619 3117 662 3172 ed
701 3118 704 3190 l
741 3124 807 3173 ercet
820 3116 871 3171 VR
889 3136 911 3173 e
926 3125 951 3174 et
969 3118 1012 3173 ed.
1050 3118 1053 3190 l
1088 3134 1149 3173 cere
1166 3134 1219 3187 pro

203 3190 303 3244 Venere
315 3188 350 3243 V.
422 3190 586 3245 ttharcone
604 3189 630 3242 R
648 3190 794 3245 tisorobcoe
807 3187 841 3241 V.
920 3194 936 3242 8
955 3193 1015 3244 arri
1011 3190 1146 3259 pieodmn
1163 3206 1220 3246 sese

196 3259 248 3313 VR
267 3277 390 3315 essenos
409 3277 462 3314 om
478 3261 522 3315 ed.
605 3261 844 3327 tdefeadercatt
893 3262 958 3315 beai
970 3261 1022 3315 VR
1048 3262 1220 3316 fertem

197 3332 241 3386 ed.
274 3332 484 3398 defenderentur
511 3348 570 3387 nos.
644 3338 676 3385 11
706 3338 825 3402 paratus
928 3334 1050 3402 popalus

197 3404 463 3472 rumuspoprdomm
482 3403 525 3457 ed.
603 3409 637 3457 12
655 3410 681 3459 et
699 3404 748 3459 hcc
765 3401 886 3470 saetcV
966 3409 998 3457 15
1017 3404 1167 3459 oonsidaet
1185 3404 1220 3458 R.

198 3480 231 3526 1⁷
250 3475 400 3543 inplacidec
413 3473 465 3528 VR
483 3491 552 3530 corr.
568 3474 612 3529 ed.
701 3479 734 3529 18
753 3476 940 3547 tynbencrum
957 3477 1075 3530 lostam
1089 3473 1115 3528 V
1133 3476 1221 3546 tylbe-

196 3562 296 3599 norum
322 3548 422 3601 hostem
449 3546 482 3600 a.
556 3551 590 3600 19
617 3548 710 3615 accip
711 3553 770 3601 ereo
792 3544 850 3600 VR.
924 3552 958 3600 20
981 3548 1161 3616 humanisque
1185 3545 1220 3601 V.

188 3622 226 3669 23
245 3635 297 3673 nee
314 3619 419 3675 Δίωνα
431 3616 490 3673 VR
521 3617 524 3689 l
554 3617 664 3687 sufficio
677 3617 729 3671 VR
746 3618 851 3685 sufficit
870 3617 913 3673 ed
991 3624 1026 3672 24
1044 3634 1113 3687 qaae
1131 3621 1168 3672 sit
1185 3618 1221 3675 R.

175 3693 216 3743 26
233 3708 294 3747 esee
312 3691 362 3749 VR
381 3698 424 3752 eat
441 3692 487 3751 ed.
564 3696 599 3750 28
619 3690 708 3762 felicia
727 3707 782 3747 om.
796 3689 841 3745 ed
910 3694 945 3743 ‘tt
965 3690 1092 3758 optatius
1109 3688 1143 3742 R
