2725 4150
449 354 455 368 .
545 315 728 370 ansuinus
747 314 799 368 ΧΠ
1117 316 1182 384 555

161 484 190 544 si
207 488 234 543 te
252 480 437 557 (Fors'dicta
448 486 565 558 refutet)
578 484 770 558 prodiderim,
787 489 891 544 actam
904 487 931 543 et
944 484 1069 544 conubio
1082 488 1184 544 costa

156 575 321 648 petentem?
358 572 457 633 adhuc
478 575 603 650 propter
624 573 687 633 vim
714 575 863 650 responsi,
893 573 974 650 quod
1002 573 1184 633 dictumest

161 664 295 739 „externi
307 663 430 723 venient
443 658 577 740 generi“,
590 665 762 739 perseverat
779 666 815 722 ut
832 663 961 724 Rutulos
980 663 1092 722 adfines
1113 681 1185 724 suos

161 755 193 811 et
223 753 460 831 consanguineos
490 752 580 812 dicat.
626 751 713 829 quid,
742 752 855 829 inquit,
889 751 1103 831 consanguinei
1125 751 1185 810 mei

130 841 282 917 sRutcli,
312 840 386 918 quid
409 843 523 901 ceterae
545 840 655 901 Italiae
677 843 779 917 partes
803 841 915 917 dicent,
945 843 969 901 si
992 844 1024 901 te
1046 841 1102 901 tali
1125 859 1185 900 cer-

161 929 271 990 tamini
293 929 467 991 commisero
490 933 523 990 in
542 949 601 1006 quo
624 929 723 991 minus
747 931 811 1008 spei
834 933 880 991 est
902 932 933 990 et
955 930 1023 1008 plus
1046 929 1184 990 timoris?

162 1022 292 1079 ceteram
313 1019 437 1080 Italiam
460 1019 496 1079 de
524 1038 561 1079 ea
582 1023 669 1096 parte
697 1020 817 1081 videtur
840 1020 950 1080 dixisse
977 1039 1054 1096 quae
1077 1020 1185 1096 procul

160 1110 222 1168 fuit
245 1109 283 1168 ab
306 1129 343 1169 ea
364 1110 397 1168 in
420 1129 482 1186 qua
503 1109 617 1168 bellurn
634 1109 802 1188 gerebatur.
835 1109 889 1187 qui
911 1109 991 1168 enim
1013 1111 1184 1186 praesentes

161 1201 249 1258 erant
270 1201 418 1263 noverant
445 1218 565 1260 causam
588 1201 619 1258 et
645 1197 723 1257 nihil
746 1217 829 1259 secus
853 1198 888 1258 de
910 1198 1020 1259 Latino
1044 1200 1186 1275 poterant

117 1306 143 1344 ro
160 1288 258 1364 loqui,
277 1289 350 1365 quia
368 1306 471 1347 omnes
488 1307 548 1346 uno
568 1286 714 1348 consensu
732 1287 870 1347 dixerant
887 1288 966 1348 solos
986 1287 1091 1347 debere
1109 1308 1184 1366 pug-

160 1396 233 1435 nare
253 1378 306 1454 qui
327 1377 451 1453 nuptias
469 1376 614 1437 Lauiniae
636 1377 858 1455 perquirebant.
892 1376 1049 1456 eiigitur,
1074 1376 1131 1452 ait,
1153 1380 1185 1436 te

160 1467 322 1542 permisero
347 1468 444 1526 solum
463 1486 530 1527 cum
548 1467 612 1526 solo
630 1486 766 1545 pugnare
785 1469 816 1526 et
834 1466 872 1526 ad
890 1468 1017 1527 mortem
1035 1469 1079 1542 te,
1103 1467 1185 1542 quod

160 1557 296 1615 Fortuna
325 1555 495 1632 prohibeat,
524 1575 571 1617 res
593 1556 662 1632 ipsa
688 1555 874 1632 perduxerit,
905 1555 978 1634 quid
1004 1555 1104 1615 dicent
1131 1555 1185 1631 qui

159 1646 299 1704 nesciunt
322 1663 456 1721 causam,
479 1647 553 1723 quia
575 1645 695 1722 prodidi
717 1648 747 1705 te
770 1648 801 1705 et
822 1645 950 1704 adfinem
972 1647 1003 1704 et
1025 1643 1185 1721 petitorem

118 1749 142 1790 re
159 1735 240 1793 filiae
263 1733 366 1794 meae?
388 1736 438 1794 hic
455 1736 539 1794 locus
561 1736 621 1794 nisi
643 1735 760 1795 cautius
779 1736 872 1794 fuerit
888 1736 1116 1812 pronuntiatus,
1139 1732 1184 1792 in-

159 1824 314 1882 tellectum
336 1824 489 1902 integrum
510 1821 570 1884 non
595 1823 687 1884 dabit.
723 1824 850 1884 Latinus
874 1823 954 1882 enim
978 1823 1031 1883 ubi
1056 1824 1184 1883 necessi-

158 1915 256 1973 tatem
277 1931 385 1991 passus
415 1916 461 1973 est
488 1913 663 1973 nominandi
695 1915 782 1973 triste
812 1913 891 1972 illud
918 1913 1000 1989 quod
1026 1913 1058 1972 in
1081 1913 1184 1972 Turno

159 2001 328 2078 metuebat,
358 2022 395 2062 ne
418 2022 505 2062 omen
533 2003 663 2063 adferret
689 2005 876 2082 pugnaturo,
904 2000 1087 2080 interposuit
1109 2002 1184 2062 Fors

161 2093 243 2152 diota
264 2093 387 2169 refutet,
410 2096 446 2153 ut
464 2093 545 2169 quod
564 2093 698 2153 dicturus
721 2094 823 2152 fuerat
846 2092 881 2151 de
903 2095 1000 2153 morte
1018 2092 1113 2153 Turni
1131 2112 1184 2153 nec

115 2200 141 2240 eo
161 2181 283 2241 audiret
299 2180 434 2243 Fortema
456 2202 511 2243 nec
533 2183 654 2242 faceret.
686 2201 771 2260 ergo,
789 2201 857 2242 cum
878 2182 1123 2259 pronuntiamus,
1142 2182 1184 2242 sic

160 2271 301 2331 debemus
325 2270 510 2350 distinguere
529 2272 603 2349 quid
622 2270 836 2350 consanguinei
851 2271 970 2347 Rutuli,
994 2272 1069 2347 quid
1087 2275 1185 2331 cetera

160 2360 241 2419 dicet
258 2360 363 2437 Italia,
387 2361 427 2420 ad
448 2363 575 2421 mortem
593 2362 621 2421 si
637 2365 668 2420 te
687 2363 718 2420 et
738 2359 931 2439 suspendere,
954 2362 990 2418 ut
1012 2362 1184 2438 separatum

160 2451 203 2509 sit
225 2449 299 2509 Fors
323 2446 404 2509 diota
425 2452 537 2510 refutet
559 2450 651 2510 etsie
673 2453 819 2528 sequatur
836 2449 1032 2530 prodiderim,
1055 2450 1098 2509 sic
1120 2469 1184 2509 rur·

160 2558 230 2599 sum
248 2540 447 2615 separandum
460 2542 564 2599 natam
578 2542 610 2599 et
622 2540 750 2599 conubia
768 2542 872 2599 nostra
884 2540 1043 2617 petentem.
1067 2537 1183 2598 ordine·

115 2645 139 2686 re
160 2646 227 2687 mus
258 2630 321 2688 iam
347 2631 460 2688 totum:
492 2630 567 2706 quid
597 2628 811 2708 consanguinei
832 2628 952 2703 Rutuli,
983 2627 1057 2705 quid
1086 2629 1184 2688 cetera

161 2719 242 2777 dicet
264 2718 366 2794 Italia,
399 2718 426 2778 si
448 2720 652 2796 tepetentem
673 2720 778 2778 natam
801 2720 832 2777 et
860 2719 964 2777 nostra
994 2717 1122 2777 conubia
1145 2717 1185 2776 ad

159 2809 289 2881 mortem
307 2807 510 2884 prodiderim?
532 2808 606 2868 Fors
625 2806 707 2867 dicta
725 2808 843 2867 refutet.
875 2808 932 2867 hoc
951 2809 997 2867 est
1009 2806 1083 2866 Fors
1103 2806 1184 2867 dicta

159 2897 274 2955 refutet
295 2896 376 2972 quod
399 2899 445 2957 est
466 2897 499 2955 in
528 2916 585 2957 usu
614 2898 701 2976 vulgi
730 2897 834 2975 „quod
863 2915 924 2955 non
953 2895 1047 2955 faciat
1076 2892 1184 2973 dens“;

160 3004 233 3044 nam
254 2984 341 3045 triste
370 2986 484 3063 aliquid
516 2986 702 3047 nominaturi
731 2988 839 3063 optant
865 2986 962 3062 primo
992 3005 1029 3044 ne
1057 2984 1183 3062 accidat,

115 3091 140 3131 so
160 3095 198 3134 ne
223 3094 308 3134 omen
332 3075 448 3135 adferre
470 3076 637 3135 rideantur.
673 3077 789 3154 optimo
812 3076 902 3135 verbo
925 3093 997 3134 usus
1021 3078 1066 3134 est
1083 3074 1183 3151 prodi·

161 3162 270 3240 derim;
300 3166 413 3243 quippe
436 3165 590 3225 ostendere
613 3166 712 3225 voluit
733 3185 794 3225 non
816 3183 875 3223 uno
899 3184 1005 3241 genere
1028 3164 1094 3222 fieri
1115 3183 1183 3240 pro·

161 3253 315 3312 ditionem.
352 3257 537 3331 quapropter
560 3254 676 3314 definiit
699 3255 773 3332 quid
795 3254 836 3313 sit
858 3253 996 3330 prodere,
1020 3273 1080 3313 non
1105 3253 1184 3312 enim

160 3361 266 3402 revera
287 3342 339 3401 ille
369 3345 450 3404 solus
478 3347 524 3404 est
550 3344 687 3421 proditor
717 3345 771 3421 qui
798 3362 872 3402 auro
893 3343 1031 3404 venditat
1053 3345 1184 3419 patriam

235 3572 250 3620 1
273 3566 353 3633 frons
374 3583 426 3636 pro
447 3567 507 3634 fore
524 3566 557 3620 V.
636 3572 652 3620 3
672 3574 863 3636 perseveratur
875 3565 901 3620 V
915 3572 1072 3635 perseuerat
1089 3572 1121 3621 ut
1138 3566 1182 3621 ed.

161 3639 230 3692 Sin
248 3654 302 3691 om.
317 3637 360 3693 ed.
416 3643 451 3692 20
469 3640 583 3693 auderet
600 3638 670 3692 eor.
729 3645 761 3693 21
782 3639 986 3708 corceanpciaac
999 3637 1033 3693 V.
1093 3643 1126 3691 22
1146 3638 1184 3693 ad

160 3715 315 3766 mortem-
326 3715 360 3764 26
374 3710 463 3765 Italic
481 3726 534 3763 om.
550 3709 592 3763 ed.
667 3714 700 3763 32
720 3711 816 3777 definit
834 3710 878 3765 ed.
