<?xml version="1.0" encoding="UTF-8"?>
<!DOCTYPE html PUBLIC "-//W3C//DTD XHTML 1.0 Transitional//EN"
    "http://www.w3.org/TR/xhtml1/DTD/xhtml1-transitional.dtd">
<html xmlns="http://www.w3.org/1999/xhtml" xml:lang="en" lang="en">
 <head>
  <title>
</title>
<meta http-equiv="Content-Type" content="text/html;charset=utf-8" />
  <meta name='ocr-system' content='tesseract 3.04.00' />
  <meta name='ocr-capabilities' content='ocr_page ocr_carea ocr_par ocr_line ocrx_word'/>
</head>
<body>
  <div class='ocr_page' id='page_1' title='image "./tibericlaudidon00georgoog_0017.png"; bbox 0 0 2725 4150; ppageno 0'>
   <div class='ocr_carea' id='block_1_1' title="bbox 95 208 910 320">
    <p class='ocr_par' dir='ltr' id='par_1_1' title="bbox 95 208 910 320">
     <span class='ocr_line' id='line_1_1' title="bbox 95 208 910 320; baseline -0.018 2"><span class='ocrx_word' id='word_1_1' title='bbox 95 208 97 211; x_wconf 21' lang='grc' dir='ltr'>Ι</span> <span class='ocrx_word' id='word_1_2' title='bbox 175 257 217 320; x_wconf 77' lang='grc'>12</span> <span class='ocrx_word' id='word_1_3' title='bbox 459 253 600 308; x_wconf 86' lang='lat' dir='ltr'><strong>DONATI</strong></span> <span class='ocrx_word' id='word_1_4' title='bbox 617 253 788 309; x_wconf 80' lang='lat' dir='ltr'>INTERPR.</span> <span class='ocrx_word' id='word_1_5' title='bbox 804 252 910 307; x_wconf 83' lang='lat' dir='ltr'><strong>VERG.</strong></span> 
     </span>
    </p>
   </div>
   <div class='ocr_carea' id='block_1_2' title="bbox 171 386 1243 3264">
    <p class='ocr_par' dir='ltr' id='par_1_2' title="bbox 172 386 1195 588">
     <span class='ocr_line' id='line_1_2' title="bbox 172 386 1195 500; baseline 0 -19"><span class='ocrx_word' id='word_1_6' title='bbox 172 441 256 498; x_wconf 87' lang='lat' dir='ltr'>suae,</span> <span class='ocrx_word' id='word_1_7' title='bbox 285 425 322 480; x_wconf 89' lang='lat' dir='ltr'>ut</span> <span class='ocrx_word' id='word_1_8' title='bbox 350 386 449 480; x_wconf 62' lang='lat' dir='ltr'>derum</span> <span class='ocrx_word' id='word_1_9' title='bbox 478 425 594 481; x_wconf 87' lang='lat' dir='ltr'>textum</span> <span class='ocrx_word' id='word_1_10' title='bbox 623 424 653 481; x_wconf 90' lang='lat' dir='ltr'>et</span> <span class='ocrx_word' id='word_1_11' title='bbox 682 423 818 481; x_wconf 88' lang='lat' dir='ltr'>ordinem</span> <span class='ocrx_word' id='word_1_12' title='bbox 849 421 977 500; x_wconf 85' lang='lat' dir='ltr'>pandet,</span> <span class='ocrx_word' id='word_1_13' title='bbox 1007 421 1195 481; x_wconf 73' lang='lat' dir='ltr'>admisturus</span> 
     </span>
     <span class='ocr_line' id='line_1_3' title="bbox 173 511 759 588; baseline -0.003 -18"><span class='ocrx_word' id='word_1_14' title='bbox 173 513 247 586; x_wconf 84' lang='lat' dir='ltr'>elia,</span> <span class='ocrx_word' id='word_1_15' title='bbox 270 513 306 570; x_wconf 89' lang='lat' dir='ltr'>ut</span> <span class='ocrx_word' id='word_1_16' title='bbox 328 511 405 570; x_wconf 90' lang='lat' dir='ltr'><strong>nihil</strong></span> <span class='ocrx_word' id='word_1_17' title='bbox 428 530 463 570; x_wconf 84' lang='lat' dir='ltr'>ex</span> <span class='ocrx_word' id='word_1_18' title='bbox 486 512 592 588; x_wconf 89' lang='lat' dir='ltr'>positis</span> <span class='ocrx_word' id='word_1_19' title='bbox 615 513 759 570; x_wconf 86' lang='lat' dir='ltr'>transeat.</span> 
     </span>
    </p>

    <p class='ocr_par' dir='ltr' id='par_1_3' title="bbox 171 600 1243 3264">
     <span class='ocr_line' id='line_1_4' title="bbox 243 600 1197 675; baseline -0.001 -16"><span class='ocrx_word' id='word_1_20' title='bbox 243 601 308 659; x_wconf 80' lang='lat' dir='ltr'>Rea</span> <span class='ocrx_word' id='word_1_21' title='bbox 335 619 410 659; x_wconf 81' lang='lat' dir='ltr'>arca</span> <span class='ocrx_word' id='word_1_22' title='bbox 432 600 563 658; x_wconf 80' lang='lat' dir='ltr'>Latinas</span> <span class='ocrx_word' id='word_1_23' title='bbox 590 603 617 657; x_wconf 93' lang='lat' dir='ltr'>et</span> <span class='ocrx_word' id='word_1_24' title='bbox 640 601 724 658; x_wconf 75' lang='lat' dir='ltr'>erbis</span> <span class='ocrx_word' id='word_1_25' title='bbox 746 601 808 659; x_wconf 79' lang='lat' dir='ltr'>tara</span> <span class='ocrx_word' id='word_1_26' title='bbox 830 602 928 658; x_wconf 79' lang='lat' dir='ltr'>sector</span> <span class='ocrx_word' id='word_1_27' title='bbox 951 601 1038 675; x_wconf 80' lang='lat' dir='ltr'>taapa</span> <span class='ocrx_word' id='word_1_28' title='bbox 1057 601 1197 675; x_wconf 77' lang='lat' dir='ltr'>placidas</span> 
     </span>
     <span class='ocr_line' id='line_1_5' title="bbox 171 687 1197 767; baseline -0.001 -19"><span class='ocrx_word' id='word_1_29' title='bbox 171 691 204 748; x_wconf 67' lang='lat' dir='ltr'>aa</span> <span class='ocrx_word' id='word_1_30' title='bbox 232 707 309 762; x_wconf 86' lang='lat' dir='ltr'>paee</span> <span class='ocrx_word' id='word_1_31' title='bbox 342 691 473 764; x_wconf 80' lang='lat' dir='ltr'>repebat:</span> <span class='ocrx_word' id='word_1_32' title='bbox 512 688 636 767; x_wconf 86' lang='lat' dir='ltr'>regebat</span> <span class='ocrx_word' id='word_1_33' title='bbox 666 688 787 764; x_wconf 91' lang='lat' dir='ltr'>quidem</span> <span class='ocrx_word' id='word_1_34' title='bbox 816 687 943 749; x_wconf 82' lang='lat' dir='ltr'>Latinus</span> <span class='ocrx_word' id='word_1_35' title='bbox 972 690 1109 765; x_wconf 85' lang='lat' dir='ltr'>Italiam,</span> <span class='ocrx_word' id='word_1_36' title='bbox 1136 709 1197 749; x_wconf 90' lang='lat' dir='ltr'>non</span> 
     </span>
     <span class='ocr_line' id='line_1_6' title="bbox 171 778 1240 856; baseline -0.003 -18"><span class='ocrx_word' id='word_1_37' title='bbox 171 781 298 855; x_wconf 88' lang='lat' dir='ltr'>virtute,</span> <span class='ocrx_word' id='word_1_38' title='bbox 327 781 433 855; x_wconf 85' lang='lat' dir='ltr'>utpote</span> <span class='ocrx_word' id='word_1_39' title='bbox 459 779 521 837; x_wconf 89' lang='lat' dir='ltr'>iam</span> <span class='ocrx_word' id='word_1_40' title='bbox 546 797 647 854; x_wconf 84' lang='lat' dir='ltr'>senex,</span> <span class='ocrx_word' id='word_1_41' title='bbox 677 778 730 837; x_wconf 91' lang='lat' dir='ltr'>sed</span> <span class='ocrx_word' id='word_1_42' title='bbox 759 780 867 856; x_wconf 80' lang='lat' dir='ltr'>longae</span> <span class='ocrx_word' id='word_1_43' title='bbox 897 780 981 856; x_wconf 89' lang='lat' dir='ltr'>pacis</span> <span class='ocrx_word' id='word_1_44' title='bbox 1010 781 1197 839; x_wconf 72' lang='lat' dir='ltr'>succurrente</span> <span class='ocrx_word' id='word_1_45' title='bbox 1229 796 1240 835; x_wconf 83' lang='lat'><strong>5</strong></span> 
     </span>
     <span class='ocr_line' id='line_1_7' title="bbox 172 867 1198 946; baseline -0.001 -19"><span class='ocrx_word' id='word_1_46' title='bbox 172 869 328 946; x_wconf 81' lang='lat' dir='ltr'>suffragio,</span> <span class='ocrx_word' id='word_1_47' title='bbox 360 867 542 944; x_wconf 82' lang='lat' dir='ltr'>perindeque</span> <span class='ocrx_word' id='word_1_48' title='bbox 575 867 627 944; x_wconf 92' lang='lat' dir='ltr'>qui</span> <span class='ocrx_word' id='word_1_49' title='bbox 663 870 743 926; x_wconf 85' lang='lat' dir='ltr'>stare</span> <span class='ocrx_word' id='word_1_50' title='bbox 779 888 840 927; x_wconf 90' lang='lat' dir='ltr'>non</span> <span class='ocrx_word' id='word_1_51' title='bbox 876 870 992 945; x_wconf 88' lang='lat' dir='ltr'>posset,</span> <span class='ocrx_word' id='word_1_52' title='bbox 1024 870 1051 928; x_wconf 93' lang='lat' dir='ltr'>si</span> <span class='ocrx_word' id='word_1_53' title='bbox 1082 868 1198 944; x_wconf 86' lang='lat' dir='ltr'>aliquid</span> 
     </span>
     <span class='ocr_line' id='line_1_8' title="bbox 172 957 1197 1036; baseline 0.001 -20"><span class='ocrx_word' id='word_1_54' title='bbox 172 959 291 1018; x_wconf 87' lang='lat' dir='ltr'>adversi</span> <span class='ocrx_word' id='word_1_55' title='bbox 331 957 439 1016; x_wconf 88' lang='lat' dir='ltr'>fuisset</span> <span class='ocrx_word' id='word_1_56' title='bbox 480 959 623 1016; x_wconf 84' lang='lat' dir='ltr'>exortum.</span> <span class='ocrx_word' id='word_1_57' title='bbox 693 960 790 1016; x_wconf 82' lang='lat' dir='ltr'>status</span> <span class='ocrx_word' id='word_1_58' title='bbox 831 958 926 1036; x_wconf 83' lang='lat' dir='ltr'>igitur</span> <span class='ocrx_word' id='word_1_59' title='bbox 968 958 1055 1034; x_wconf 87' lang='lat' dir='ltr'>regni</span> <span class='ocrx_word' id='word_1_60' title='bbox 1099 958 1197 1034; x_wconf 90' lang='lat' dir='ltr'>qualis</span> 
     </span>
     <span class='ocr_line' id='line_1_9' title="bbox 173 1046 1198 1123; baseline 0 -17"><span class='ocrx_word' id='word_1_61' title='bbox 173 1067 236 1106; x_wconf 87' lang='lat' dir='ltr'>esse</span> <span class='ocrx_word' id='word_1_62' title='bbox 278 1048 419 1122; x_wconf 89' lang='lat' dir='ltr'>potuerat</span> <span class='ocrx_word' id='word_1_63' title='bbox 462 1047 512 1105; x_wconf 89' lang='lat' dir='ltr'>cui</span> <span class='ocrx_word' id='word_1_64' title='bbox 555 1046 722 1106; x_wconf 81' lang='lat' dir='ltr'>adsistebat</span> <span class='ocrx_word' id='word_1_65' title='bbox 761 1047 912 1106; x_wconf 80' lang='lat' dir='ltr'>invalidus</span> <span class='ocrx_word' id='word_1_66' title='bbox 953 1066 1007 1123; x_wconf 90' lang='lat' dir='ltr'>pcr</span> <span class='ocrx_word' id='word_1_67' title='bbox 1048 1046 1198 1106; x_wconf 80' lang='lat' dir='ltr'>aetatem?</span> 
     </span>
     <span class='ocr_line' id='line_1_10' title="bbox 171 1135 1199 1210; baseline 0.001 -16"><span class='ocrx_word' id='word_1_68' title='bbox 171 1138 249 1194; x_wconf 82' lang='lat' dir='ltr'>hane</span> <span class='ocrx_word' id='word_1_69' title='bbox 293 1135 403 1194; x_wconf 80' lang='lat' dir='ltr'>Fauno</span> <span class='ocrx_word' id='word_1_70' title='bbox 452 1140 479 1194; x_wconf 94' lang='lat' dir='ltr'>et</span> <span class='ocrx_word' id='word_1_71' title='bbox 526 1137 656 1209; x_wconf 76' lang='lat' dir='ltr'>apmptea</span> <span class='ocrx_word' id='word_1_72' title='bbox 705 1137 835 1210; x_wconf 79' lang='lat' dir='ltr'>penitam</span> <span class='ocrx_word' id='word_1_73' title='bbox 879 1137 1031 1194; x_wconf 76' lang='lat' dir='ltr'>Laurente</span> <span class='ocrx_word' id='word_1_74' title='bbox 1075 1137 1199 1195; x_wconf 81' lang='lat' dir='ltr'>Martae</span> 
     </span>
     <span class='ocr_line' id='line_1_11' title="bbox 172 1224 1243 1298; baseline -0.004 -15"><span class='ocrx_word' id='word_1_75' title='bbox 172 1225 346 1296; x_wconf 72' lang='lat' dir='ltr'><strong><em>accipimus,</em></strong></span> <span class='ocrx_word' id='word_1_76' title='bbox 370 1225 479 1283; x_wconf 80' lang='lat' dir='ltr'>Fauno</span> <span class='ocrx_word' id='word_1_77' title='bbox 501 1225 591 1284; x_wconf 76' lang='lat' dir='ltr'>Pieres</span> <span class='ocrx_word' id='word_1_78' title='bbox 610 1227 803 1298; x_wconf 75' lang='lat' dir='ltr'>paterisque</span> <span class='ocrx_word' id='word_1_79' title='bbox 820 1229 974 1297; x_wconf 79' lang='lat' dir='ltr'>parentem</span> <span class='ocrx_word' id='word_1_80' title='bbox 999 1228 1036 1292; x_wconf 88' lang='lat' dir='ltr'>te,</span> <span class='ocrx_word' id='word_1_81' title='bbox 1061 1224 1198 1294; x_wconf 76' lang='lat' dir='ltr'>Saturne,</span> <span class='ocrx_word' id='word_1_82' title='bbox 1218 1241 1243 1280; x_wconf 73' lang='lat' dir='ltr'>io</span> 
     </span>
     <span class='ocr_line' id='line_1_12' title="bbox 171 1314 1200 1389; baseline -0.002 -16"><span class='ocrx_word' id='word_1_83' title='bbox 171 1315 274 1386; x_wconf 76' lang='lat' dir='ltr'>refert,</span> <span class='ocrx_word' id='word_1_84' title='bbox 309 1318 341 1372; x_wconf 84' lang='lat' dir='ltr'>ta</span> <span class='ocrx_word' id='word_1_85' title='bbox 374 1315 531 1388; x_wconf 71' lang='lat' dir='ltr'>supputate</span> <span class='ocrx_word' id='word_1_86' title='bbox 564 1315 686 1374; x_wconf 80' lang='lat' dir='ltr'>ultimas</span> <span class='ocrx_word' id='word_1_87' title='bbox 728 1319 843 1373; x_wconf 73' lang='lat' dir='ltr'>anaor:</span> <span class='ocrx_word' id='word_1_88' title='bbox 894 1316 1108 1389; x_wconf 86' lang='lat' dir='ltr'>persuaserunt</span> <span class='ocrx_word' id='word_1_89' title='bbox 1142 1314 1200 1371; x_wconf 89' lang='lat' dir='ltr'>sibi</span> 
     </span>
     <span class='ocr_line' id='line_1_13' title="bbox 172 1401 1198 1479; baseline 0 -18"><span class='ocrx_word' id='word_1_90' title='bbox 172 1402 310 1461; x_wconf 87' lang='lat' dir='ltr'>nonnulli</span> <span class='ocrx_word' id='word_1_91' title='bbox 340 1421 375 1462; x_wconf 85' lang='lat' dir='ltr'>ac</span> <span class='ocrx_word' id='word_1_92' title='bbox 404 1422 498 1479; x_wconf 88' lang='lat' dir='ltr'>prope</span> <span class='ocrx_word' id='word_1_93' title='bbox 526 1423 641 1478; x_wconf 86' lang='lat' dir='ltr'>omnes,</span> <span class='ocrx_word' id='word_1_94' title='bbox 669 1406 716 1478; x_wconf 86' lang='lat' dir='ltr'>ut,</span> <span class='ocrx_word' id='word_1_95' title='bbox 744 1405 817 1478; x_wconf 85' lang='lat' dir='ltr'>quia</span> <span class='ocrx_word' id='word_1_96' title='bbox 843 1403 923 1461; x_wconf 87' lang='lat' dir='ltr'>inter</span> <span class='ocrx_word' id='word_1_97' title='bbox 945 1401 1048 1460; x_wconf 85' lang='lat' dir='ltr'>Latini</span> <span class='ocrx_word' id='word_1_98' title='bbox 1070 1403 1198 1461; x_wconf 86' lang='lat' dir='ltr'>maiores</span> 
     </span>
     <span class='ocr_line' id='line_1_14' title="bbox 174 1491 1199 1569; baseline -0.003 -18"><span class='ocrx_word' id='word_1_99' title='bbox 174 1491 321 1551; x_wconf 85' lang='lat' dir='ltr'>Saturnus</span> <span class='ocrx_word' id='word_1_100' title='bbox 344 1492 444 1550; x_wconf 87' lang='lat' dir='ltr'>fuerat</span> <span class='ocrx_word' id='word_1_101' title='bbox 466 1493 581 1568; x_wconf 88' lang='lat' dir='ltr'>primus</span> <span class='ocrx_word' id='word_1_102' title='bbox 605 1495 635 1550; x_wconf 90' lang='lat' dir='ltr'>et</span> <span class='ocrx_word' id='word_1_103' title='bbox 659 1493 696 1550; x_wconf 87' lang='lat' dir='ltr'>ab</span> <span class='ocrx_word' id='word_1_104' title='bbox 719 1493 786 1569; x_wconf 91' lang='lat' dir='ltr'>ipso</span> <span class='ocrx_word' id='word_1_105' title='bbox 809 1511 864 1567; x_wconf 90' lang='lat' dir='ltr'>per</span> <span class='ocrx_word' id='word_1_106' title='bbox 885 1491 991 1549; x_wconf 92' lang='lat' dir='ltr'>Picum</span> <span class='ocrx_word' id='word_1_107' title='bbox 1012 1494 1043 1549; x_wconf 89' lang='lat' dir='ltr'>et</span> <span class='ocrx_word' id='word_1_108' title='bbox 1061 1491 1199 1550; x_wconf 83' lang='lat' dir='ltr'>Faunum</span> 
     </span>
     <span class='ocr_line' id='line_1_15' title="bbox 173 1579 1199 1659; baseline 0 -20"><span class='ocrx_word' id='word_1_109' title='bbox 173 1582 277 1641; x_wconf 84' lang='lat' dir='ltr'>Latini</span> <span class='ocrx_word' id='word_1_110' title='bbox 306 1582 391 1659; x_wconf 85' lang='lat' dir='ltr'>origo</span> <span class='ocrx_word' id='word_1_111' title='bbox 421 1581 615 1658; x_wconf 84' lang='lat' dir='ltr'>profluxerat,</span> <span class='ocrx_word' id='word_1_112' title='bbox 647 1581 790 1639; x_wconf 90' lang='lat' dir='ltr'>ultimum</span> <span class='ocrx_word' id='word_1_113' title='bbox 820 1600 879 1640; x_wconf 91' lang='lat' dir='ltr'>non</span> <span class='ocrx_word' id='word_1_114' title='bbox 909 1579 1107 1640; x_wconf 88' lang='lat' dir='ltr'>novissimum</span> <span class='ocrx_word' id='word_1_115' title='bbox 1136 1599 1199 1639; x_wconf 89' lang='lat' dir='ltr'>esse</span> 
     </span>
     <span class='ocr_line' id='line_1_16' title="bbox 175 1669 1243 1748; baseline -0.005 -20"><span class='ocrx_word' id='word_1_116' title='bbox 175 1669 319 1748; x_wconf 84' lang='lat' dir='ltr'>[dicant],</span> <span class='ocrx_word' id='word_1_117' title='bbox 347 1670 399 1729; x_wconf 91' lang='lat' dir='ltr'>sed</span> <span class='ocrx_word' id='word_1_118' title='bbox 426 1671 556 1746; x_wconf 88' lang='lat' dir='ltr'>primum</span> <span class='ocrx_word' id='word_1_119' title='bbox 581 1671 748 1745; x_wconf 83' lang='lat' dir='ltr'>voluntque</span> <span class='ocrx_word' id='word_1_120' title='bbox 775 1670 831 1729; x_wconf 88' lang='lat' dir='ltr'>hoc</span> <span class='ocrx_word' id='word_1_121' title='bbox 858 1669 944 1728; x_wconf 86' lang='lat' dir='ltr'>velut</span> <span class='ocrx_word' id='word_1_122' title='bbox 971 1670 1105 1746; x_wconf 83' lang='lat' dir='ltr'>exemplo</span> <span class='ocrx_word' id='word_1_123' title='bbox 1128 1670 1199 1728; x_wconf 89' lang='lat' dir='ltr'>ulti-</span> <span class='ocrx_word' id='word_1_124' title='bbox 1220 1684 1243 1724; x_wconf 82' lang='lat' dir='ltr'>u</span> 
     </span>
     <span class='ocr_line' id='line_1_17' title="bbox 173 1758 1199 1836; baseline 0 -19"><span class='ocrx_word' id='word_1_125' title='bbox 173 1781 256 1819; x_wconf 91' lang='lat' dir='ltr'>mum</span> <span class='ocrx_word' id='word_1_126' title='bbox 278 1761 377 1818; x_wconf 84' lang='lat' dir='ltr'>virum</span> <span class='ocrx_word' id='word_1_127' title='bbox 400 1759 497 1818; x_wconf 90' lang='lat' dir='ltr'>dicere</span> <span class='ocrx_word' id='word_1_128' title='bbox 520 1779 610 1836; x_wconf 90' lang='lat' dir='ltr'>quem</span> <span class='ocrx_word' id='word_1_129' title='bbox 630 1758 806 1836; x_wconf 86' lang='lat' dir='ltr'>putaverint</span> <span class='ocrx_word' id='word_1_130' title='bbox 824 1758 986 1834; x_wconf 87' lang='lat' dir='ltr'>aliquando</span> <span class='ocrx_word' id='word_1_131' title='bbox 1005 1759 1199 1832; x_wconf 88' lang='lat' dir='ltr'>laudandum,</span> 
     </span>
     <span class='ocr_line' id='line_1_18' title="bbox 174 1848 1201 1924; baseline -0.001 -16"><span class='ocrx_word' id='word_1_132' title='bbox 174 1868 242 1908; x_wconf 86' lang='lat' dir='ltr'>cum</span> <span class='ocrx_word' id='word_1_133' title='bbox 269 1867 329 1907; x_wconf 89' lang='lat' dir='ltr'>non</span> <span class='ocrx_word' id='word_1_134' title='bbox 356 1850 401 1908; x_wconf 87' lang='lat' dir='ltr'>ita</span> <span class='ocrx_word' id='word_1_135' title='bbox 429 1849 477 1908; x_wconf 79' lang='lat' dir='ltr'>sit.</span> <span class='ocrx_word' id='word_1_136' title='bbox 522 1868 593 1907; x_wconf 87' lang='lat' dir='ltr'>nam</span> <span class='ocrx_word' id='word_1_137' title='bbox 616 1851 643 1907; x_wconf 89' lang='lat' dir='ltr'>si</span> <span class='ocrx_word' id='word_1_138' title='bbox 666 1848 787 1924; x_wconf 83' lang='lat' dir='ltr'>quando</span> <span class='ocrx_word' id='word_1_139' title='bbox 813 1849 947 1924; x_wconf 87' lang='lat' dir='ltr'>plurium</span> <span class='ocrx_word' id='word_1_140' title='bbox 971 1849 1131 1907; x_wconf 89' lang='lat' dir='ltr'>edicendus</span> <span class='ocrx_word' id='word_1_141' title='bbox 1155 1851 1201 1907; x_wconf 84' lang='lat' dir='ltr'>est</span> 
     </span>
     <span class='ocr_line' id='line_1_19' title="bbox 173 1937 1199 2015; baseline -0.002 -18"><span class='ocrx_word' id='word_1_142' title='bbox 173 1956 327 2012; x_wconf 88' lang='lat' dir='ltr'>numerus,</span> <span class='ocrx_word' id='word_1_143' title='bbox 362 1939 421 1996; x_wconf 90' lang='lat' dir='ltr'>erit</span> <span class='ocrx_word' id='word_1_144' title='bbox 456 1938 571 2015; x_wconf 92' lang='lat' dir='ltr'>primus</span> <span class='ocrx_word' id='word_1_145' title='bbox 608 1957 627 1996; x_wconf 86' lang='lat' dir='ltr'>a</span> <span class='ocrx_word' id='word_1_146' title='bbox 664 1957 724 2014; x_wconf 92' lang='lat' dir='ltr'>quc</span> <span class='ocrx_word' id='word_1_147' title='bbox 761 1937 854 1996; x_wconf 88' lang='lat' dir='ltr'>fuerit</span> <span class='ocrx_word' id='word_1_148' title='bbox 890 1940 1027 2014; x_wconf 86' lang='lat' dir='ltr'>coeptum</span> <span class='ocrx_word' id='word_1_149' title='bbox 1065 1940 1096 1997; x_wconf 91' lang='lat' dir='ltr'>et</span> <span class='ocrx_word' id='word_1_150' title='bbox 1131 1957 1199 1997; x_wconf 87' lang='lat' dir='ltr'>vere</span> 
     </span>
     <span class='ocr_line' id='line_1_20' title="bbox 173 2026 1200 2104; baseline -0.001 -17"><span class='ocrx_word' id='word_1_151' title='bbox 173 2027 355 2088; x_wconf 82' lang='lat' dir='ltr'>novissimus</span> <span class='ocrx_word' id='word_1_152' title='bbox 386 2026 438 2103; x_wconf 92' lang='lat' dir='ltr'>qui</span> <span class='ocrx_word' id='word_1_153' title='bbox 467 2027 615 2104; x_wconf 78' lang='lat' dir='ltr'>posterior</span> <span class='ocrx_word' id='word_1_154' title='bbox 644 2027 737 2088; x_wconf 84' lang='lat' dir='ltr'>fuerit</span> <span class='ocrx_word' id='word_1_155' title='bbox 765 2027 947 2087; x_wconf 88' lang='lat' dir='ltr'>nominatus.</span> <span class='ocrx_word' id='word_1_156' title='bbox 994 2046 1060 2088; x_wconf 88' lang='lat' dir='ltr'>ecce</span> <span class='ocrx_word' id='word_1_157' title='bbox 1085 2028 1122 2086; x_wconf 92' lang='lat' dir='ltr'>ut</span> <span class='ocrx_word' id='word_1_158' title='bbox 1143 2027 1200 2087; x_wconf 93' lang='lat' dir='ltr'>hoc</span> 
     </span>
     <span class='ocr_line' id='line_1_21' title="bbox 174 2116 1243 2194; baseline -0.003 -19"><span class='ocrx_word' id='word_1_159' title='bbox 174 2119 253 2191; x_wconf 87' lang='lat' dir='ltr'>loce,</span> <span class='ocrx_word' id='word_1_160' title='bbox 277 2119 304 2176; x_wconf 92' lang='lat' dir='ltr'>si</span> <span class='ocrx_word' id='word_1_161' title='bbox 328 2137 346 2175; x_wconf 85' lang='lat' dir='ltr'>a</span> <span class='ocrx_word' id='word_1_162' title='bbox 370 2116 499 2177; x_wconf 82' lang='lat' dir='ltr'>Saturno</span> <span class='ocrx_word' id='word_1_163' title='bbox 522 2118 668 2194; x_wconf 72' lang='lat' dir='ltr'>inceperit</span> <span class='ocrx_word' id='word_1_164' title='bbox 691 2117 888 2193; x_wconf 89' lang='lat' dir='ltr'>enumerati0‚</span> <span class='ocrx_word' id='word_1_165' title='bbox 915 2116 1040 2176; x_wconf 90' lang='lat' dir='ltr'>ultimus</span> <span class='ocrx_word' id='word_1_166' title='bbox 1067 2117 1199 2176; x_wconf 84' lang='lat' dir='ltr'>invenie-</span> <span class='ocrx_word' id='word_1_167' title='bbox 1218 2132 1243 2171; x_wconf 84' lang='lat' dir='ltr'>ro</span> 
     </span>
     <span class='ocr_line' id='line_1_22' title="bbox 175 2205 1201 2283; baseline -0.002 -17"><span class='ocrx_word' id='word_1_168' title='bbox 175 2210 225 2266; x_wconf 86' lang='lat' dir='ltr'>tur</span> <span class='ocrx_word' id='word_1_169' title='bbox 254 2205 395 2282; x_wconf 64' lang='lat' dir='ltr'>Latinus,</span> <span class='ocrx_word' id='word_1_170' title='bbox 427 2226 487 2266; x_wconf 90' lang='lat' dir='ltr'>non</span> <span class='ocrx_word' id='word_1_171' title='bbox 520 2208 599 2266; x_wconf 91' lang='lat' dir='ltr'>enim</span> <span class='ocrx_word' id='word_1_172' title='bbox 630 2208 680 2266; x_wconf 90' lang='lat' dir='ltr'>hic</span> <span class='ocrx_word' id='word_1_173' title='bbox 709 2208 824 2282; x_wconf 90' lang='lat' dir='ltr'>primus</span> <span class='ocrx_word' id='word_1_174' title='bbox 854 2208 942 2283; x_wconf 82' lang='lat' dir='ltr'>quusi</span> <span class='ocrx_word' id='word_1_175' title='bbox 972 2208 1117 2266; x_wconf 85' lang='lat' dir='ltr'>excellens</span> <span class='ocrx_word' id='word_1_176' title='bbox 1147 2208 1201 2265; x_wconf 91' lang='lat' dir='ltr'>aut</span> 
     </span>
     <span class='ocr_line' id='line_1_23' title="bbox 174 2293 1199 2372; baseline -0.001 -18"><span class='ocrx_word' id='word_1_177' title='bbox 174 2297 300 2355; x_wconf 83' lang='lat' dir='ltr'>ultimus</span> <span class='ocrx_word' id='word_1_178' title='bbox 324 2293 411 2370; x_wconf 90' lang='lat' dir='ltr'>quasi</span> <span class='ocrx_word' id='word_1_179' title='bbox 433 2295 554 2355; x_wconf 90' lang='lat' dir='ltr'>humilis</span> <span class='ocrx_word' id='word_1_180' title='bbox 578 2299 608 2355; x_wconf 90' lang='lat' dir='ltr'>et</span> <span class='ocrx_word' id='word_1_181' title='bbox 632 2296 778 2367; x_wconf 87' lang='lat' dir='ltr'>abiectus,</span> <span class='ocrx_word' id='word_1_182' title='bbox 807 2295 858 2355; x_wconf 91' lang='lat' dir='ltr'>sed</span> <span class='ocrx_word' id='word_1_183' title='bbox 883 2297 997 2372; x_wconf 90' lang='lat' dir='ltr'>primus</span> <span class='ocrx_word' id='word_1_184' title='bbox 1021 2299 1052 2354; x_wconf 89' lang='lat' dir='ltr'>et</span> <span class='ocrx_word' id='word_1_185' title='bbox 1073 2295 1199 2355; x_wconf 89' lang='lat' dir='ltr'>novissi·</span> 
     </span>
     <span class='ocr_line' id='line_1_24' title="bbox 174 2384 1200 2462; baseline 0 -19"><span class='ocrx_word' id='word_1_186' title='bbox 174 2405 242 2445; x_wconf 91' lang='lat' dir='ltr'>mus</span> <span class='ocrx_word' id='word_1_187' title='bbox 265 2386 297 2443; x_wconf 91' lang='lat' dir='ltr'>in</span> <span class='ocrx_word' id='word_1_188' title='bbox 320 2384 437 2444; x_wconf 84' lang='lat' dir='ltr'>ratione</span> <span class='ocrx_word' id='word_1_189' title='bbox 456 2404 647 2444; x_wconf 89' lang='lat' dir='ltr'>numerorum</span> <span class='ocrx_word' id='word_1_190' title='bbox 665 2385 900 2462; x_wconf 84' lang='lat' dir='ltr'>intellegendum</span> <span class='ocrx_word' id='word_1_191' title='bbox 919 2387 973 2444; x_wconf 87' lang='lat' dir='ltr'>est.</span> <span class='ocrx_word' id='word_1_192' title='bbox 1007 2385 1059 2443; x_wconf 89' lang='lat' dir='ltr'>illc</span> <span class='ocrx_word' id='word_1_193' title='bbox 1079 2386 1200 2462; x_wconf 80' lang='lat' dir='ltr'>quippe,</span> 
     </span>
     <span class='ocr_line' id='line_1_25' title="bbox 174 2474 1201 2550; baseline 0.001 -18"><span class='ocrx_word' id='word_1_194' title='bbox 174 2479 209 2532; x_wconf 84' lang='lat' dir='ltr'>ut</span> <span class='ocrx_word' id='word_1_195' title='bbox 240 2474 354 2534; x_wconf 87' lang='lat' dir='ltr'>dictum</span> <span class='ocrx_word' id='word_1_196' title='bbox 384 2478 443 2550; x_wconf 90' lang='lat' dir='ltr'>est,</span> <span class='ocrx_word' id='word_1_197' title='bbox 471 2476 529 2534; x_wconf 89' lang='lat' dir='ltr'>erit</span> <span class='ocrx_word' id='word_1_198' title='bbox 550 2474 666 2550; x_wconf 89' lang='lat' dir='ltr'>primus</span> <span class='ocrx_word' id='word_1_199' title='bbox 691 2494 708 2533; x_wconf 82' lang='lat' dir='ltr'>a</span> <span class='ocrx_word' id='word_1_200' title='bbox 732 2493 792 2549; x_wconf 90' lang='lat' dir='ltr'>quo</span> <span class='ocrx_word' id='word_1_201' title='bbox 816 2493 957 2533; x_wconf 89' lang='lat' dir='ltr'>numerus</span> <span class='ocrx_word' id='word_1_202' title='bbox 981 2476 1126 2549; x_wconf 88' lang='lat' dir='ltr'>coeperit,</span> <span class='ocrx_word' id='word_1_203' title='bbox 1149 2474 1201 2533; x_wconf 90' lang='lat' dir='ltr'>ille</span> 
     </span>
     <span class='ocr_line' id='line_1_26' title="bbox 175 2563 1243 2640; baseline -0.004 -19"><span class='ocrx_word' id='word_1_204' title='bbox 175 2583 245 2622; x_wconf 82' lang='lat' dir='ltr'>vero</span> <span class='ocrx_word' id='word_1_205' title='bbox 275 2564 401 2622; x_wconf 86' lang='lat' dir='ltr'>ultimus</span> <span class='ocrx_word' id='word_1_206' title='bbox 432 2563 470 2622; x_wconf 86' lang='lat' dir='ltr'>ad</span> <span class='ocrx_word' id='word_1_207' title='bbox 500 2583 588 2640; x_wconf 87' lang='lat' dir='ltr'>quem</span> <span class='ocrx_word' id='word_1_208' title='bbox 619 2582 813 2622; x_wconf 91' lang='lat' dir='ltr'>numerorum</span> <span class='ocrx_word' id='word_1_209' title='bbox 842 2564 978 2638; x_wconf 92' lang='lat' dir='ltr'>ipsorum</span> <span class='ocrx_word' id='word_1_210' title='bbox 1007 2563 1090 2622; x_wconf 87' lang='lat' dir='ltr'>venit</span> <span class='ocrx_word' id='word_1_211' title='bbox 1119 2563 1202 2623; x_wconf 84' lang='lat' dir='ltr'>facta</span> <span class='ocrx_word' id='word_1_212' title='bbox 1219 2578 1243 2618; x_wconf 79' lang='lat' dir='ltr'>rs</span> 
     </span>
     <span class='ocr_line' id='line_1_27' title="bbox 176 2652 1202 2729; baseline 0 -18"><span class='ocrx_word' id='word_1_213' title='bbox 176 2652 337 2712; x_wconf 89' lang='lat' dir='ltr'>conclusio.</span> <span class='ocrx_word' id='word_1_214' title='bbox 372 2653 441 2711; x_wconf 90' lang='lat' dir='ltr'>huic</span> <span class='ocrx_word' id='word_1_215' title='bbox 459 2654 525 2711; x_wconf 91' lang='lat' dir='ltr'>loco</span> <span class='ocrx_word' id='word_1_216' title='bbox 545 2652 689 2712; x_wconf 86' lang='lat' dir='ltr'>addamus</span> <span class='ocrx_word' id='word_1_217' title='bbox 709 2653 877 2728; x_wconf 84' lang='lat' dir='ltr'>exemplum</span> <span class='ocrx_word' id='word_1_218' title='bbox 896 2654 959 2711; x_wconf 88' lang='lat' dir='ltr'>eius</span> <span class='ocrx_word' id='word_1_219' title='bbox 980 2654 1032 2729; x_wconf 93' lang='lat' dir='ltr'>qui</span> <span class='ocrx_word' id='word_1_220' title='bbox 1051 2652 1202 2711; x_wconf 83' lang='lat' dir='ltr'>scalarum</span> 
     </span>
     <span class='ocr_line' id='line_1_28' title="bbox 175 2741 1203 2818; baseline 0.001 -19"><span class='ocrx_word' id='word_1_221' title='bbox 175 2741 287 2818; x_wconf 84' lang='lat' dir='ltr'>gradus</span> <span class='ocrx_word' id='word_1_222' title='bbox 315 2760 472 2799; x_wconf 84' lang='lat' dir='ltr'>numerere</span> <span class='ocrx_word' id='word_1_223' title='bbox 496 2742 639 2801; x_wconf 85' lang='lat' dir='ltr'>voluerit:</span> <span class='ocrx_word' id='word_1_224' title='bbox 669 2743 830 2801; x_wconf 87' lang='lat' dir='ltr'>ascendens</span> <span class='ocrx_word' id='word_1_225' title='bbox 855 2742 935 2800; x_wconf 90' lang='lat' dir='ltr'>enim</span> <span class='ocrx_word' id='word_1_226' title='bbox 957 2742 1088 2818; x_wconf 85' lang='lat' dir='ltr'>primum</span> <span class='ocrx_word' id='word_1_227' title='bbox 1110 2743 1203 2801; x_wconf 85' lang='lat' dir='ltr'>faciet</span> 
     </span>
     <span class='ocr_line' id='line_1_29' title="bbox 176 2831 1202 2907; baseline 0.001 -18"><span class='ocrx_word' id='word_1_228' title='bbox 176 2850 194 2889; x_wconf 90' lang='lat' dir='ltr'>a</span> <span class='ocrx_word' id='word_1_229' title='bbox 224 2849 284 2906; x_wconf 90' lang='lat' dir='ltr'>quo</span> <span class='ocrx_word' id='word_1_230' title='bbox 314 2832 423 2907; x_wconf 79' lang='lat' dir='ltr'>incipit</span> <span class='ocrx_word' id='word_1_231' title='bbox 452 2834 482 2889; x_wconf 88' lang='lat' dir='ltr'>et</span> <span class='ocrx_word' id='word_1_232' title='bbox 511 2831 707 2890; x_wconf 83' lang='lat' dir='ltr'>novissimum</span> <span class='ocrx_word' id='word_1_233' title='bbox 738 2832 791 2907; x_wconf 89' lang='lat' dir='ltr'>qui</span> <span class='ocrx_word' id='word_1_234' title='bbox 820 2832 861 2890; x_wconf 87' lang='lat' dir='ltr'>sit</span> <span class='ocrx_word' id='word_1_235' title='bbox 892 2831 1053 2891; x_wconf 85' lang='lat' dir='ltr'>manifesta</span> <span class='ocrx_word' id='word_1_236' title='bbox 1085 2833 1202 2890; x_wconf 87' lang='lat' dir='ltr'>ratione</span> 
     </span>
     <span class='ocr_line' id='line_1_30' title="bbox 176 2919 1203 2994; baseline 0.002 -17"><span class='ocrx_word' id='word_1_237' title='bbox 176 2921 320 2994; x_wconf 78' lang='lat' dir='ltr'>superior,</span> <span class='ocrx_word' id='word_1_238' title='bbox 344 2923 398 2978; x_wconf 87' lang='lat' dir='ltr'>aut</span> <span class='ocrx_word' id='word_1_239' title='bbox 421 2919 447 2977; x_wconf 90' lang='lat' dir='ltr'>si</span> <span class='ocrx_word' id='word_1_240' title='bbox 470 2919 649 2979; x_wconf 88' lang='lat' dir='ltr'>descendens</span> <span class='ocrx_word' id='word_1_241' title='bbox 668 2920 743 2980; x_wconf 85' lang='lat' dir='ltr'>velit</span> <span class='ocrx_word' id='word_1_242' title='bbox 761 2940 917 2979; x_wconf 90' lang='lat' dir='ltr'>numerum</span> <span class='ocrx_word' id='word_1_243' title='bbox 934 2940 1094 2994; x_wconf 87' lang='lat' dir='ltr'>recensere,</span> <span class='ocrx_word' id='word_1_244' title='bbox 1111 2921 1203 2979; x_wconf 83' lang='lat' dir='ltr'>faciet</span> 
     </span>
     <span class='ocr_line' id='line_1_31' title="bbox 176 3008 1243 3087; baseline -0.003 -21"><span class='ocrx_word' id='word_1_245' title='bbox 176 3009 277 3083; x_wconf 89' lang='lat' dir='ltr'>ipsum</span> <span class='ocrx_word' id='word_1_246' title='bbox 300 3008 426 3087; x_wconf 84' lang='lat' dir='ltr'>gradum</span> <span class='ocrx_word' id='word_1_247' title='bbox 450 3009 579 3086; x_wconf 91' lang='lat' dir='ltr'>primum</span> <span class='ocrx_word' id='word_1_248' title='bbox 603 3028 621 3067; x_wconf 85' lang='lat' dir='ltr'>a</span> <span class='ocrx_word' id='word_1_249' title='bbox 645 3029 704 3085; x_wconf 91' lang='lat' dir='ltr'>quo</span> <span class='ocrx_word' id='word_1_250' title='bbox 726 3010 900 3069; x_wconf 87' lang='lat' dir='ltr'>descensum</span> <span class='ocrx_word' id='word_1_251' title='bbox 918 3010 1010 3069; x_wconf 84' lang='lat' dir='ltr'>fuerit</span> <span class='ocrx_word' id='word_1_252' title='bbox 1029 3012 1201 3086; x_wconf 72' lang='lat' dir='ltr'>auspicatus</span> <span class='ocrx_word' id='word_1_253' title='bbox 1221 3024 1243 3063; x_wconf 85' lang='lat' dir='ltr'>sc</span> 
     </span>
     <span class='ocr_line' id='line_1_32' title="bbox 177 3098 1203 3175; baseline 0.003 -20"><span class='ocrx_word' id='word_1_254' title='bbox 177 3101 207 3156; x_wconf 90' lang='lat' dir='ltr'>et</span> <span class='ocrx_word' id='word_1_255' title='bbox 230 3098 426 3158; x_wconf 83' lang='lat' dir='ltr'>novissimum</span> <span class='ocrx_word' id='word_1_256' title='bbox 450 3099 504 3175; x_wconf 85' lang='lat' dir='ltr'>qui</span> <span class='ocrx_word' id='word_1_257' title='bbox 524 3099 696 3157; x_wconf 83' lang='lat' dir='ltr'>ascendenti</span> <span class='ocrx_word' id='word_1_258' title='bbox 714 3100 828 3174; x_wconf 90' lang='lat' dir='ltr'>primus</span> <span class='ocrx_word' id='word_1_259' title='bbox 847 3102 1025 3158; x_wconf 84' lang='lat' dir='ltr'>occurrerat.</span> <span class='ocrx_word' id='word_1_260' title='bbox 1062 3099 1203 3158; x_wconf 89' lang='lat' dir='ltr'>ultimum</span> 
     </span>
     <span class='ocr_line' id='line_1_33' title="bbox 177 3187 1202 3264; baseline 0.002 -19"><span class='ocrx_word' id='word_1_261' title='bbox 177 3206 248 3264; x_wconf 84' lang='lat' dir='ltr'>ergo</span> <span class='ocrx_word' id='word_1_262' title='bbox 267 3188 428 3247; x_wconf 86' lang='lat' dir='ltr'>sentiemus</span> <span class='ocrx_word' id='word_1_263' title='bbox 449 3187 613 3246; x_wconf 87' lang='lat' dir='ltr'>Saturnum</span> <span class='ocrx_word' id='word_1_264' title='bbox 631 3208 700 3247; x_wconf 88' lang='lat' dir='ltr'>vere</span> <span class='ocrx_word' id='word_1_265' title='bbox 719 3187 924 3248; x_wconf 83' lang='lat' dir='ltr'>novissimum.</span> <span class='ocrx_word' id='word_1_266' title='bbox 950 3187 1103 3264; x_wconf 86' lang='lat' dir='ltr'>Vergilius</span> <span class='ocrx_word' id='word_1_267' title='bbox 1123 3191 1202 3247; x_wconf 90' lang='lat' dir='ltr'>enim</span> 
     </span>
    </p>
   </div>
   <div class='ocr_carea' id='block_1_3' title="bbox 136 3355 1202 3706">
    <p class='ocr_par' dir='ltr' id='par_1_4' title="bbox 250 3355 1201 3428">
     <span class='ocr_line' id='line_1_34' title="bbox 250 3355 1201 3428; baseline 0.001 -18"><span class='ocrx_word' id='word_1_268' title='bbox 250 3366 263 3410; x_wconf 94' lang='lat'>1</span> <span class='ocrx_word' id='word_1_269' title='bbox 290 3375 384 3428; x_wconf 82' lang='lat' dir='ltr'>repam</span> <span class='ocrx_word' id='word_1_270' title='bbox 405 3357 430 3410; x_wconf 87' lang='lat' dir='ltr'><strong>V</strong></span> <span class='ocrx_word' id='word_1_271' title='bbox 455 3376 546 3412; x_wconf 74' lang='lat' dir='ltr'>raum</span> <span class='ocrx_word' id='word_1_272' title='bbox 571 3358 614 3411; x_wconf 89' lang='lat' dir='ltr'>ed.</span> <span class='ocrx_word' id='word_1_273' title='bbox 696 3363 713 3412; x_wconf 85' lang='lat'>8</span> <span class='ocrx_word' id='word_1_274' title='bbox 739 3358 887 3412; x_wconf 82' lang='lat' dir='ltr'>adsistebat</span> <span class='ocrx_word' id='word_1_275' title='bbox 910 3355 936 3408; x_wconf 94' lang='lat' dir='ltr'><strong>V</strong></span> <span class='ocrx_word' id='word_1_276' title='bbox 958 3358 1133 3423; x_wconf 81' lang='lat' dir='ltr'>praesidebat</span> <span class='ocrx_word' id='word_1_277' title='bbox 1158 3360 1201 3412; x_wconf 69' lang='lat' dir='ltr'>ed,</span> 
     </span>
    </p>

    <p class='ocr_par' dir='ltr' id='par_1_5' title="bbox 177 3428 1202 3497">
     <span class='ocr_line' id='line_1_35' title="bbox 177 3428 1202 3497; baseline 0.001 -17"><span class='ocrx_word' id='word_1_278' title='bbox 177 3434 192 3480; x_wconf 85' lang='grc'><strong>9</strong></span> <span class='ocrx_word' id='word_1_279' title='bbox 218 3431 340 3497; x_wconf 74' lang='lat' dir='ltr'>pertitam</span> <span class='ocrx_word' id='word_1_280' title='bbox 366 3432 464 3484; x_wconf 78' lang='lat' dir='ltr'>carica</span> <span class='ocrx_word' id='word_1_281' title='bbox 486 3429 519 3482; x_wconf 92' lang='lat' dir='ltr'>V.</span> <span class='ocrx_word' id='word_1_282' title='bbox 596 3435 627 3482; x_wconf 80' lang='lat'>12</span> <span class='ocrx_word' id='word_1_283' title='bbox 651 3436 683 3483; x_wconf 79' lang='lat' dir='ltr'>at</span> <span class='ocrx_word' id='word_1_284' title='bbox 706 3430 773 3497; x_wconf 80' lang='lat' dir='ltr'>qaia</span> <span class='ocrx_word' id='word_1_285' title='bbox 796 3428 820 3482; x_wconf 94' lang='lat' dir='ltr'><strong>V</strong></span> <span class='ocrx_word' id='word_1_286' title='bbox 843 3428 915 3497; x_wconf 81' lang='lat' dir='ltr'>quod</span> <span class='ocrx_word' id='word_1_287' title='bbox 939 3428 973 3481; x_wconf 89' lang='lat' dir='ltr'>ed</span> <span class='ocrx_word' id='word_1_288' title='bbox 1057 3434 1090 3480; x_wconf 82' lang='lat'>14</span> <span class='ocrx_word' id='word_1_289' title='bbox 1109 3447 1163 3484; x_wconf 80' lang='lat' dir='ltr'>esse</span> <span class='ocrx_word' id='word_1_290' title='bbox 1177 3430 1202 3481; x_wconf 94' lang='lat' dir='ltr'><strong>V</strong></span> 
     </span>
    </p>

    <p class='ocr_par' dir='ltr' id='par_1_6' title="bbox 164 3499 1201 3570">
     <span class='ocr_line' id='line_1_36' title="bbox 164 3499 1201 3570; baseline 0.002 -19"><span class='ocrx_word' id='word_1_291' title='bbox 164 3513 220 3548; x_wconf 82' lang='lat'><em>0111.</em></span> <span class='ocrx_word' id='word_1_292' title='bbox 247 3501 290 3551; x_wconf 84' lang='lat' dir='ltr'>ed.</span> <span class='ocrx_word' id='word_1_293' title='bbox 320 3518 380 3553; x_wconf 76' lang='lat' dir='ltr'>ease</span> <span class='ocrx_word' id='word_1_294' title='bbox 405 3502 503 3555; x_wconf 83' lang='lat' dir='ltr'>dr&#39;cant</span> <span class='ocrx_word' id='word_1_295' title='bbox 521 3518 572 3554; x_wconf 89' lang='lat' dir='ltr'>noe</span> <span class='ocrx_word' id='word_1_296' title='bbox 601 3502 727 3570; x_wconf 82' lang='lat' dir='ltr'>(propter</span> <span class='ocrx_word' id='word_1_297' title='bbox 751 3503 800 3569; x_wconf 81' lang='lat' dir='ltr'>ut).</span> <span class='ocrx_word' id='word_1_298' title='bbox 876 3505 909 3552; x_wconf 84' lang='grc'>16</span> <span class='ocrx_word' id='word_1_299' title='bbox 935 3499 1132 3567; x_wconf 81' lang='lat' dir='ltr'>aliqaaadaV</span> <span class='ocrx_word' id='word_1_300' title='bbox 1159 3502 1201 3554; x_wconf 92' lang='lat' dir='ltr'>ed.</span> 
     </span>
    </p>

    <p class='ocr_par' dir='ltr' id='par_1_7' title="bbox 136 3564 1202 3706">
     <span class='ocr_line' id='line_1_37' title="bbox 145 3564 1202 3646; baseline 0.006 -30"><span class='ocrx_word' id='word_1_301' title='bbox 145 3564 252 3646; x_wconf 59' lang='lat' dir='ltr'>opaea</span> <span class='ocrx_word' id='word_1_302' title='bbox 269 3570 381 3624; x_wconf 75' lang='lat' dir='ltr'>laude?</span> <span class='ocrx_word' id='word_1_303' title='bbox 447 3574 663 3643; x_wconf 70' lang='lat' dir='ltr'>utplurimum</span> <span class='ocrx_word' id='word_1_304' title='bbox 678 3571 704 3625; x_wconf 95' lang='lat' dir='ltr'><strong>V</strong></span> <span class='ocrx_word' id='word_1_305' title='bbox 722 3572 848 3644; x_wconf 76' lang='lat' dir='ltr'>pluriora</span> <span class='ocrx_word' id='word_1_306' title='bbox 867 3570 911 3624; x_wconf 87' lang='lat' dir='ltr'>ed.</span> <span class='ocrx_word' id='word_1_307' title='bbox 974 3576 1008 3623; x_wconf 74' lang='lat' dir='ltr'>‘ld</span> <span class='ocrx_word' id='word_1_308' title='bbox 1027 3572 1155 3638; x_wconf 73' lang='lat' dir='ltr'>taciperit</span> <span class='ocrx_word' id='word_1_309' title='bbox 1169 3572 1202 3623; x_wconf 91' lang='lat' dir='ltr'>V.</span> 
     </span>
     <span class='ocr_line' id='line_1_38' title="bbox 136 3630 808 3706; baseline 0.031 -25"><span class='ocrx_word' id='word_1_310' title='bbox 136 3630 174 3674; x_wconf 68' lang='lat'>21</span> <span class='ocrx_word' id='word_1_311' title='bbox 196 3649 372 3695; x_wconf 60' lang='lat' dir='ltr'>enarraremus</span> <span class='ocrx_word' id='word_1_312' title='bbox 391 3644 435 3699; x_wconf 83' lang='lat' dir='ltr'>ed.</span> <span class='ocrx_word' id='word_1_313' title='bbox 518 3653 556 3702; x_wconf 81' lang='grc'>29</span> <span class='ocrx_word' id='word_1_314' title='bbox 577 3647 673 3706; x_wconf 84' lang='lat' dir='ltr'>autV</span> <span class='ocrx_word' id='word_1_315' title='bbox 693 3647 740 3703; x_wconf 84' lang='lat' dir='ltr'>ed.</span> <span class='ocrx_word' id='word_1_316' title='bbox 760 3652 808 3702; x_wconf 83' lang='lat' dir='ltr'>at‘?</span> 
     </span>
    </p>
   </div>
   <div class='ocr_carea' id='block_1_4' title="bbox 0 0 1375 4150">
    <p class='ocr_par' dir='ltr' id='par_1_8' title="bbox 0 0 1375 4150">
     <span class='ocr_line' id='line_1_39' title="bbox 0 0 1375 4150; baseline 0 0"><span class='ocrx_word' id='word_1_317' title='bbox 0 0 1375 4150; x_wconf 95' lang='lat' dir='ltr'> </span> 
     </span>
    </p>
   </div>
  </div>
 </body>
</html>
