2725 4150
526 349 791 405 innnmosvm
1108 355 1170 421 181

152 527 218 582 tum
241 521 400 597 sitneque
423 521 513 578 fluere
536 520 633 596 possit
654 521 691 579 ut
714 519 855 579 solutum.
901 538 966 579 ecce
995 519 1071 580 dixit
1099 539 1171 596 quo-

151 611 239 670 modo
263 611 396 670 laborem
425 609 522 685 operis
551 608 731 669 divisissent.
773 609 839 683 alii,
861 608 976 685 inquit,
1003 609 1174 670 conflabant

153 720 216 776 aes,
246 701 300 758 alii
330 720 451 773 aurum,
482 698 535 757 alii
564 698 677 756 ferrum
707 698 896 773 molliebant,
923 718 984 757 non
1007 697 1087 757 enim
1109 699 1174 758 ficri

152 792 271 866 poterat
293 793 329 848 ut
351 789 462 847 diversi
485 789 602 866 generis
624 787 750 846 metulla
768 789 801 845 in
819 806 911 846 unam
929 788 1083 847 fornacem
1102 807 1172 847 con·

122 881 338 956 egererentur,
361 877 413 937 sed
440 880 476 936 ut
504 878 605 936 omnia
631 895 691 934 uno
718 878 852 953 tempore
879 877 990 937 futuris
1018 877 1173 954 speciebus

152 972 260 1044 parata
273 968 490 1045 praevenirent.
523 966 577 1025 alii
594 966 691 1043 igitur
709 964 777 1024 aliis
791 985 914 1042 operam
928 965 1049 1026 dabant.
1081 986 1173 1026 unam

151 1060 266 1117 interea
294 1058 458 1131 fornacem,
489 1076 579 1131 quam
609 1054 685 1113 dixit
714 1057 846 1129 vastam,
876 1056 917 1115 sic
951 1055 1091 1116 debemus
1126 1075 1172 1116 ac·

153 1149 265 1224 cipere,
294 1149 330 1206 ut
361 1165 422 1205 una
454 1144 595 1222 singulis,
626 1163 687 1203 non
719 1143 857 1203 omnibus
889 1146 1004 1221 pariter
1035 1146 1174 1206 videatur

152 1237 244 1296 fuisse
267 1235 412 1312 deputata
434 1233 616 1311 perindeque
639 1236 675 1292 ut
696 1251 758 1291 uua
781 1233 849 1292 auri
871 1234 975 1310 fuerit,
1003 1235 1065 1294 alia
1088 1235 1173 1309 aeris,

108 1341 135 1380 ιο
154 1325 213 1385 alia
236 1326 316 1384 ferri.
356 1325 514 1383 vulnificus
537 1322 673 1398 chalybs:
696 1325 770 1381 tunc
792 1323 964 1399 vulnificus,
989 1324 1062 1400 quia
1083 1343 1174 1401 prop·

152 1418 198 1474 ter
229 1412 419 1474 fabricandos
452 1411 568 1491 gladios
605 1410 783 1488 parabatur,
821 1414 965 1486 ceterum,
1002 1414 1028 1473 si
1060 1415 1110 1472 eat
1140 1414 1173 1472 in

152 1504 259 1563 navale
282 1522 357 1581 opus
381 1505 435 1562 aut
456 1503 605 1562 rusticum
628 1504 683 1560 aut
705 1500 801 1560 simile
825 1501 920 1576 aliud,
943 1519 1004 1560 non
1027 1502 1086 1562 erit
1107 1503 1173 1562 vul·

153 1593 267 1652 nificus.
296 1594 440 1667 tepentem
459 1592 583 1666 clipeum
600 1592 778 1663 informant:
796 1591 846 1650 hic
863 1591 955 1650 simul
974 1593 1044 1650 sunt
1062 1609 1174 1667 omnes,

153 1684 189 1741 ut
219 1682 397 1740 informetur
427 1700 490 1740 una
522 1680 635 1757 specics
666 1681 772 1739 maior.
798 1714 799 1719 κ
823 1698 918 1739 unum
945 1681 1045 1740 omnia
1073 1684 1174 1740 cocta

110 1786 135 1825 15
154 1771 211 1829 telo
240 1771 433 1829 Latinorum:
463 1771 601 1847 exposuit
630 1768 712 1845 quod
741 1768 830 1845 dixit,
859 1769 1014 1848 ingentem
1046 1769 1175 1846 clipeum

155 1878 214 1935 quo
240 1861 348 1936 posset
378 1862 513 1938 gestator
545 1877 710 1932 occurrere,
743 1858 862 1919 etiamsi
889 1858 1005 1919 Latinis
1036 1858 1174 1919 omnibus

154 1949 245 2008 simul
267 1950 363 2008 iacere
386 1949 448 2008 tela
470 1948 641 2025 placuisset
688 1948 740 2007 sed
766 1949 822 2007 hoc
850 1968 886 2008 cx
912 1967 1041 2025 persona
1067 1951 1173 2026 poetae

155 2038 294 2098 debemus
324 2039 471 2117 accipere,
503 2041 633 2098 ceterum
664 2037 837 2098 nesciebant
868 2036 1012 2115 Cyclopes
1045 2039 1095 2098 cui
1126 2037 1175 2098 vel

155 2131 259 2188 contra
294 2149 382 2205 quem
419 2147 503 2187 arma
537 2129 592 2188 illa
625 2130 814 2204 pararentur.
865 2132 935 2205 post
969 2128 1047 2188 scuti
1080 2127 1176 2206 igitur

109 2232 135 2271 20
154 2218 282 2277 formam
304 2220 424 2277 textura
448 2217 511 2277 eius
535 2219 750 2293 consequenter
780 2218 961 2277 ostenditur:
989 2221 1176 2291 septenosque

153 2309 272 2367 orbibus
294 2308 373 2367 orbis
395 2308 556 2380 inpediunt.
611 2306 851 2383 quattuordecim
878 2307 996 2366 circulis
1020 2307 1062 2365 sic
1086 2305 1176 2382 clipei

153 2399 272 2456 textura
295 2396 433 2456 currebat
456 2395 602 2455 ordinabis
626 2396 763 2471 orbibus,
786 2399 823 2455 ut
844 2415 875 2456 se
902 2396 1030 2455 invicem
1058 2398 1174 2454 nectere

154 2490 183 2545 et
209 2485 343 2563 inpedire
376 2485 557 2544 viderentur.
607 2486 715 2561 incipit
746 2503 866 2544 rursum
898 2486 1007 2561 exponi
1034 2483 1107 2559 quid
1135 2484 1176 2544 sit

153 2576 327 2652 pariterque
349 2574 482 2634 laborem
505 2574 618 2634 sortiti:
641 2575 696 2633 ciii
717 2575 845 2633 ventosis
866 2574 987 2647 follibus
1011 2589 1104 2631 acras
1127 2584 1236 2633 ‹rc-450

107 2678 134 2717 25
153 2666 265 2737 optant
294 2664 484 2736 redduntque.
538 2683 599 2722 non
631 2661 710 2738 quod
748 2665 871 2723 ventum
907 2662 1051 2737 habeant,
1088 2661 1174 2721 folles

153 2754 270 2813 ventosi
293 2753 366 2812 dicti
389 2755 472 2828 sunt,
496 2753 547 2811 scd
571 2751 651 2829 quod
674 2752 799 2812 ventum
822 2753 975 2826 emittant,
1004 2750 1058 2809 ubi
1084 2768 1173 2810 auras

154 2844 334 2918 acceperint,
365 2844 509 2917 ceterum,
539 2842 566 2901 si
595 2860 656 2901 non
687 2844 879 2915 moveantur,
906 2841 1009 2900 nullus
1038 2861 1072 2900 ex
1099 2840 1174 2917 ipsis

153 2935 260 2992 ventus
290 2931 400 2990 existit.
446 2932 500 2990 alii
528 2931 682 2990 stridentia
712 2932 828 3004 tinywnt
857 2947 928 2990 acra
959 2931 1040 2990 lacu:
1063 2929 1176 2990 emittit

155 3022 265 3097 quippe
289 3020 447 3081 stridorem
470 3020 583 3079 ferrum
606 3038 774 3094 accensum,
798 3038 867 3079 cum
889 3021 921 3078 in
945 3039 1055 3097 aquam
1082 3020 1176 3079 fuerit

107 3125 134 3164 eo
153 3110 285 3169 missum.
329 3111 418 3184 pemit
438 3111 574 3183 inpositis
595 3110 753 3168 incudibus
776 3114 910 3168 cibum:
932 3109 1070 3188 gemebat
1088 3126 1175 3168 omne

154 3203 275 3258 antrum
298 3199 400 3258 crebro
423 3198 587 3258 verberatis
610 3198 778 3258 incudibus
823 3200 868 3257 iili
894 3200 970 3258 inter
997 3216 1058 3258 sesc
1081 3197 1175 3257 muita

226 3391 242 3439 3
261 3387 397 3442 molebant
409 3385 436 3439 V
449 3403 518 3440 corr.
534 3387 576 3440 ed.
642 3393 657 3440 6
674 3388 849 3456 pervenirent
865 3387 909 3441 ed.
976 3391 1010 3440 10
1028 3386 1175 3453 vulnificus

154 3458 258 3512 chulibs
271 3457 297 3510 V
315 3476 366 3528 que
383 3458 503 3512 inseruit
521 3456 564 3511 ed.
628 3463 660 3511 11
681 3458 765 3513 catV
783 3460 834 3513 erit
852 3458 895 3512 ed.
961 3463 994 3511 14
1012 3457 1175 3525 informare·

153 3536 201 3583 tur
219 3529 262 3582 ed.
337 3536 370 3583 16
389 3547 441 3599 quo
454 3528 481 3583 V
499 3535 531 3583 ct
549 3527 592 3583 ed.
671 3535 704 3583 1‘1
726 3530 874 3599 placuisset
887 3528 913 3582 V
930 3530 1086 3599 coctiqissct
1103 3527 1146 3582 ed.

154 3600 242 3654 bo'cV
260 3601 326 3655 boec
344 3599 387 3655 cd.
443 3605 478 3654 20
495 3599 645 3655 texturaV
663 3607 804 3657 comasius
822 3601 868 3655 ed.
921 3605 959 3653 ‘l‘l
977 3602 1142 3655 miscebatur

155 3688 225 3725 corr.
244 3672 286 3724 ed.
359 3678 394 3725 23
411 3672 551 3728 videreta
564 3671 590 3728 V
605 3690 677 3729 corr.
693 3672 739 3730 ed.
766 3672 778 3749 l
805 3690 945 3745 exponere
967 3671 1018 3726 eb.
1089 3673 1133 3719 ‘tt
1156 3665 1210 3715 ode

147 3743 259 3794 mebant
275 3741 318 3796 ed.
393 3748 429 3798 30
447 3746 565 3804 ricm'bub
583 3765 640 3819 pro
657 3749 818 3807 incutimus
828 3747 874 3803 V.
