2725 4150
537 343 800 400 mnnmosvm
1118 348 1182 413 173

161 519 349 594 superatum,
379 520 405 574 et
432 516 546 587 formae
576 514 693 574 conseia
722 514 861 584 centana,
893 522 923 574 et
951 514 1038 573 illum
1068 512 1183 574 victum

161 625 224 665 esse
254 607 352 663 forma
382 606 482 681 potius
513 623 605 680 quam
634 602 732 662 verbis
762 605 876 678 uxoris,
906 604 1021 662 laetata
1050 623 1110 662 non
1137 603 1182 661 in·

160 695 267 754 merito
298 696 344 753 est
373 694 457 753 dolos
488 712 557 752 suos
587 693 684 770 plenis
713 692 868 752 effectibus
898 693 1068 769 profecisse.
1121 695 1183 751 tam

155 790 244 858 pater
267 788 382 843 aeterno
405 785 489 856 fatae
511 783 660 841 decimatas
679 799 792 841 amore:
814 785 932 859 patrem
951 781 1027 842 dixit
1045 782 1099 858 qui
1116 782 1182 841 loco

130 874 257 951 epatris
281 873 399 931 Aeneae
430 872 530 931 fuerat
558 872 749 949 profuturus,
778 872 849 930 licet
875 871 962 930 illum
989 871 1091 930 Venus
1122 870 1183 931 alia

161 963 277 1022 ratione
299 963 452 1021 vinxisset.
489 961 561 1033 qaid
583 977 691 1019 caasas
709 961 787 1033 petie
811 978 845 1019 ea
868 961 1244 1034 0110911110010000011390

161 1071 216 1125 qao
240 1053 305 1120 tibi,
329 1052 412 1120 dica,
435 1051 512 1109 met?
558 1069 635 1126 quae
658 1049 877 1124 circumitione,
902 1049 958 1125 ait,
985 1049 1033 1109 uti
1058 1050 1184 1110 voluisti

162 1141 318 1200 verborum
343 1138 495 1198 dubitasse
523 1142 553 1198 te
582 1138 618 1197 de
645 1137 749 1197 mariti
776 1140 932 1198 voluntate
959 1139 1095 1199 firmasti.
1141 1139 1183 1198 sic

161 1249 283 1289 exorsus
298 1232 352 1304 est,
367 1230 455 1304 quasi
468 1248 528 1287 non
542 1227 607 1303 ipse
621 1229 699 1287 esset
713 1226 767 1303 qui
781 1228 872 1304 paulo
887 1230 957 1287 ante
972 1228 1183 1288 cunctabatur:

116 1341 142 1380 ro
160 1321 205 1379 ita
229 1338 260 1378 se
283 1319 403 1377 facilem
425 1318 549 1395 praebet
567 1320 599 1376 et
615 1320 772 1392 tamquam
789 1317 915 1376 Veneris
933 1335 994 1376 non
1012 1318 1182 1377 intellectus

160 1410 281 1486 ingenio
304 1408 418 1466 bonum
440 1425 471 1467 se
494 1407 568 1466 satis
592 1409 624 1465 et
645 1405 818 1465 benivolum
840 1408 977 1483 praestat
999 1426 1089 1482 quem
1111 1408 1184 1465 fecit

160 1498 254 1557 libido
269 1497 448 1557 subiectum!
482 1497 509 1555 si
527 1494 743 1570 considerares,
762 1496 877 1571 inquit,
896 1514 958 1555 esse
976 1497 1007 1554 te
1027 1496 1183 1572 coniugem

161 1606 259 1645 meam
286 1590 316 1646 et
344 1586 417 1662 quid
443 1604 518 1644 uxor
546 1585 581 1644 de
608 1586 718 1643 marito
741 1586 892 1643 mereatur
913 1585 1096 1659 adverteres,
1123 1602 1184 1643 non

163 1677 285 1734 duceres
307 1695 343 1734 ex
361 1675 423 1734 alto
443 1674 592 1750 principia
609 1692 664 1733 nec
682 1673 858 1751 petitionem
875 1676 961 1733 trram
980 1672 1183 1733 circumitione

119 1784 144 1824 rs
163 1766 304 1822 munires.
336 1763 499 1824 diffidentis
522 1765 579 1822 hoc
601 1764 723 1841 signum
741 1766 799 1839 est3
822 1783 988 1840 numquam
1006 1764 1086 1821 enim
1103 1764 1184 1821 inter

163 1855 337 1913 coniunctas
366 1854 510 1931 religione
540 1870 682 1928 personas
713 1853 890 1930 petitionem
921 1853 1056 1912 futuram
1087 1869 1183 1912 sermo

162 1943 317 2002 laboratus
340 1943 501 2015 antevenit,
523 1942 583 2001 nisi
601 1961 669 2000 cum
687 1942 854 2002 honestatis
873 1942 951 2002 ratio
970 1960 1031 2001 non
1050 1941 1184 2019 suppetit

163 2035 218 2093 aut
247 2032 423 2092 destituitur
451 2033 568 2091 meritis
598 2049 726 2109 persona
755 2031 914 2109 poscentis.
967 2032 1057 2093 velim
1088 2032 1184 2111 igitur

161 2124 250 2183 istius
282 2121 467 2181 diffidentiae
499 2140 585 2181 nosse
617 2121 765 2181 rationem
797 2122 880 2182 ouius
913 2122 1060 2182 erroribus
1094 2121 1183 2181 ducta

117 2232 143 2271 00
161 2213 320 2271 verborum
348 2212 504 2287 superfluis
533 2210 719 2271 anfractibus
746 2212 897 2288 inpetrare
921 2212 1074 2271 contendis
1103 2211 1184 2286 quod

162 2302 302 2361 submota
331 2319 432 2376 posses
462 2301 646 2377 loquacitate
674 2319 871 2377 praesumere.
923 2302 1029 2360 similis
1057 2302 1084 2359 sc'
1111 2318 1184 2359 cara

161 2393 274 2464 fuisset,
298 2394 367 2448 tame
389 2407 500 2462 qaoque
522 2392 572 2463 fas
594 2390 679 2449 mobis
703 2392 830 2449 Temenos
853 2407 972 2449 armam
993 2391 1112 2462 fuisset:
1139 2407 1183 2448 re·

161 2478 371 2556 prehendendo
395 2479 557 2555 superioris
581 2482 612 2538 et
634 2479 799 2556 praesentis
823 2478 966 2554 temporis
986 2478 1184 2536 diffidentiam

161 2570 324 2645 proclivem
354 2586 385 2628 00
414 2570 564 2627 monstrat
593 2568 744 2643 effectum3
774 2568 818 2627 ait
847 2568 958 2644 quippe
990 2570 1020 2626 et
1049 2569 1134 2640 tuno,
1158 2568 1184 2625 si

117 2677 143 2716 rs
163 2659 363 2737 suggessisses
387 2658 504 2733 aliquid
526 2658 589 2717 tuis
612 2656 705 2716 fuisse
723 2656 937 2730 necessarium,
955 2656 1009 2714 hos
1028 2674 1183 2732 possemus

147 2750 354 2823 ‚conpetenter
391 2766 520 2821 armare;
555 2766 616 2807 non
653 2745 733 2804 enim
769 2746 905 2805 futurum
941 2746 1055 2803 exitum
1085 2763 1184 2804 rerum

162 2838 271 2913 aliquis
295 2838 415 2912 poterat
436 2854 532 2896 nosse.
578 2835 702 2894 dicendo
733 2837 764 2892 et
792 2837 865 2893 tunc
894 2835 1027 2894 ostendit
1054 2853 1085 2895 se
1107 2834 1184 2893 nihil

161 2927 194 2984 in
217 2928 368 3003 praesenti
390 2928 579 3002 negaturum.
611 2941 664 2983 aec
682 2928 771 2999 pater
792 2924 974 2997 ommipotens
993 2925 1115 2983 Troiam
1132 2941 1185 2983 aee

161 3018 228 3088 fata
250 3017 397 3089 crepabant
419 3018 497 3072 stare
521 3014 670 3087 decemque
694 3013 769 3072 ab'os
791 3013 947 3072 Riamam
964 3031 1115 3088 sameresse
1130 3030 1185 3085 per

117 3121 143 3160 so
162 3122 272 3163 annos:
301 3104 349 3163 bic
378 3106 491 3162 tractat
519 3106 609 3179 pocta
631 3104 762 3163 fatorum
785 3102 847 3162 vim
871 3102 991 3178 quidem
1014 3122 1074 3163 non
1096 3120 1184 3179 posse

162 3193 309 3267 subverti,
341 3211 428 3269 posse
460 3195 562 3252 tamen
593 3193 742 3252 inminens
778 3192 892 3251 malum
928 3192 1032 3270 aliqua
1067 3191 1184 3251 ratione

236 3387 250 3434 7
277 3398 346 3449 qaae
366 3379 392 3433 V
420 3380 455 3434 cf.
475 3385 526 3434 299
556 3398 611 3449 qaa
636 3381 679 3434 ed.
753 3384 770 3433 8
792 3381 910 3447 firmasti
927 3378 954 3432 V
976 3379 1118 3435 ostendisti
1139 3377 1183 3432 ed.

164 3459 196 3506 11
216 3470 294 3521 quem
308 3451 334 3505 V
353 3459 486 3520 quamtum
502 3452 583 3506 iilam
602 3451 645 3505 ed.
702 3458 735 3505 12
754 3452 978 3507 eomsidmaris-
989 3456 1022 3505 13
1037 3451 1185 3505 adverteris

162 3524 188 3577 V
203 3540 272 3578 corr.
288 3524 331 3577 ed.
392 3528 425 3577 19
443 3522 564 3578 istimV
582 3525 641 3577 etas
659 3523 702 3578 ed.
759 3529 791 3577 21
812 3524 1001 3591 loquacitatem
1015 3522 1040 3576 V
1055 3538 1124 3576 corr.
1140 3521 1183 3575 ed.

163 3602 197 3648 22
216 3594 792 3664 repraebeach-e-ed.repreheadeado
810 3611 869 3648 nos.
925 3599 959 3647 24
973 3593 1127 3648 aeVdese
1139 3594 1188 3645 ed.

164 3673 197 3720 25
213 3683 354 3733 possemus
367 3664 393 3718 V
406 3667 559 3735 potuissem
577 3666 622 3721 ed.
696 3670 731 3722 22
755 3664 932 3739 moqabamtV
956 3662 1213 3720 0010000101.οΚ

161 3737 238 3803 Verg.
257 3736 338 3789 libri:
356 3737 560 3809 interpretatio
579 3743 743 3815 utrumque
761 3741 890 3814 patitur.
