2725 4150
455 393 458 400 .
542 345 807 401 nnunmosvm
1124 350 1187 417 147

168 515 261 575 lulum
292 516 465 575 tacuissent.
514 515 562 574 bic
587 532 655 574 cero
677 512 803 574 Alcidae
828 516 919 589 furiis
946 521 1097 576 exarserat
1123 522 1188 578 atro

167 605 234 677 felle
256 605 346 674 dolor,
369 604 450 677 rapit
472 621 559 664 arma
580 623 673 664 marie
695 605 837 678 cedisque
861 609 1019 679 maculam
1045 606 1136 665 robur
1163 612 1250 673 cisso

168 694 243 753 aerii
265 711 355 753 cursu
372 694 446 767 petit
468 694 567 753 ardua
587 695 710 753 montis:
732 714 799 753 cum
821 695 887 770 boc,
908 694 1022 770 inquit,
1045 695 1188 756 Hercules

168 783 364 861 cognovisset,
386 781 530 841 iniuriam
551 784 649 861 magis
672 802 765 859 quam
788 784 968 843 detrimenta
995 784 1187 845 considerans

138 873 279 931 sexarsit
304 872 475 947 nacundia3
501 871 558 931 hoc
585 871 665 930 enim
692 873 868 949 praestabat
893 873 973 933 fellis
999 873 1188 934 inmoderata

168 961 336 1021 commotio.
372 961 500 1037 denique
523 980 583 1020 non
605 962 679 1021 tulit
702 980 794 1037 arma,
817 961 869 1021 sed
891 963 996 1039 rapuit
1016 981 1072 1022 neo
1093 962 1188 1040 passi-

167 1051 232 1125 bus,
255 1050 307 1110 sed
329 1051 425 1111 veloci
448 1069 536 1110 cursu
560 1051 677 1109 aerium
699 1049 829 1110 tetendit
851 1049 890 1110 ad
911 1054 1054 1111 montem.
1091 1053 1187 1112 virtus

167 1139 305 1200 Herculis
328 1141 361 1198 in
382 1141 511 1215 utroque
534 1138 686 1217 signatum
709 1159 779 1198 nam
801 1158 907 1216 rapere
926 1144 1084 1220 gravatum
1101 1141 1189 1202 nodis

166 1230 266 1303 robur,
285 1248 344 1306 quo
363 1228 505 1288 utebatur
522 1248 577 1304 pro
597 1229 698 1302 armis,
718 1230 748 1288 et
761 1230 842 1288 tanti
855 1230 966 1290 montis
985 1230 1080 1289 ardua
1100 1250 1189 1292 cursu

122 1338 149 1378 1o
166 1320 370 1378 mensmittere
393 1318 483 1394 plena
504 1318 628 1378 virtutis
647 1319 677 1376 et
696 1319 883 1378 constantiae
901 1319 1115 1380 demonstratio
1135 1324 1189 1382 est.

167 1413 228 1467 ium
253 1408 387 1482 primicie
415 1407 509 1466 casiri
540 1405 650 1466 Ocmcm
678 1407 777 1466 cidere
805 1408 952 1466 timentem
985 1411 1190 1483 turbatorisque

167 1498 273 1557 oculis:
294 1496 458 1556 timebatur
481 1498 551 1555 ante
575 1496 738 1556 adventum
760 1495 899 1556 Herculis
924 1496 1018 1557 Cacus
1046 1516 1101 1557 nec
1123 1498 1188 1576 ipse

130 1597 131 1600 ’
169 1605 349 1662 quemquam
362 1585 515 1645 metuebat
529 1588 664 1645 armatus
681 1586 891 1664 magnitudine
910 1587 1051 1664 corporis,
1069 1587 1189 1647 feritate

168 1677 296 1735 natiuae
326 1677 357 1734 et
387 1675 576 1735 flammarum
606 1674 758 1749 incendio,
791 1675 843 1735 sed
871 1675 925 1734 ubi
958 1676 997 1736 ad
1028 1675 1189 1736 Herculem

123 1780 150 1821 1e
168 1768 292 1824 ventum
323 1767 370 1825 est
400 1768 430 1825 et
460 1766 523 1824 eius
555 1764 701 1824 virtuim
731 1765 813 1824 ausis
849 1765 962 1824 talibus
1000 1765 1189 1842 adprobavit,

169 1853 274 1913 didicit
290 1854 404 1928 timere,
422 1853 504 1933 quod
523 1857 592 1913 ante
610 1855 767 1914 nescierat.
798 1855 908 1931 incipit
925 1854 1023 1915 dicere
1041 1854 1189 1916 rationem

168 1942 285 2002 timoris
306 1944 403 2019 ipsius
422 1944 517 2021 signis
535 1944 633 2021 magis
652 1962 743 2020 quam
762 1943 823 2002 alia
841 1963 877 2003 ex
895 1962 986 2005 causa
1007 1947 1189 2022 conpertam.

168 2031 317 2108 turbatus,
338 2032 448 2110 inquit,
471 2033 566 2094 oculis
584 2033 644 2092 fuit
662 2051 717 2093 nec
734 2034 885 2109 inmerito,
904 2052 971 2094 cum
989 2033 1106 2096 videret
1122 2037 1189 2095 tan-

168 2125 233 2180 tam
254 2122 422 2200 potentiam
444 2123 500 2184 dei.
531 2123 609 2198 feeit
630 2124 708 2182 ilicet
729 2124 808 2182 ocior
831 2141 914 2183 euro:
937 2126 968 2183 et
990 2143 1059 2185 cum
1082 2126 1190 2185 fuisset

123 2228 151 2267 ro
169 2214 299 2271 extrema
322 2212 529 2289 desperatione
552 2230 721 2289 possessus,
749 2212 830 2291 fugit
851 2216 887 2273 ut
908 2215 1016 2274 ventus
1040 2217 1070 2274 et
1091 2214 1190 2291 ipsam

168 2302 250 2362 venti
286 2302 470 2361 celeritatem
505 2301 675 2362 mobilitate
707 2304 911 2378 praeveniens.
964 2304 1191 2376 specierumque

162 2392 244 2464 petii,
258 2391 387 2465 pedibus
405 2392 492 2449 timor
510 2391 627 2450 addidit
644 2392 726 2451 aios·
747 2391 808 2451 tria
825 2392 948 2451 fuerunt
966 2392 1052 2469 signa
1070 2393 1189 2451 timoris

167 2480 276 2557 ipsius:
300 2482 455 2539 oculorum
476 2481 674 2557 perturbatio,
698 2481 751 2556 qui
774 2479 919 2558 quicquid
943 2479 1043 2540 animo
1073 2483 1190 2559 gereret

166 2569 355 2645 indicabant3
377 2570 451 2648 fuga
474 2570 594 2630 artioris
619 2588 736 2630 cursus:
759 2589 855 2645 neque
879 2570 959 2629 enim
981 2568 1058 2628 illud
1085 2569 1189 2647 fugere

122 2673 149 2713 ae
168 2659 280 2733 fuerat,
308 2659 361 2719 sed
388 2660 504 2735 volare,
532 2679 603 2718 nam
629 2661 727 2718 metus
756 2658 869 2717 insueti
895 2657 1021 2735 pedibus
1050 2658 1114 2717 alas
1138 2658 1189 2717 ad-

168 2748 300 2823 diderat;
318 2748 442 2807 tertium
460 2748 541 2824 quod
558 2768 618 2807 non
637 2768 668 2808 se
688 2748 815 2807 credidit
828 2766 934 2825 campo
949 2750 1003 2806 aut
1016 2749 1191 2825 patentibus

167 2837 254 2912 locis,
284 2838 337 2896 sed
365 2836 398 2896 in
427 2838 600 2914 speluncam
629 2838 721 2915 fugit,
752 2857 843 2913 quam
874 2836 1005 2914 putabat
1035 2837 1189 2899 invictam.

168 2931 200 2984 ici
229 2933 290 2985 sese
319 2928 440 2985 inclusit
466 2929 618 3001 ruptisque
648 2928 769 2985 inmane
800 2928 910 2985 cotecis
942 2927 1043 2986 decer
1073 2938 1251 2997 cocomati

167 3016 247 3088 ferro
270 3016 347 3088 quoi
369 3019 396 3075 ei
418 3019 480 3075 orte
492 3019 623 3089 paterne
638 3016 792 3089 pendebat,
810 3016 955 3091 fultosque
973 3018 1096 3075 emuniit
1112 3018 1190 3075 obice

123 3105 272 3178 aspectio,
305 3122 367 3164 cccc
399 3107 504 3178 furens
536 3106 645 3164 areimis
677 3105 782 3164 cdercd
813 3106 986 3180 Tirynthius
1021 3122 1190 3178 omnemque

169 3211 317 3253 cormeum
346 3195 479 3254 lcareos
509 3196 566 3253 buc
596 3212 651 3254 orc
681 3196 795 3268 ferebat
825 3198 852 3254 ei
881 3196 953 3255 illuc
984 3195 1118 3254 dentibus
1144 3196 1252 3256 ire-230

168 3283 323 3356 frendens:
339 3285 419 3342 inter
436 3284 596 3345 Herculem
614 3287 645 3343 et
658 3282 770 3344 (lacum
783 3302 844 3344 non
857 3285 1021 3361 plurimum
1035 3286 1191 3360 supererat

169 3372 276 3449 spatii,
305 3371 432 3450 denique
460 3373 526 3448 ille,
557 3392 625 3432 cum
657 3392 687 3432 se
717 3373 834 3434 videret
864 3374 1024 3434 velocitate
1055 3373 1189 3432 fortioris

242 3526 386 3596 lclcbydc
399 3524 433 3581 V.
480 3526 582 3595 apelle
595 3524 628 3579 V.
647 3525 650 3598 l
666 3526 802 3595 erudisque
815 3544 855 3597 pr.
869 3526 954 3580 rabor
966 3524 1000 3579 V.
1048 3525 1191 3580 lambent

169 3596 203 3663 V,
222 3596 321 3650 sedin
338 3597 455 3666 interpr.
474 3599 589 3653 mum.
662 3602 678 3649 ὅ
701 3614 769 3667 prce
785 3598 935 3654 iracundie
954 3596 1001 3651 ed.
1072 3602 1090 3649 b
1113 3614 1199 3649 uerno,

169 3684 231 3721 om..
248 3667 290 3722 ed.
362 3674 395 3722 11
420 3670 511 3725 cedei
529 3668 561 3725 V.
637 3673 673 3727 25
699 3671 806 3729 incudi
829 3667 989 3745 lgcucbbll
1018 3669 1152 3723 insumus
1169 3663 1220 3715 ab·

162 3743 199 3787 27
214 3738 345 3792 rametam
361 3738 389 3794 V
402 3740 656 3817 ibacpuynabi‘lem
672 3745 723 3804 ed,

1026 3845 1088 3904 io*
