2725 4150
566 313 795 370 nnunmosx
1124 315 1190 381 329

171 484 343 544 hominibus
367 488 397 544 et
420 483 578 544 interitum
599 482 806 562 plurimorum.
838 484 911 542 haec
930 481 1070 542 dicuntur
1088 484 1119 541 et
1136 481 1190 540 im-

171 574 247 651 perii
271 575 535 634 commutationem
557 571 742 650 portendere.
789 571 869 648 quod
892 573 937 631 ait
959 572 1045 631 laevo
1067 570 1190 646 lumine,

170 664 232 723 tale
255 667 301 723 est
324 665 411 739 quale
434 663 511 722 illud
534 662 615 739 quod
637 663 683 722 ait
705 653 750 743 (9,
771 653 851 742 355)
879 679 972 736 „nam
994 661 1046 720 lux
1068 659 1191 720 inimica

171 752 387 830 propinquat“‚
414 755 451 812 ut
478 752 646 812 ostenderet
673 751 775 810 lumen
800 771 860 810 non
887 769 1005 827 semper
1027 768 1090 810 esse
1113 750 1190 825 opti·

138 862 266 916 smum,
289 841 341 902 sed
364 840 526 919 aliquando
550 840 660 900 exoriri
682 839 873 900 eontrarium.
920 859 990 900 nam
1015 840 1142 899 cometes
1160 841 1191 898 et

172 930 267 990 Sirius
297 934 383 991 tanto
414 933 484 990 sunt
513 931 674 1007 perniciosi
704 931 819 1006 quanto
849 929 962 989 fuerint
988 931 1055 989 luce
1078 928 1190 987 maiore

169 1039 328 1096 persprom.

242 1110 328 1168 Haut
354 1114 451 1168 tamen
478 1109 587 1168 audaci
615 1109 717 1167 Turres
743 1107 855 1179 fiducia
883 1107 967 1166 cesset
993 1107 1080 1166 litora
1102 1123 1191 1180 prae-

170 1200 265 1272 cipere
294 1202 320 1257 et
347 1199 489 1257 venientis
513 1197 622 1272 pellere
652 1201 745 1256 terro:
775 1215 843 1255 cum
873 1197 1024 1256 contraria
1053 1194 1190 1272 pertibus

123 1308 152 1347 ro
169 1289 234 1348 suis
258 1288 376 1347 Turnus
405 1287 563 1363 aspiceret,
591 1305 652 1346 non
679 1285 811 1363 perdidit
838 1305 873 1344 ex
903 1305 937 1345 eo
960 1285 1029 1345 risu
1052 1287 1189 1346 constan-

168 1377 259 1451 tiam,
283 1377 333 1436 sed
356 1376 483 1436 audacia
506 1395 566 1452 qua
589 1394 707 1453 semper
729 1377 775 1434 est
796 1393 869 1435 usus
897 1375 1055 1435 consilinm
1081 1373 1189 1448 tenuit,

169 1469 206 1526 ut
236 1468 305 1525 ante
335 1467 455 1542 caperet
481 1468 606 1540 terram,
634 1484 671 1524 ne
694 1465 811 1524 Aeneas
834 1464 883 1523 vel
911 1464 965 1540 qui
991 1481 1059 1522 cum
1082 1482 1117 1523 eo
1140 1482 1189 1522 ve-

169 1558 278 1614 nerant
306 1555 434 1615 navibus
467 1557 694 1630 exponerentur.
748 1552 903 1614 inducitur
934 1552 1025 1612 dictio
1059 1550 1189 1611 hominis

169 1644 294 1703 audacis
317 1646 347 1703 at
370 1643 433 1703 eius
458 1645 512 1719 qui
534 1643 629 1703 nollet
652 1662 720 1703 snos
743 1643 945 1720 trepidatione
968 1640 1119 1715 confundi,
1138 1641 1189 1700 ad-

122 1751 150 1792 rs
169 1733 294 1793 serentis
324 1733 464 1809 prodesse
497 1733 597 1810 potius
631 1731 712 1810 quod
741 1733 842 1808 potuit
869 1730 965 1793 videri
996 1730 1189 1790 contrarium.

169 1823 298 1900 denique
326 1824 369 1882 sic
396 1823 508 1899 coepit:
535 1822 612 1896 quod
637 1823 712 1880 votis
738 1822 861 1894 optastis
887 1821 981 1890 adest,
1004 1820 1190 1893 persrtnpere

168 1913 286 1971 dextra:
314 1912 347 1969 tn
373 1912 513 1970 manibus
534 1912 625 1970 Mare
650 1912 714 1983 ipse
742 1911 824 1971 virts.
867 1927 947 1969 cunc
973 1910 1104 1984 couiupts
1132 1913 1189 1968 esto
1199 1919 1251 1971 280

167 2003 289 2075 quisque
319 2018 392 2059 suae
423 2000 541 2075 tectique
571 2017 689 2069 mernor,
719 2017 798 2059 nunc
826 2017 937 2075 mayoc
964 1999 1070 2071 referto
1098 2000 1114 2072 f
1180 2044 1189 2068 ,

163 2095 287 2165 patrum
306 2091 423 2149 laudes:
440 2089 570 2165 tandem,
588 2090 698 2167 inquit,
716 2089 799 2165 socii,
818 2090 899 2167 quod
917 2088 1081 2165 cupiebatis
1105 2089 1189 2148 effec-

121 2199 150 2237 eo
167 2184 236 2239 tum
258 2183 317 2255 est,
335 2180 452 2239 hostem
470 2179 586 2239 habetis
604 2180 637 2238 in
655 2178 808 2253 manibus,
828 2178 937 2239 exerite
956 2178 1105 2252 dexteras,
1124 2177 1188 2254 ipse

167 2270 249 2328 Mars
273 2268 378 2329 attulit
401 2287 475 2345 quos
499 2268 639 2328 caedatis.
680 2271 839 2346 propterea
862 2268 905 2328 sic
928 2268 1039 2343 coepit,
1059 2266 1142 2343 quia,
1162 2268 1189 2324 si

169 2359 222 2417 alii
245 2359 324 2417 turri
347 2377 382 2417 co
404 2360 486 2418 fossa
509 2356 745 2418 defendebantur
768 2360 798 2417 et
821 2359 927 2431 muris,
945 2355 998 2415 isti
1015 2356 1138 2415 fuerunt
1156 2355 1188 2413 in

168 2451 282 2525 aperto.
317 2447 349 2505 in
372 2447 510 2507 manibus
533 2447 614 2506 Mars
636 2447 701 2524 ipse
724 2447 811 2507 viris:
835 2447 970 2522 quisquis
989 2445 1120 2518 virilem,
1142 2443 1187 2501 in·

168 2537 249 2614 quit,
273 2536 406 2595 animum
428 2538 506 2615 gerit
527 2536 603 2596 fidat
624 2536 763 2595 manibus
787 2537 848 2595 suis
872 2537 902 2594 et
919 2534 1085 2611 praesentis
1105 2551 1188 2591 occa·

120 2642 149 2683 ss
168 2627 283 2685 sionem
309 2626 453 2703 temporis
481 2645 541 2685 non
569 2626 700 2685 omittat.
751 2625 857 2684 dehinc
884 2626 1031 2699 oportune
1058 2621 1188 2698 primam

168 2716 331 2793 coniugum
358 2718 460 2791 posuit
487 2734 621 2790 causam,
652 2717 688 2773 ut
721 2714 927 2790 unusquisque
961 2711 1097 2791 cogitans
1136 2710 1187 2769 ad·

167 2823 255 2864 versa
285 2804 455 2864 certaminis
488 2804 562 2880 quid
591 2805 658 2881 pati
688 2821 764 2862 uxor
794 2802 931 2863 hostibus
963 2799 1186 2861 dominantibus

167 2894 265 2970 possit
294 2895 395 2953 animo
424 2893 618 2971 praevidente
645 2895 790 2952 tractaret
821 2895 851 2951 et
882 2891 1029 2951 eiusmodi
1054 2890 1187 2949 ludibria

166 2984 288 3042 virtutis
317 2983 428 3044 auxilio
458 2984 660 3059 praeveniret,
690 2984 825 3042 tueretur
853 3000 973 3059 quoque
1003 2980 1104 3040 omnia
1131 2997 1187 3038 sua

119 3090 147 3129 so
167 3092 244 3148 quae
275 3073 356 3132 domi
384 3071 552 3148 habuisset,
582 3092 619 3130 ne
646 3071 836 3130 inimicorum
864 3068 1026 3130 commodis
1050 3068 1188 3128 cederent

167 3181 245 3239 quae
268 3162 353 3240 longi
375 3163 518 3239 temporis
537 3162 727 3240 congesserat
744 3160 839 3220 labor.
871 3159 976 3219 debere
995 3162 1065 3219 ante
1083 3158 1185 3217 oculos

239 3354 254 3402 2
273 3349 513 3404 commutationem
523 3349 574 3402 VR
588 3365 657 3403 corr.
672 3348 716 3403 ed.
772 3355 787 3402 6
801 3348 950 3417 peruiciosa·
962 3346 1014 3400 VR
1028 3347 1127 3401 -uorcc
1141 3345 1185 3401 ed.

167 3427 182 3474 7
205 3422 321 3489 peroptet
340 3420 373 3474 V.
448 3425 481 3474 10
506 3436 540 3475 cx
565 3437 618 3473 om.
640 3419 684 3474 ed.
759 3425 791 3472 12
816 3425 948 3474 ocemont
965 3417 1017 3472 VR
1040 3423 1119 3473 eram
1141 3417 1185 3471 ed.

166 3498 201 3547 16
220 3492 336 3561 denique
353 3494 394 3547 sic
411 3493 498 3560 coepit
516 3508 569 3545 om.
585 3491 628 3545 ed.
696 3496 728 3544 17
748 3491 915 3545 immunitos
932 3489 965 3543 R.
1034 3494 1068 3542 20
1087 3490 1187 3543 emerite

164 3564 292 3619 dexteras
313 3563 366 3617 VR
393 3569 510 3618 comede
536 3563 648 3617 dextras
674 3563 717 3617 ed.
798 3567 832 3615 22
858 3562 944 3617 cruris
967 3560 1019 3613 VR
1043 3562 1117 3615 murt
1142 3560 1185 3613 ed.

165 3640 200 3689 23
219 3636 321 3689 videris
338 3651 389 3703 pro
407 3636 477 3689 viris
488 3633 540 3687 VR
559 3637 654 3703 (supra
672 3635 768 3705 recte).
840 3638 879 3687 24
897 3638 976 3704 perot
993 3631 1079 3702 ebt
1100 3646 1204 3685 occcu-

163 3708 269 3761 sc'ooem
285 3706 318 3759 R.
390 3710 427 3759 28
436 3708 530 3775 poscet
546 3706 573 3761 R
586 3708 686 3779 posuit
699 3706 735 3765 V.
