2725 4150
554 324 782 382 asmosx
1112 329 1175 394 381

162 496 264 556 Lauso
283 495 374 555 denen
394 495 500 555 babere
517 495 627 554 umeris
646 497 673 554 et
689 495 793 554 uutiee
810 496 899 569 fipere
917 495 1037 554 oristas:
1060 495 1180 553 scutum

162 589 191 644 et
218 584 337 663 galeam
363 586 494 649 mtraeta
520 584 602 644 hosti
624 583 703 644 d0n0
726 583 810 643 dedit
831 583 894 643 filio
918 601 987 660 sn03
1016 583 1179 642 nonenim

160 672 277 733 numini
303 672 446 751 uniquam
471 673 545 733 haee
572 691 691 733 servare
718 673 820 750 potuit
847 675 901 733 aut
927 689 1098 732 consecrare
1126 672 1180 749 qui

162 764 232 823 deos
256 765 443 822 contemnere
465 764 612 840 perpetua
635 761 836 822 obstinatione
860 761 1013 822 didicerat
1050 777 1103 821 nee
1120 779 1180 821 non

133 852 322 912 sEreuntben
348 851 509 927 Pbrypilun
534 851 713 925 Paridisque
738 853 891 912 Muuuntu
918 851 1070 925 ueqeeuleeu
1094 852 1180 910 eomi-

161 946 287 1014 ternque:
313 941 405 1000 etiam
432 940 486 1001 isti
510 940 728 1019 intelleguntur
757 941 855 1001 oeeisi.
900 959 964 1001 unu
990 956 1074 1016 quem
1100 944 1181 1000 noete

162 1031 282 1090 lbeano
309 1030 343 1089 iu
370 1030 462 1090 luceru
486 1031 611 1105 peniteri
631 1027 743 1105 Amnes
770 1030 850 1090 dedit
871 1033 898 1089 et
919 1031 985 1104 fuee
1006 1047 1181 1105 pruepnans

163 1119 273 1180 Cisseis
289 1120 394 1194 repinu
410 1120 515 1180 Parim
532 1124 624 1179 nent:
641 1117 731 1196 [urbe
746 1123 874 1193 putunu
891 1119 1022 1188 oeeubut,
1041 1120 1181 1194 uelamen
1192 1128 1243 1178 ‘lob

161 1209 303 1270 Laurens
322 1208 408 1268 lubet
428 1226 483 1268 ora
500 1207 685 1285 MimantuJ:
706 1207 787 1267 ludit
807 1209 888 1268 inter
909 1208 1036 1267 duorum
1058 1210 1182 1268 nomina

116 1315 144 1355 1⁰
162 1301 194 1359 et
229 1297 404 1358 nativitates
441 1316 476 1358 ae
511 1300 650 1374 parentes
693 1300 724 1357 et
765 1300 884 1358 mortes.
951 1296 1061 1357 oesidit
1102 1299 1182 1357 enim

162 1385 325 1447 Mezentius
353 1387 442 1463 duos,
469 1387 630 1447 Euanthen
658 1390 690 1446 et
711 1387 872 1462 Mimanta,
901 1387 954 1464 qui
980 1386 1099 1446 Paridis
1128 1388 1181 1446 ali·

163 1476 285 1556 quando
312 1476 421 1536 fnisset
448 1476 583 1554 aequalis
606 1479 637 1537 et
659 1494 766 1536 comes.
810 1495 846 1536 ax
868 1475 990 1536 Theano
1013 1477 1044 1535 at
1066 1475 1181 1553 Amyco

163 1564 239 1626 dicit
255 1566 335 1626 hune
357 1568 476 1641 uatum,
498 1565 640 1626 Paridem
661 1584 732 1626 vero
757 1585 793 1624 ex
817 1565 961 1641 Oisseide,
983 1566 1182 1642 posteaquam
1211 1575 1214 1579 ’

162 1657 260 1715 facem
287 1673 319 1715 se
341 1656 490 1732 peperisse
513 1655 689 1731 somniavit,
716 1657 769 1732 qui
792 1653 878 1715 Paris
901 1656 934 1713 in
961 1653 1033 1714 urbe
1055 1658 1182 1732 paterna

117 1759 144 1799 11
163 1743 303 1819 occubat,
325 1743 358 1803 id
375 1748 422 1804 est
438 1746 471 1804 in
489 1744 593 1819 Troia,
615 1744 764 1805 Mimanta
782 1747 884 1804 autem
901 1743 1066 1804 Laurentes
1084 1746 1182 1804 terrae

162 1837 344 1910 exceperunt
361 1833 524 1894 uadentem.
563 1851 600 1893 ae
620 1834 699 1893 uelut
719 1835 769 1893 ille
791 1851 900 1894 eanum
921 1851 1022 1894 mersu
1044 1834 1079 1893 de
1101 1850 1182 1893 uron-

162 1923 241 1982 tibus
264 1923 333 1983 altis
355 1927 438 1982 uetus
464 1941 549 1997 aper,
576 1923 682 1982 nulus
702 1923 826 1983 Vesulus
849 1941 933 1998 quern
950 1924 1065 1997 pinifer
1087 1941 1182 1984 annos

162 2011 294 2087 defendit
314 2012 453 2072 multosve
472 2013 564 2087 palus
581 2011 749 2072 Lamentis
771 2013 848 2074 silua
861 2017 968 2088 pestus
986 2013 1181 2085 lumndinea,
1194 2018 1245 2068 '110

164 2101 429 2180 quemadmodum,
455 2101 569 2181 inquit,
601 2120 705 2162 morsu
732 2122 838 2163 senum
865 2102 1017 2164 montibus
1040 2122 1113 2181 aper
1135 2123 1183 2163 ex-

119 2208 146 2247 n
164 2193 278 2268 elusus,
298 2210 387 2269 quem
400 2192 530 2252 Vesulus
548 2210 634 2251 mons
652 2191 750 2268 pineis
769 2191 926 2253 arboribus
946 2192 1053 2253 densus
1071 2193 1183 2254 multos

163 2301 218 2359 per
250 2299 343 2341 annos
375 2280 510 2340 defendit
541 2299 577 2341 ae
607 2282 708 2341 tenuit
737 2284 790 2340 aut
818 2282 905 2357 palus
936 2280 1080 2341 Laurenti
1107 2283 1183 2343 silva

164 2369 244 2431 eluit
279 2373 370 2447 atque
406 2369 549 2446 nutrivit,
581 2375 738 2445 postquem
771 2372 847 2430 inter
877 2370 953 2429 retin
983 2374 1102 2430 venturu
1133 2376 1183 2441 est,

163 2459 291 2520 substitit
318 2460 526 2534 infremuitque
554 2460 637 2533 feren
666 2464 694 2520 et
720 2460 868 2519 interruit
898 2476 1009 2528 erutos,
1042 2476 1095 2519 nee
1124 2462 1184 2519 eui·

164 2566 255 2623 quarn
276 2549 368 2609 irasci
386 2550 546 2624 propiusue
568 2549 703 2609 sendus
725 2550 832 2619 uirtus,
856 2548 908 2608 sed
930 2548 1036 2607 insulis
1059 2548 1184 2622 tutisque

122 2652 147 2693 u
162 2638 266 2712 prouul
298 2638 474 2698 elumeribus
504 2639 631 2698 instant:
661 2639 734 2697 bunt
765 2638 851 2697 aliter
881 2637 977 2697 iustae
1006 2638 1111 2711 quibus
1143 2642 1185 2698 est

164 2728 329 2787 Mezentius
350 2728 427 2797 bne,
445 2745 507 2787 nen
523 2728 579 2787 ulli
596 2731 638 2787 est
655 2728 775 2787 animus
792 2728 890 2786 stricte
908 2744 1078 2787 eoneurrere
1095 2728 1183 2801 ferro,
1195 2736 1246 2786 ‘116

163 2816 326 2876 missilibus
350 2817 432 2892 lonpe
455 2820 481 2876 et
502 2822 584 2876 uasto
608 2816 733 2876 clamne
756 2816 914 2886 lneessruet,
943 2816 992 2875 ille
1020 2819 1117 2876 autern
1138 2818 1184 2876 in-

160 2906 293 2980 pavidus
317 2908 415 2979 partis
442 2910 595 2966 punctatur
620 2906 654 2964 in
680 2905 776 2965 omnis
802 2905 937 2965 dentibus
963 2906 1137 2979 infrendens
1159 2910 1185 2965 et

165 2999 242 3070 teryo
278 2995 385 3054 deeutit
418 2996 528 3057 iustus.
593 2994 846 3072 quemadmodum
885 3013 958 3073 aper
993 2996 1073 3056 inter
1107 2994 1185 3055 retia

239 3154 253 3201 1
276 3149 372 3203 tristes
389 3146 422 3201 V.
496 3152 511 3200 2
530 3146 688 3203 renuetuV
706 3148 856 3203 detruetune
875 3148 918 3203 ed.
992 3154 1008 3202 3
1026 3150 1134 3203 numini
1151 3147 1185 3203 V.

165 3225 182 3274 b
200 3220 317 3273 naudus
329 3217 362 3272 V.
384 3218 388 3290 1
410 3221 546 3274 immunia
561 3216 594 3273 V.
650 3224 667 3273 8
685 3220 776 3274 Parin
795 3219 839 3275 ed.
865 3218 868 3291 l
893 3220 1027 3275 urbe-s
1042 3221 1186 3276 Mimanta

165 3290 247 3344 deest
263 3290 295 3343 in
308 3289 342 3356 V,
356 3290 406 3345 sed
421 3289 585 3359 explicatur.
640 3293 674 3343 10
693 3296 791 3346 mortes
806 3290 830 3345 V
848 3297 968 3347 mertuos
986 3292 1030 3347 ed.
1083 3298 1114 3346 11
1134 3294 1186 3347 rni-

165 3368 290 3416 mautarn
305 3360 337 3416 V.
394 3367 426 3415 12
441 3362 569 3431 aequales
578 3359 611 3414 V.
633 3360 636 3432 l
657 3377 691 3415 eu
704 3362 740 3416 tle.
755 3361 781 3415 V
795 3369 821 3418 et
834 3363 877 3418 ed.
934 3368 967 3417 13
982 3363 1116 3432 paridam
1129 3363 1162 3418 V.
1180 3364 1183 3435 l

165 3433 282 3489 eisseidu
295 3431 328 3486 V.
394 3438 427 3488 15
445 3438 534 3488 terrae
551 3448 605 3486 um.
620 3431 664 3486 ed.
730 3438 762 3487 1'1
777 3435 906 3503 pinnifer
919 3433 952 3488 V.
1023 3439 1056 3489 18
1074 3436 1186 3490 multos-

165 3521 217 3574 que
231 3503 257 3557 V
275 3506 392 3573 propter
408 3510 459 3559 aut
476 3504 507 3558 in
520 3503 636 3571 interpr.
650 3503 780 3559 multosve
798 3506 905 3574 scripsi.
918 3512 931 3575 Ἰ
951 3508 1017 3574 post
1030 3506 1188 3561 Laurentia

165 3592 223 3630 non
249 3574 378 3643 distinxi,
404 3575 471 3645 qnia
496 3574 550 3629 hoe
574 3574 645 3629 Don.
669 3576 770 3630 eontra
793 3580 922 3633 metrum
945 3594 1015 3633 suni
1036 3578 1115 3631 situs
1136 3592 1208 3628 sun-

165 3646 267 3715 iungis.
285 3647 294 3716 l
308 3654 410 3730 paetus
421 3646 562 3715 quomodo
577 3649 729 3705 construat
742 3666 804 3707 uun
815 3651 974 3723 intellege.
1034 3653 1080 3702 ‘tt
1090 3641 1233 3700 innuenti

157 3718 229 3770 ma
247 3715 345 3772 Vim
361 3720 497 3789 mifflllos.
514 3720 560 3777 ed.
640 3729 678 3781 24
699 3725 872 3799 tuisqueV.
950 3730 992 3780 ‘sb
1012 3716 1116 3777 ireV.
