2725 4150
188 321 253 389 154
296 358 298 362 >
472 319 612 375 DONATI
629 319 801 375 INTERPR.
815 318 923 375 VERG.

185 508 247 550 non
277 488 478 567 accipiuntur,
506 488 567 550 nisi
594 490 686 565 plena
715 489 870 550 voluntate
898 488 1013 549 fuerint
1044 491 1207 567 persoluta,

186 583 239 640 aut
260 579 327 640 ideo
351 579 494 654 volentes,
517 579 591 656 quia
611 578 785 655 aliquando,
803 578 882 638 sicut
899 578 980 639 infra
997 580 1130 656 positum
1153 583 1207 654 est,

184 668 360 729 inimicitias
383 668 491 727 Troiae
513 668 657 727 Hercules
679 668 770 743 fovit,
792 670 828 726 ut
849 666 989 728 videatur
1010 669 1067 729 hoc
1084 668 1207 729 dixisse:

186 759 240 836 qui
261 760 402 817 inimicus
425 759 524 818 vester
546 756 605 816 fuit
628 758 687 816 erit
708 758 771 817 iam
797 756 914 817 amicus·
938 757 1036 834 vobis,
1064 758 1208 835 quoniam

185 848 282 909 nostri
311 849 382 907 estis
413 846 518 906 effecti.
575 863 641 906 eece
677 846 814 906 Euandri
848 846 940 906 etiam
971 849 1004 906 in
1039 849 1096 907 hoe
1125 848 1208 906 beni-
1240 866 1253 906 s

186 936 329 1013 volentia,
351 938 387 996 ut
408 935 585 995 iamdudum
608 936 755 995 offensum
778 936 869 995 deum
887 936 960 997 velit
978 936 1040 996 illis
1059 955 1122 998 esse
1139 956 1208 1014 pro·

186 1026 305 1104 pitium.
363 1026 490 1095 uicerat,
525 1026 675 1085 Herculeo
710 1026 818 1085 bicolor
848 1043 914 1084 cum
940 1027 1072 1100 populus
1102 1028 1210 1086 umbra

186 1116 348 1187 velavitque
378 1131 476 1173 comus
504 1114 640 1187 foliisque
669 1116 780 1175 iuuecu
805 1115 959 1188 pependit.-
985 1134 1054 1174 mox
1077 1114 1210 1190 Troiani,

187 1204 235 1266 vel
254 1203 326 1281 quia
344 1202 460 1263 occasio
478 1202 539 1263 fuit
557 1204 668 1265 offenso
686 1203 863 1263 iamdudum
882 1204 1054 1264 satisfacere
1073 1206 1121 1266 vel
1140 1206 1211 1283 quia

186 1312 248 1354 non
261 1293 366 1352 debuit
378 1293 481 1370 respui
500 1292 580 1369 quod
598 1292 730 1354 Arcades
748 1311 859 1372 magno
878 1293 964 1353 cultu
981 1295 1211 1370 venerabantur,
1229 1313 1256 1353 ro

186 1403 224 1443 ne
248 1403 284 1443 ex
304 1384 361 1444 hoe
383 1381 459 1443 laesi
480 1383 636 1460 postulata
658 1402 719 1442 non
742 1384 889 1457 facerent,
915 1383 1072 1443 Herculeis
1098 1403 1129 1444 se
1154 1384 1211 1443 hoc

188 1474 233 1533 est
255 1473 393 1550 populeis
414 1471 571 1531 frondibus
592 1474 819 1532 coronaverunt.
853 1476 880 1531 et
900 1489 984 1531 socer
1005 1474 1128 1547 inplevit
1144 1474 1212 1532 eleu-

187 1567 265 1622 trum
294 1563 433 1638 ecuplue:
461 1561 701 1639 magnitudinem
724 1562 831 1639 scyphi
856 1563 955 1622 voluit
985 1562 1139 1622 ostendere
1166 1561 1212 1621 di-

188 1652 280 1713 cendo
303 1652 431 1729 inplevit
454 1650 603 1726 demam,
626 1669 746 1711 sacrum
768 1670 838 1711 vero
862 1649 973 1710 ideirco
996 1653 1112 1728 posuit,
1140 1652 1212 1728 quia

189 1742 297 1819 quibus
320 1758 472 1801 sacrorum
501 1759 572 1800 cura
599 1742 646 1800 est
670 1741 784 1800 habent
812 1741 913 1801 dicata
942 1741 1115 1801 numinibus
1138 1760 1212 1815 vasa
1231 1758 1257 1800 rr

189 1830 296 1907 quibus
320 1830 465 1906 obsequia
488 1828 591 1889 divina
613 1830 782 1907 perficiunt.
813 1831 894 1889 ocius
912 1847 1011 1889 omues
1029 1832 1063 1889 iu
1079 1848 1213 1890 meueam

190 1919 258 1978 loeti
281 1920 376 1977 libuut
397 1918 535 1991 diuosque
552 1923 729 1993 precamur:
751 1921 808 1981 hoc
836 1923 882 1980 est
909 1920 984 1979 laeti
1011 1920 1109 1979 libant
1132 1920 1213 1997 quod

190 2012 236 2068 est
258 2009 289 2066 et
310 2009 458 2084 volentes3
483 2009 536 2086 qui
558 2008 638 2067 enim
661 2028 747 2068 sacra
769 2010 943 2069 numinibus
968 2009 1059 2069 solvit
1086 2028 1140 2069 nec
1167 2011 1214 2069 in·

189 2099 271 2159 vitus
287 2096 375 2157 debet
393 2116 455 2157 esse
474 2117 529 2158 nec
546 2099 651 2159 tristis.
685 2118 787 2160 omnes
807 2119 879 2178 ergo
897 2099 1096 2160 infundebant
1108 2101 1213 2160 vinum

189 2187 300 2246 mensis
324 2189 355 2246 et
376 2186 409 2245 id
431 2187 584 2247 faciebant
607 2188 687 2264 quod
709 2189 836 2249 Aeneas.
1233 2207 1259 2247 so

127 2290 181 2342 280
261 2277 409 2336 Devexo
397 2280 510 2336 eutereu
523 2279 699 2351 prouloufit
716 2296 819 2352 uesper
838 2276 974 2353 Olympo:
991 2282 1082 2356 poeta
1099 2298 1214 2338 memor

151 2369 236 2427 est
259 2367 320 2441 sui3
343 2367 417 2426 hora
440 2366 520 2425 enim
542 2370 625 2426 serta
651 2368 709 2427 hoo
737 2371 782 2428 est
808 2368 948 2427 mediatis
978 2369 1112 2427 cursibus
1141 2368 1213 2428 solis

190 2475 282 2535 supra
310 2457 387 2515 dixit
413 2455 536 2514 Aenean
563 2458 747 2532 pervenisse,
774 2476 853 2517 nunc
881 2457 960 2515 diem
982 2457 1056 2517 dicit
1083 2457 1213 2559 peractis

189 2567 283 2624 prope
302 2546 408 2623 spatiis
428 2545 565 2605 omnibus
585 2546 693 2605 claudi.
725 2548 842 2620 iamque
860 2547 1022 2605 sacerdotes
1041 2548 1215 2619 primusque

189 2636 315 2695 Potitius
341 2637 425 2695 iluut
446 2635 575 2709 pellibus
604 2636 637 2693 iu
665 2653 775 2694 morem
803 2636 888 2695 ciucli
910 2637 1118 2709 flammamque
1140 2637 1215 2709 fere-
1234 2651 1260 2693 rs

191 2726 276 2784 boul:
299 2725 482 2798 sacerdotes,
506 2744 634 2800 quorum
656 2725 771 2801 primus
793 2724 925 2784 Potitius
949 2724 1021 2800 fuit,
1050 2725 1146 2785 secuti
1168 2726 1215 2784 in·

191 2814 330 2872 stitutum
339 2833 454 2872 morem
467 2812 554 2872 ibant
566 2813 694 2873 accincti
707 2813 845 2890 pellibus,
858 2815 1020 2874 retinentes
1034 2815 1066 2873 in
1075 2814 1214 2874 manibus

191 2902 279 2961 faces.
324 2903 497 2961 iustuuruul
523 2903 626 2976 epulae
654 2908 680 2962 el
705 2921 824 2963 meusoe
849 2909 938 2978 puolo
964 2905 1109 2963 eeeuuloe
1136 2905 1216 2963 douo

190 2992 304 3065 feruul:
326 2990 457 3049 secunda
480 3010 583 3051 mensa
607 2991 719 3052 dicitur
741 3012 801 3052 non
824 2995 894 3070 post
919 2993 1048 3069 primam
1076 2994 1215 3069 secunda,

192 3081 244 3140 sed
267 3097 419 3157 prospera.
451 3100 616 3157 numquam
640 3083 720 3140 enim
742 3082 851 3142 missus
874 3083 938 3159 ipse
962 3083 1133 3160 adponitur,
1156 3083 1217 3143 nisi
1234 3101 1261 3140 ao

265 3291 280 3339 3
299 3287 462 3342 iuimicitias
475 3285 501 3339 V
514 3288 646 3342 iuimicus
660 3287 703 3341 ed.
713 3286 740 3426 p
749 3287 807 3354 suit
818 3286 845 3341 V
859 3286 904 3341 ed.
918 3288 989 3354 fouit
1001 3305 1060 3342 nos.
1115 3295 1132 3342 4
1151 3305 1217 3357 quo·

192 3358 270 3413 uiam
284 3357 309 3409 V
329 3359 377 3427 qui
396 3357 440 3413 ed.
496 3358 713 3427 boffeusioVo
737 3361 810 3414 euris
825 3358 869 3413 cd.
886 3360 988 3427 offeuso
1006 3377 1065 3414 nos.
1123 3365 1155 3413 10
1173 3377 1217 3415 oe-

191 3429 382 3485 uuabuiuuV
401 3446 471 3485 corr
491 3430 534 3485 ed.
610 3436 642 3485 13
665 3431 926 3500 muuuilucliuem-
938 3437 971 3485 14
986 3448 1048 3487 uero
1067 3448 1120 3485 om
1140 3449 1217 3488 sacer

192 3500 323 3570 interpol.
343 3502 386 3557 ed.
449 3508 482 3557 21
502 3518 645 3559 memorem
658 3500 685 3555 V
703 3518 811 3557 memor
821 3508 860 3557 eet
878 3501 921 3556 ed.
984 3509 1017 3558 27
1036 3504 1219 3559 retimeutibus

189 3571 274 3625 Ved
296 3574 432 3629 cosmed
450 3575 525 3644 post
600 3578 634 3628 28
653 3571 821 3642 uepuluaV.
894 3577 927 3627 29
946 3576 1067 3629 eecuudu
1084 3574 1218 3630 uuusaV

151 3637 262 3754 1}an-
267 3645 434 3762 {eeuudum
449 3664 577 3705 mensum
601 3645 645 3703 ed.
675 3645 685 3720 t
718 3645 938 3713 dicitu-ibe,
950 3651 966 3698 2
990 3648 1077 3717 ipilur
1099 3663 1153 3701 om.
1173 3646 1217 3702 ed.
