2725 4150
195 337 239 401 48
480 330 622 386 DONATI
638 330 933 386 miseraturus.

193 500 360 560 inimicitiis
385 501 501 560 scilicet
522 500 584 560 suis
610 499 757 560 excidium
779 500 886 561 Troiae
908 500 1048 577 prodesse
1066 499 1221 576 nequisse;

195 588 276 666 quod
308 609 376 648 cum
407 593 486 651 esset
516 610 622 665 unum,
653 591 710 649 hoo
738 590 823 649 misit
851 592 884 649 in
913 591 1024 667 partis,
1055 591 1091 649 ut
1121 590 1221 649 multa

194 698 311 757 gemere
342 678 502 739 videretur.
548 682 638 756 capta
666 681 724 753 est,
753 680 868 756 inquit,
896 679 988 739 Troia
1016 680 1047 738 et
1075 697 1221 756 oppresse

194 768 354 828 hostilibus
384 769 491 845 copiis,
525 771 604 847 ignis
633 766 768 844 additus,
798 772 834 829 ut
866 768 1012 845 quioquid
1045 769 1137 828 armis
1167 768 1220 828 ab·

194 859 273 918 sumi
295 879 356 918 non
378 861 480 934 posset
502 858 635 918 aboleret
660 858 845 917 incendium:
873 858 926 918 sed
947 859 1016 918 illos
1039 876 1094 917 nec
1115 876 1220 917 mucro
1251 873 1264 915 s

194 949 305 1024 pressit
332 966 387 1007 nec
416 947 577 1024 captivitas
607 948 717 1022 vinxit,
745 967 799 1007 neo
826 948 905 1026 ignis
932 947 1055 1006 invenit.
1105 947 1221 1007 medias

195 1039 273 1097 acics
294 1038 460 1109 mediosque
477 1053 534 1109 per
555 1037 634 1111 aaa
654 1038 791 1096 inuenere
812 1038 908 1096 ciam:
940 1037 1020 1112 quod
1045 1035 1142 1114 magis
1167 1036 1220 1095 do·

194 1127 316 1186 lendum
345 1128 391 1185 cst
419 1125 506 1199 mihi,
537 1126 608 1201 quia
635 1145 691 1201 per
719 1126 833 1186 medias
864 1127 942 1185 acies
969 1144 1081 1202 perque
1105 1124 1219 1186 medias

194 1215 343 1290 flammas,
373 1217 530 1290 tamquam
559 1215 636 1273 nihil
665 1215 830 1290 obstiterit,
860 1215 922 1273 tuti
944 1215 1098 1290 securique
1120 1216 1220 1275 uuus·

192 1305 293 1363 ierunt
314 1323 426 1382 magna
447 1306 569 1364 virtute
610 1305 688 1364 dixit
711 1307 849 1364 invenere
872 1306 966 1363 viam:
989 1305 1069 1363 inter
1092 1303 1220 1382 gladios,
1239 1321 1266 1362 ro

193 1393 306 1470 iuquit,
330 1397 361 1453 et
382 1394 534 1454 flammam
557 1394 645 1470 quasi
667 1413 721 1471 per
743 1396 824 1454 viam
847 1393 987 1452 libariae
1006 1392 1103 1452 securi
1119 1394 1220 1453 maus·

193 1483 306 1558 ierunt,
330 1484 410 1559 quod
432 1484 493 1543 tuit
514 1482 668 1542 felicitatis
690 1484 837 1559 ipsorum,
861 1485 897 1542 ut
920 1482 1096 1542 abscessisse
1116 1483 1219 1558 potius

195 1573 286 1632 otiosi
313 1593 405 1650 quam
432 1574 546 1652 fugisse
575 1572 675 1631 territi
702 1572 884 1631 viderentur.
934 1573 1094 1631 evaserunt
1121 1573 1221 1650 igitur

194 1663 330 1739 pericula
353 1663 426 1737 duo,
450 1662 558 1738 quibus
581 1663 705 1739 gravius
727 1661 805 1720 nihil
828 1663 886 1736 cst,
903 1663 1012 1738 ruptae
1035 1663 1108 1720 sunt
1130 1662 1221 1737 acies,

193 1752 333 1811 incendia
356 1753 538 1826 vanuerunt,
563 1752 703 1811 inventus
727 1754 773 1810 est
796 1751 892 1811 exitus
916 1751 1150 1810 conservationis
1173 1751 1220 1828 ip·
1239 1769 1264 1809 ie

194 1859 297 1901 sorum
323 1840 377 1899 ubi
403 1840 582 1917 sperabatur
606 1840 753 1900 interitus.
800 1840 881 1916 quod
903 1840 980 1899 dixit
1001 1838 1115 1899 medias
1139 1841 1219 1900 acies

194 1932 226 1987 et
242 1929 356 1989 medias
374 1929 519 2005 flammas,
532 1930 577 1989 ibi
594 1930 737 1989 maiorem
756 1931 910 1989 cumulum
928 1929 1040 1989 doloris
1058 1929 1220 2007 expressit,

193 2037 338 2097 magnum
367 2020 446 2078 enim
476 2038 536 2079 nou
566 2023 645 2079 esset
673 2019 861 2079 flammarum
892 2020 1035 2079 terminos
1066 2020 1120 2079 aut
1148 2018 1219 2079 finis

194 2110 341 2168 exercitus
371 2108 513 2184 evasisse,
543 2128 559 2168 e
586 2110 684 2169 medio
715 2112 816 2168 autem
843 2110 968 2169 evadere
996 2108 1219 2169 difficillimum.

194 2202 237 2267 ot,
262 2198 358 2266 medo,
381 2216 447 2258 mco
472 2200 597 2258 auratac
622 2199 740 2258 tandem
761 2199 843 2271 fesso
865 2200 972 2267 taceat,
996 2198 1072 2256 odite
1095 2202 1149 2257 out
1170 2215 1220 2257 ea·
1238 2216 1265 2256 eo

194 2291 315 2346 utiocto
342 2288 451 2360 quievi:
487 2289 555 2364 ipsa
582 2288 641 2347 sibi
667 2289 827 2364 proposuit
854 2288 961 2363 quibus
989 2305 1020 2345 se
1047 2288 1144 2365 magis
1158 2303 1219 2348 ‘ac-

195 2376 340 2436 cenderet
387 2375 528 2437 defecisse
553 2396 614 2451 me,
640 2377 755 2453 inquit,
783 2377 935 2453 quispiam
960 2376 1040 2435 dicet
1067 2379 1122 2435 aut
1145 2379 1219 2436 sati·

195 2470 278 2526 atam
301 2466 377 2525 odiis
401 2466 561 2543 quievisse:
584 2485 637 2525 nec
661 2466 773 2525 satiata
792 2485 858 2526 sum
876 2484 930 2524 neo
949 2465 1064 2541 quievi3
1088 2465 1218 2542 denique

194 2559 265 2632 post
292 2555 439 2615 excidium
463 2556 571 2615 Troiae
599 2574 690 2632 passa
718 2574 779 2614 nou
809 2574 877 2614 sum
905 2556 984 2614 ullas
1015 2554 1120 2613 cineris
1152 2558 1218 2616 eius

195 2664 348 2720 superesse
376 2644 527 2721 reliquias.
574 2646 646 2717 quio
668 2646 757 2703 ettam
777 2646 879 2718 patria
902 2661 1051 2703 excussos:
1078 2662 1218 2707 excussos
1237 2661 1263 2702 se

196 2733 413 2794 admirabiliter
430 2734 575 2810 positum3
599 2734 744 2811 quicquid
767 2734 847 2792 enim
870 2734 1020 2792 excutitur
1042 2732 1104 2792 vim
1124 2735 1218 2794 testa·

194 2825 246 2881 tur
270 2842 361 2899 quam
383 2823 461 2881 ferre
483 2842 544 2882 non
567 2823 668 2900 potuit
691 2827 722 2882 et
745 2823 784 2881 ad
810 2824 867 2882 hoc
896 2824 1058 2897 excutitur,
1085 2825 1121 2881 ut
1149 2842 1218 2883 oum

196 2930 250 2970 sua
272 2913 405 2988 pernicie
433 2912 530 2972 cadat.
577 2913 702 2973 Excussi
730 2931 793 2987 eos,
823 2914 938 2989 inquit,
965 2910 1075 2971 finibus
1099 2912 1218 2987 Troiae,

133 3002 305 3073 socinfcsto
325 3018 379 3075 per
396 3002 495 3059 andos
518 3020 595 3061 oasa
617 3004 700 3075 sequi
723 3006 749 3061 et
768 3003 905 3076 prosapie
927 3006 983 3061 toto
1005 3018 1051 3060 me
1073 3017 1218 3075 opponere

191 3095 296 3164 ponto:
323 3090 440 3150 saevior
462 3092 565 3150 secuta
588 3110 656 3150 sum
678 3092 851 3170 navigantis
875 3092 959 3151 etin
981 3092 1089 3169 pelago
1109 3091 1217 3168 positis
1236 3106 1264 3147 co

195 3200 243 3239 me
266 3181 437 3256 frequenter
460 3179 566 3255 obieci,
596 3181 697 3240 nullus
725 3181 807 3240 locus
836 3183 882 3240 est
907 3180 999 3239 maris
1022 3180 1054 3239 in
1082 3198 1141 3256 quo
1168 3200 1217 3241 me

195 3288 256 3329 non
279 3270 424 3329 senserint
445 3270 606 3329 inimicam.
644 3272 816 3343 absumptae
833 3271 865 3329 o'n
885 3270 1012 3328 Teucros
1029 3270 1107 3328 utres
1129 3270 1218 3329 eccli-

268 3511 474 3568 amieitVed.
494 3512 609 3567 dictat?
668 3509 958 3566 3oidereatarVed.
1020 3515 1053 3563 10
1071 3528 1216 3581 mayna—

184 3589 223 3632 11
240 3586 421 3639 transrcnmt
438 3601 491 3639 om.
507 3583 551 3638 ed.
577 3583 580 3655 l
608 3584 732 3637 devenire
749 3582 775 3637 V
793 3585 918 3637 incessere
936 3598 994 3634 nos.
1069 3586 1102 3634 20
1122 3588 1172 3637 aut
1189 3581 1217 3636 V

155 3650 328 3786 adffmfig,
351 3726 376 3779 V
396 3662 435 3711 22
451 3658 590 3714 sate'atom
609 3654 635 3711 V
652 3660 812 3712 aatmctoca
829 3653 875 3709 ed.
935 3653 1152 3707 auspicabiliter
1170 3653 1217 3708 ed.
