2725 4150
205 334 270 401 372
487 333 627 389 DONA'I'I
644 332 814 389 INTERPR
829 331 939 389 VERG.

204 520 331 562 servare.
355 505 502 580 quantum
520 501 659 579 ponderis
678 521 715 561 ex
727 502 915 562 humanitate
928 503 1076 562 venientis
1091 502 1150 562 hoc
1166 502 1228 564 dic·

203 592 296 651 tionis
318 610 414 670 genus
432 590 642 668 conplectitur!
671 611 764 668 quam
781 591 954 670 religiosum
966 590 1088 651 videtur
1105 609 1227 653 servare

203 681 301 740 filium
314 682 407 758 patri!
430 697 511 740 uuuc
518 684 623 754 pereat
632 681 809 754 Teucrisque
817 681 870 755 pte
884 680 931 740 det
943 680 1088 755 seuquiue
1096 697 1228 754 poenae:

203 771 260 830 hoc
282 769 465 830 invidiosum
487 772 546 846 est3
572 787 632 828 non
656 770 737 828 enim
764 769 803 828 ad
825 770 882 830 hoc
904 769 982 828 dixit
998 771 1115 846 pereat,
1144 771 1228 847 quod

203 879 307 919 revera
329 877 398 918 eum
420 858 513 919 vellet
533 859 670 934 interire,
699 861 730 918 et
756 859 789 916 in
811 877 846 918 eo
869 859 966 937 magis
994 857 1160 920 concitavit
1180 859 1226 919 in·
1254 873 1265 914 a

204 947 330 1019 vidium,
344 947 417 1023 quia
431 947 512 1006 dixit
526 947 709 1025 Teucrisque
725 949 776 1025 pio
792 947 842 1006 det
855 947 1000 1026 sanguine
1014 966 1135 1025 poenm.
1159 967 1227 1009 cnm

206 1036 281 1097 dicit
298 1037 428 1105 Teucros
452 1038 483 1095 et
501 1037 552 1114 pio
571 1037 730 1115 sanguine,
753 1037 809 1096 hoc
827 1036 947 1097 videtur
964 1036 1104 1098 sensisse:
1128 1040 1184 1098 aut
1201 1039 1226 1099 si

204 1126 260 1185 hoc
283 1127 410 1202 putatur
431 1126 557 1200 iustum,
580 1129 685 1202 pereat
706 1127 848 1185 innocens
872 1129 903 1186 et
920 1129 1143 1202 consequantur
1165 1146 1225 1188 sce·

203 1213 292 1273 lerati
321 1215 488 1275 victoriam.
534 1215 583 1274 tlte
605 1219 703 1275 torueu
724 1219 827 1274 uestro
849 1215 966 1275 deducit
986 1216 1099 1291 orique
1120 1233 1227 1277 nomeu

142 1316 193 1365 620
203 1303 415 1379 Pilumnusque
429 1304 475 1363 illi
491 1308 614 1378 quartu
623 1307 711 1378 peter
729 1308 756 1364 et
768 1308 821 1363 tue
835 1304 921 1380 targa
937 1321 1025 1380 saepe
1043 1322 1140 1365 mauu
1151 1306 1226 1366 mut·
1243 1319 1265 1360 ro

203 1394 296 1466 usque
313 1394 446 1453 uerouit
463 1393 568 1453 limtuo
585 1393 686 1452 doure:
704 1413 741 1453 ne
759 1392 883 1472 indigno
902 1392 1054 1454 videretur
1070 1394 1226 1471 postulare

203 1482 392 1558 beneficium,
411 1481 450 1541 ad
463 1483 559 1560 ipsius
578 1500 696 1558 quoque
715 1483 812 1542 Turni
826 1482 1114 1544 commendationem
1128 1484 1226 1544 multa

205 1570 366 1650 congessit:
390 1571 499 1650 dignus
515 1574 574 1647 est,
592 1570 705 1648 inquit,
722 1573 776 1648 qui
789 1572 900 1632 habeat
914 1571 1058 1632 beneficia
1077 1591 1147 1650 sua,
1165 1572 1226 1651 pri·

205 1681 288 1720 mum
310 1663 445 1722 nostram
467 1659 614 1739 originem
633 1660 730 1735 ducit,
753 1662 809 1720 hoc
832 1663 878 1720 est
896 1661 1033 1737 deorum,
1054 1661 1226 1722 Pilumnus·

206 1770 263 1828 que
285 1750 333 1809 illi
355 1752 401 1810 est
425 1752 550 1826 quartus
569 1753 668 1826 pater,
692 1751 817 1827 antiqua
835 1753 866 1810 et
887 1751 983 1811 veteri
1002 1750 1127 1829 origine.
1159 1751 1227 1814 vult
1244 1764 1265 1806 u

206 1839 360 1900 ostendere
388 1838 477 1899 istius
500 1838 628 1899 maiores
653 1858 671 1898 a
693 1839 867 1899 numinibus
889 1841 1016 1899 traxisse
1038 1839 1227 1919 prosapiam

204 1948 275 1988 nam
289 1928 363 1987 dieti
376 1929 437 2002 sui,
461 1947 520 2005 quo
539 1929 584 1988 ait
597 1931 701 1988 nostra
714 1928 836 1988 deducit
849 1929 965 2007 origine
983 1947 1106 2006 nomen,
1128 1930 1227 1991 voluit

204 2016 326 2077 reddere
344 2016 494 2079 rationem
511 2017 663 2079 subdendo
679 2017 897 2095 Pilumnusque
919 2017 967 2078 illi
985 2021 1111 2096 quartus
1129 2021 1226 2097 pater,

204 2110 240 2167 ut
253 2108 332 2167 hanc
344 2127 399 2183 per
413 2108 524 2168 multos
539 2107 709 2167 ostenderet
722 2108 896 2168 cucurrisse.
924 2110 955 2167 et
968 2110 1022 2168 tua
1035 2108 1123 2188 larga
1137 2127 1226 2188 saepe

205 2216 299 2256 manu
320 2196 485 2274 multisque
508 2196 645 2258 oneravit
666 2196 773 2256 limina
796 2196 894 2257 donis:
918 2198 1037 2259 ornavit
1059 2217 1130 2258 eum
1152 2199 1227 2259 alio·
1243 2217 1266 2259 ιι

203 2306 271 2345 rum
285 2286 415 2361 meritis,
433 2288 521 2346 ornat
539 2289 570 2344 et
587 2285 730 2362 propriis3
753 2288 928 2347 ornamenta
945 2288 1058 2364 quippe
1076 2287 1228 2349 maiorum

204 2375 318 2436 frustra
331 2376 494 2452 unicuique
508 2374 688 2453 iunguntur,
706 2376 767 2435 nisi
781 2375 914 2435 adiciant
932 2377 1061 2454 propria
1091 2380 1123 2436 at
1139 2377 1227 2457 larga

204 2483 310 2524 manus
330 2468 360 2523 et
377 2465 542 2523 multorum
559 2462 682 2541 largitio
701 2467 732 2524 et
760 2466 897 2525 oneravit
923 2466 1087 2525 ostendunt
1103 2466 1226 2544 plenum

204 2555 297 2614 fuisse
321 2555 478 2629 cultorem,
502 2552 659 2612 accedente
678 2554 771 2612 etiam
793 2572 828 2613 eo
851 2554 932 2631 quod
955 2574 1044 2631 saepe
1065 2554 1098 2614 id
1120 2556 1226 2617 fecisse

204 2642 371 2703 videbatur.
407 2643 459 2701 ille
482 2644 529 2702 est
550 2641 631 2700 enim
653 2641 810 2702 devotione
832 2642 960 2722 insignis
984 2644 1037 2721 qui
1054 2645 1228 2722 frequenter
1242 2661 1265 2704 u

204 2734 235 2791 et
253 2731 371 2809 copiose
390 2730 566 2807 obsequitur
584 2731 651 2791 diis.
669 2732 718 2790 cut
735 2748 787 2791 reu
805 2732 926 2792 aetherei
944 2734 1066 2793 breuiter
1084 2734 1127 2794 ste
1144 2735 1227 2809 fatue

207 2820 337 2896 Olympi:
360 2822 483 2899 propter
500 2839 629 2896 moram,
648 2840 724 2898 quae
743 2821 886 2899 gerundis
904 2821 992 2883 rebus
1012 2822 1079 2881 fieri
1096 2842 1158 2883 non
1176 2823 1226 2884 de·

204 2910 284 2986 buit,
301 2909 421 2970 brevem
440 2909 606 2969 orationem
618 2909 743 2969 inducit.
771 2911 813 2970 sic
830 2911 925 2989 igitur
937 2910 1069 2973 breviter
1085 2915 1228 2991 coeperat
1264 2906 1265 2909 '

204 2999 343 3076 Iuppiter
356 2997 454 3075 loqui:
477 2999 505 3057 si
516 3000 774 3072 morupreeseutic
788 3000 836 3058 teu·
854 3004 1021 3074 tempusque
1034 3001 1144 3061 caduco
1160 3019 1227 3062 ore·

205 3094 254 3147 tur
275 3088 376 3147 iuceuc‘
392 3104 493 3161 meque
514 3089 566 3147 hoc
587 3090 632 3148 tte
649 3105 759 3162 pouere
781 3089 884 3158 scutis,
907 3090 972 3149 tolle
996 3092 1070 3165 fuge
1089 3090 1227 3150 Turnum
1243 3105 1266 3147 ιι

205 3182 291 3252 atqua
313 3177 492 3236 tustoutc'bus
515 3178 593 3251 eripe
615 3177 703 3251 fatis:
732 3196 769 3236 ne
792 3176 945 3238 videretur
966 3179 1105 3255 Iuppiter
1126 3181 1227 3241 totum

206 3266 368 3345 denegasse
391 3265 538 3343 poscenti,
563 3265 701 3326 coneedit
723 3266 803 3343 quod
821 3267 950 3327 fatorum
975 3287 1096 3328 cursum
1117 3288 1226 3331 vexare

279 3441 293 3489 1
313 3436 423 3491 veuieue
441 3435 484 3490 ed.
558 3442 574 3491 6
593 3436 626 3491 de
646 3452 698 3505 pro
717 3436 763 3491 det
777 3434 810 3490 V.
885 3442 918 3491 10
937 3439 1107 3508 piluuuaque
1129 3440 1227 3510 utiquc

206 3514 321 3577 quartus
334 3505 368 3561 V.
424 3513 457 3561 14
476 3512 572 3563 uestra
584 3505 618 3562 V.
675 3512 708 3562 lc
726 3508 774 3563 ille
787 3507 864 3563 estV
882 3510 978 3563 catilli
991 3509 1034 3564 ed.
1091 3516 1123 3564 1⁷
1139 3513 1228 3569 coluit

206 3578 361 3636 Vuulted.
407 3584 441 3633 18
454 3579 502 3634 ille
511 3577 544 3632 V.
591 3584 624 3633 22
639 3578 853 3635 adicioutVed.
868 3580 1047 3636 adiciantur?
1091 3586 1125 3636 28
1140 3600 1227 3639 ruam

191 3652 237 3710 ed.
260 3654 269 3729 l
288 3653 410 3729 largicio
424 3659 452 3713 et
464 3650 490 3709 V
508 3651 655 3726 largitione
669 3649 714 3706 ed.
737 3649 746 3723 l
767 3652 940 3706 osteudeuuu
952 3650 978 3703 V
992 3652 1037 3707 ed.
1050 3654 1170 3709 osteudr't
1181 3655 1227 3710 ed.

177 3730 261 3797 post,
277 3730 439 3791 ouurduut
450 3746 514 3789 nos.
559 3732 596 3785 25
612 3721 799 3799 ΐτοᾳιιειιὶετἾ
817 3723 951 3789 fututum
965 3721 1013 3773 ed.
1051 3726 1088 3771 Ὦ
1103 3724 1241 3778 mutar&
