2725 4150
448 388 450 394 ,
546 328 730 385 AENEIDOS
743 328 797 384 VH
890 382 894 388 ⁴
1138 329 1180 396 79

161 517 265 577 pressa
293 501 339 559 661
365 497 524 577 longitudo
550 496 707 577 regionum
729 497 768 558 ad
791 516 867 574 quas
895 496 978 556 dirus
1002 495 1092 559 tubae
1114 514 1180 572 per·

160 591 287 652 1666161
308 606 409 648 senus.
453 586 574 647 idcirce·
593 589 695 647 autem
718 586 796 652 dixit
816 586 881 646 Nar
911 587 1074 663 sulphurea
1100 604 1182 663 equa

160 677 265 738 albnm
282 678 387 753 fluere,
406 676 486 753 quod
505 694 625 737 currens
644 677 774 736 colorem
792 675 945 753 sulphuris
963 676 1122 750 monstret,
1141 674 1183 734 sit
1238 727 1243 736 .

160 787 232 829 vere
258 787 338 843 aqua
360 766 423 826 eins
447 767 517 826 alba
544 785 611 826 6611
637 766 786 825 hauritur.
826 764 952 829 Velinus
975 764 1181 824 66161116666

129 876 142 915 6
160 860 215 918 est.
258 861 285 916 et
306 857 435 929 trepidae
456 859 566 916 matres
580 872 714 930 pressere
732 857 772 914 ad
786 859 906 930 pectere
923 858 1023 914 661661
1044 853 1182 927 feminae,

161 965 239 1024 quaa
263 946 404 1005 bellicum
426 946 494 1004 cani
517 946 694 1021 acceperant
714 945 849 1019 auribus,
872 962 941 1003 mox
958 963 1020 1003 nen
1037 941 1096 1002 sibi
1113 942 1182 1018 plus

161 1054 255 1112 quam
274 1034 376 1094 liberis
394 1036 560 1094 metuentes
579 1034 792 1094 continuerunt
809 1034 887 1093 filies
906 1046 980 1093 suos
996 1032 1181 1109 amplexibus

160 1125 282 1202 pavidis
300 1125 427 1184 seientes
449 1123 522 1200 quid
539 1123 614 1182 mali
631 1124 724 1182 etiam
738 1123 872 1200 parvulis
888 1122 969 1182 bella
988 1122 1182 1182 minarentur.

162 1214 201 1274 ad
224 1216 361 1290 pectora,
383 1213 498 1290 inquit,
519 1215 693 1288 presserunt
715 1214 843 1292 pignora
866 1230 934 1287 666,
956 1214 992 1271 61
1014 1211 1184 1271 ostenderat

118 1322 144 1361 re
161 1306 253 1381 poeta
276 1304 403 1361 nimium
426 1303 577 1362 adfectum
599 1305 751 1361 maternae
777 1300 1004 1376 sollicitudinis,
1027 1301 1115 1378 quasi
1133 1301 1183 1360 (16-

161 1413 246 1452 mum
268 1391 466 1452 incedivclli
487 1411 548 1451 non
570 1394 701 1467 possent.
738 1393 817 1450 certe
839 1392 931 1450 etiarn
952 1390 1029 1449 111611
1046 1390 1184 1468 intellegi

161 1484 264 1559 potest
292 1482 422 1542 voluisse
452 1499 502 1540 cas
532 1481 642 1540 satiare
672 1480 764 1540 cerda
786 1498 841 1540 sna
863 1479 989 1554 solerie,
1020 1482 1183 1554 antequam
1240 1532 1243 1536 ,

161 1573 225 1631 illis
244 1572 292 1632 vel
310 1591 413 1639 aarum
430 1569 532 1629 liberis
551 1570 669 1630 veniret
685 1570 835 1629 interitus.
863 1573 925 1627 1166
942 1585 1010 1626 cere
1029 1569 1069 1626 eet
1086 1585 1183 1626 666661

163 1662 279 1729 celeres,
303 1679 363 1734 eae
386 1660 493 1719 11661611
520 1661 638 1733 6196166
664 1658 734 1718 dire
760 1658 851 1728 1161111,
881 1658 978 1731 reptes
1006 1660 1245 1716 666661661120

117 1751 292 1824 nocendique
314 1750 377 1807 tetis
399 1749 534 1807 indomiti
556 1749 716 1823 apricolee:
740 1749 878 1824 superius
902 1744 1051 1822 „Silvia“,
1072 1745 1183 1823 inquit,

162 1840 284 1916 „prima
314 1856 398 1898 seror
424 1837 533 1914 palmis
556 1855 698 1914 pereussa
720 1838 848 1904 lacertos
871 1836 1019 1896 auxilinm
1041 1837 1184 1896 1666161

162 1930 253 1987 duros
287 1928 455 1987 conclamat
486 1925 646 2004 agrestis“,
681 1931 789 2003 postea
816 1926 892 1985 dixit
923 1929 1030 2003 „vocat
1061 1926 1184 2004 agmina

162 2015 320 2094 Tyrrhus“
343 2019 374 2076 61
396 2016 511 2077 venisse
534 2016 668 2093 aliquos,
690 2015 781 2077 tertio
806 2016 930 2077 Furiam
952 2017 1049 2093 ipsam
1071 2015 1184 2075 bellum

161 2107 237 2167 tuba
259 2105 395 2166 finitimis
419 2109 450 2165 61
472 2106 561 2184 longe
580 2106 687 2183 positis
705 2108 860 2167 nuntiasse
881 2108 1018 2166 secutum
1036 2107 1094 2181 est,
1117 2107 1184 2165 tum

118 2211 144 2251 so
162 2216 233 2257 vare
256 2197 313 2256 hec
336 2199 382 2255 est
403 2198 469 2255 tum
491 2196 590 2273 magis
614 2194 748 2255 infinitos
777 2197 926 2274 agricolas
955 2197 1087 2272 coepisse
1115 2214 1182 2254 con-

162 2305 290 2360 currere,
309 2288 344 2344 61
361 2284 569 2344 manifestaret
587 2288 704 2361 quanta
721 2286 833 2345 11111116
851 2285 965 2363 singuli
984 2285 1096 2343 auxilia
1115 2303 1182 2343 eon-

161 2377 322 2435 vocassent
338 2377 468 2450 propter'
479 2375 626 2433 ultionem
644 2374 727 2434 facti.
759 2392 812 2434 666
833 2392 893 2433 aee
916 2377 942 2432 et
965 2374 1057 2432 Trete
1075 2374 1184 2445 prebes:

162 2465 219 2524 hoc
246 2466 293 2524 est
315 2464 515 2523 Troianorum
541 2466 684 2523 iuvenum
710 2463 881 2523 multitudo.
927 2462 1018 2521 Troia
1046 2461 1088 2521 616
1115 2480 1182 2536 pro-

162 2554 303 2612 nuntiare
326 2552 480 2627 debemus,
504 2554 552 2628 61,
576 2572 645 2612 eum
667 2553 735 2629 ipsa
757 2553 857 2629 patria
881 2551 1079 2628 significatur,
1105 2549 1182 2608 duae

124 2654 145 2695 ²⁵
162 2643 298 2719 syllabae
312 2641 396 2717 fiant,
415 2642 534 2719 quando
550 2642 665 2717 aliquid
678 2641 782 2718 ipsius,
800 2644 861 2701 tres
880 2640 1014 2716 syllabae
1028 2658 1183 2698 numeren-

162 2736 222 2807 tur,
244 2735 280 2791 ut
303 2750 382 2790 nunc
404 2731 504 2807 prima
527 2731 567 2791 sit
589 2734 646 2805 tro,
670 2731 801 2790 secunda
818 2731 843 2806 i,
865 2729 958 2789 tertia
981 2749 1008 2788 a.
1050 2728 1183 2788 11666616

163 2822 311 2881 6661111661
338 2822 443 2880 cestris
471 2821 596 2893 effendit
622 2822 748 2893 apertis:
778 2820 810 2878 in
832 2820 967 2896 periculo
995 2819 1071 2897 regii
1096 2820 1185 2895 pueri

163 2929 223 2970 nen
246 2909 396 2987 paulatim
419 2912 626 2986 processerant
653 2909 692 2968 ad
715 2908 861 2968 auxilinm
883 2928 937 2968 nec
959 2908 1111 2986 partibus,
1133 2909 1184 2969 6611

164 3001 255 3059 semel
273 3018 374 3058 omnes
393 2999 518 3058 Troiani
536 2998 623 3058 effusi
641 3001 719 3058 6611.
753 3002 900 3075 quantum
917 3001 1022 3058 tuetur
1031 2998 1183 3076 Vergilius

123 3089 364 3148 3011616161611
387 3089 483 3165 partis
508 3088 545 3148 ab
567 3088 622 3147 illa
644 3088 773 3164 invidia,
796 3108 833 3147 116
851 3089 883 3147 in
903 3088 1001 3148 alieno
1019 3107 1112 3166 regno
1130 3106 1183 3164 po·

165 3179 215 3238 siti
237 3177 432 3255 inprobitatis
457 3179 569 3238 crimen
596 3178 793 3237 incurrerent!
834 3178 1047 3255 procedebant,
1074 3176 1184 3252 inquit,

164 3267 302 3342 Troiani,
325 3286 385 3325 non
403 3270 440 3325 61
461 3268 619 3341 inferrent,
644 3267 697 3327 sed
719 3270 756 3326 ut
777 3267 957 3343 repellerent
978 3266 1103 3339 bellum,
1130 3284 1184 3324 nec

165 3359 198 3415 61
215 3360 468 3434 persequerentur
487 3376 677 3434 quemquam,
696 3356 748 3416 sed
766 3359 803 3415 61
819 3357 899 3434 regis
914 3356 1010 3414 filium
1028 3357 1184 3414 tuerentur

236 3508 367 3564 2NarV
377 3508 421 3563 ed
432 3510 689 3576 Naremexpectes.
741 3508 887 3576 36616116
900 3506 933 3561 V.
951 3506 955 3578 1
971 3512 1101 3561 monstret
1112 3505 1184 3561 61111

165 3587 328 3636 merestraret
346 3587 385 3635 est
402 3581 446 3635 ed
506 3585 522 3632 6
541 3598 606 3635 6661
601 3579 645 3633 V
663 3577 1005 3635 616661111161161
1025 3578 1194 3633 1611111661

167 3658 198 3705 12
211 3651 407 3708 6616661611
416 3650 557 3707 11011611.
602 3658 636 3707 13
651 3652 797 3710 66611611
813 3652 954 3710 occideret
967 3651 1016 3708 ab
1055 3656 1096 3705 ab
1107 3647 1214 3703 reas

156 3726 190 3770 20
205 3722 330 3785 66666166
351 3720 406 3772 V'
390 3739 422 3775 m
436 3724 577 3790 16611666
596 3726 625 3782 H
630 3726 688 3785 OU
708 3728 758 3786 ed
818 3732 854 3785 18
874 3722 1084 3800 portibusV
1075 3737 1163 3789 661
1182 3716 1233 3769 ab
