2725 4150
181 348 247 413 436
468 344 609 400 DONATI
624 343 795 401 INTERPR.
809 345 919 400 VERG.

117 519 242 575 noenu
266 516 347 575 litore
374 519 430 574 toto
457 516 589 574 ardentis
610 517 741 589 spectent
762 515 1035 593 semiperfecta
1061 514 1120 573 rite
1145 515 1205 574 sol·

180 604 328 665 lemnibus
346 605 469 665 stabant
486 606 655 681 spectantes
674 605 770 664 socios
790 624 845 680 per
863 624 949 663 omne
967 605 1040 664 litus
1060 603 1205 665 ardentis.

179 699 363 767 semustaque
385 698 506 754 seruant
527 695 628 753 bustu:
653 692 745 753 busta
768 696 840 753 sunt
861 693 928 753 loca
950 692 983 752 in
1007 691 1116 769 quibus
1140 692 1205 753 iam

180 803 306 862 corpora
329 784 474 843 arserunt.
506 783 604 860 primo
623 783 704 843 enim
721 800 814 859 pyrae
836 782 976 843 dicuntur
999 785 1030 840 et
1046 781 1127 860 rogi,
1150 781 1205 843 ubi

179 894 250 933 vero
280 875 430 948 arserunt,
457 871 547 932 busta
573 873 753 932 vocitantur.
790 871 966 949 spectabant
996 889 1081 950 ergo,
1108 869 1205 932 donee
1238 888 1251 930 o

179 967 312 1023 semusta
334 963 390 1022 hoc
413 964 539 1022 estnon
562 962 650 1039 plene
670 963 741 1021 usta
758 961 930 1038 plenissime
949 962 1204 1023 consumerentur.

179 1070 270 1127 neque
297 1052 385 1111 noelli
407 1055 546 1125 possunt,
573 1051 606 1111 id
633 1053 680 1112 est
705 1050 841 1111 recedere
868 1051 937 1110 inde
964 1069 1024 1111 non
1052 1053 1203 1126 poterant,

179 1141 272 1201 donee
294 1141 373 1218 ignis
395 1142 492 1216 partis
515 1141 654 1218 expleret.
691 1158 750 1200 uon
766 1141 871 1200 unua
888 1140 978 1199 donec
998 1140 1117 1200 invertit
1131 1143 1204 1200 'cue-

180 1231 241 1290 lun
268 1230 358 1289 stellis
390 1230 561 1289 ardentibus
589 1234 706 1304 uptun:
737 1231 844 1306 usque
862 1248 896 1290 eo
930 1227 1067 1290 ardentia
1094 1229 1204 1289 funera

179 1321 403 1398 spectaverunt,
427 1320 520 1379 donec
543 1317 591 1378 die
614 1321 791 1394 consumpto
814 1337 873 1378 nox
895 1317 1019 1379 veniret.
1223 1336 1251 1376 ao

250 1409 313 1469 Nec
334 1411 435 1468 minus
463 1412 490 1467 et
514 1409 616 1468 misen
638 1408 757 1467 diverse
778 1408 813 1466 in
829 1412 918 1481 purte
940 1407 1062 1467 Latini:
1088 1405 1203 1484 ubique

178 1500 302 1560 miseros
326 1498 400 1558 dicit
422 1496 546 1557 Latinos
570 1498 601 1556 et
622 1497 672 1556 hic
694 1497 743 1557 vel
764 1497 907 1572 maxima,
933 1497 1075 1572 quoniam
1097 1514 1204 1556 eorum

180 1590 327 1650 curabant
349 1586 488 1665 exequias
507 1585 610 1663 quiin
628 1585 726 1646 aliena
745 1603 837 1644 causa
856 1585 1030 1646 innocentes
1048 1585 1203 1663 perierant

178 1679 237 1756 ipsi
260 1696 380 1756 quoque
403 1675 541 1736 similiter
563 1676 699 1751 perituri.
735 1673 853 1735 diversa
875 1674 908 1733 in
930 1677 1031 1751 parte,
1058 1675 1091 1733 in
1113 1677 1203 1752 perte

179 1769 294 1829 scilieet
316 1768 469 1843 separata,
491 1766 665 1831 inuurneros
685 1767 816 1823 strunere
832 1781 942 1838 pyros:
964 1762 1090 1823 dicendo
1112 1765 1250 1824 innuis

178 1875 274 1917 meras
290 1854 421 1917 ostendit
435 1873 485 1916 eos
498 1854 596 1913 multo
617 1852 749 1913 maxima
763 1852 846 1911 clade
860 1871 924 1912 esse
938 1871 1094 1931 percussos
1107 1873 1203 1930 quam

116 1955 168 2004 2οὸ
178 1948 297 2006 fucrant
311 1945 434 2004 alterius
446 1943 542 2019 partis
557 1941 679 2003 adflicti.
698 1945 725 2001 et
737 1959 860 2015 corpora
868 1943 983 2016 purtim
996 1943 1090 2002 multu
1103 1944 1203 2002 uirum

177 2040 272 2094 terrae
294 2033 445 2107 infodiunt
466 2036 622 2107 coenoque
640 2032 754 2107 purtim
769 2031 910 2105 finitimos
932 2032 1037 2092 tollunt
1057 2033 1091 2092 iu
1114 2049 1202 2108 apros

176 2126 300 2196 urbique
321 2124 482 2192 remittunt,
507 2127 601 2182 cetera
623 2122 818 2196 confusaeque
839 2122 984 2196 inpentern
1004 2122 1102 2183 coedis
1120 2140 1202 2182 neer-

176 2231 247 2272 oum
274 2230 327 2271 nec
353 2230 474 2271 numero
501 2228 555 2271 nee
576 2212 683 2270 nonme
706 2214 849 2270 crement:
876 2215 945 2271 tunc
971 2212 1101 2286 undique
1122 2213 1202 2271 vasti
1221 2229 1249 2271 ro

178 2303 309 2363 certatim
338 2302 447 2361 crebris
477 2302 627 2360 conlucent
651 2301 771 2375 iquibus
799 2301 879 2375 apri:
910 2302 1042 2379 stragem
1070 2300 1107 2360 de
1132 2300 1201 2362 istie

178 2394 290 2453 factam
314 2411 406 2468 quam
432 2392 494 2450 late
519 2388 688 2465 descripsit!
720 2390 823 2466 posuit
850 2392 1023 2451 innumeras
1045 2408 1137 2467 pyras
1162 2393 1201 2466 et,

178 2502 246 2541 eum
274 2500 334 2539 non
361 2483 464 2557 posset
490 2479 612 2539 flamma
639 2478 736 2538 omnis
764 2498 898 2555 exurere,
930 2480 1056 2554 multos,
1087 2478 1201 2556 inquit,

177 2573 320 2648 congesta
334 2588 494 2648 corporum
512 2567 591 2628 mole
605 2569 703 2627 terrae
720 2568 919 2644 mandabant,
943 2569 1018 2628 alios
1036 2568 1202 2645 portabant

178 2661 217 2719 ad
248 2660 391 2718 finitimos
424 2677 527 2737 agros,
559 2657 635 2718 alios
668 2657 708 2716 ad
734 2657 840 2717 urbem
867 2657 1061 2718 dimittebant
1086 2656 1201 2718 imitati
1220 2675 1248 2717 ro

178 2750 345 2827 exemplum
368 2748 488 2807 Aeneae
510 2747 543 2807 in
565 2745 714 2807 Pallantis
746 2766 846 2807 causa.
892 2750 1007 2823 quanta
1029 2748 1090 2807 fuit
1112 2749 1201 2826 copia

177 2858 344 2915 corporum,
362 2841 398 2897 ut
416 2838 490 2898 haec
508 2837 591 2897 locus
610 2837 688 2897 ferre
706 2855 766 2895 non
783 2838 896 2913 possetl
920 2838 1042 2913 ceteros,
1056 2839 1201 2913 quoniam

176 2928 265 2989 multi
278 2929 401 2987 fuerunt
414 2945 468 2986 nec
481 2925 565 2986 facili
579 2927 734 3004 agnitione
747 2925 876 2985 discerni
889 2928 1039 3004 poterant,
1048 2958 1092 2967 —
1102 2958 1146 2967 -
1155 2958 1201 2968 -

176 3019 234 3080 hoo
260 3018 340 3077 facto
363 3015 444 3076 vasti
471 3017 538 3095 agri
564 3016 621 3075 hoc
648 3019 695 3075 est
720 3014 863 3076 latissimi
889 3015 1023 3093 undique
1051 3016 1141 3093 atque
1164 3035 1201 3075 ex

249 3176 264 3225 3
283 3171 464 3239 semiustaque
483 3170 513 3222 at
531 3168 561 3223 in
579 3168 696 3236 interpr.
715 3174 834 3223 seuuuu
851 3165 885 3221 V.
958 3172 975 3220 b
997 3173 1132 3223 cocuntur
1153 3168 1199 3223 ed.

178 3241 337 3311 ‘tuequeV
353 3258 403 3296 nec
421 3241 465 3295 ed.
496 3240 500 3313 l
529 3241 579 3295 boe
600 3246 640 3295 est
662 3239 706 3292 ed.
780 3244 814 3292 10
837 3244 1047 3308 repedaverunt
1063 3237 1090 3291 V
1107 3254 1200 3295 sucu·

176 3320 273 3369 oeruru
296 3313 339 3367 ed.
412 3318 446 3366 12
464 3313 596 3381 montone
609 3311 635 3365 V
653 3326 738 3379 quum
756 3309 799 3365 ed.
879 3314 911 3363 13
931 3310 1069 3378 perierant
1087 3308 1113 3363 V
1132 3326 1199 3380 per-

175 3386 248 3440 irent
273 3384 316 3438 ed.
395 3388 429 3437 lo
451 3380 619 3439 mummuV
640 3383 742 3437 maiori
764 3381 817 3448 ed,
841 3381 890 3436 sed
914 3380 948 3434 cf.
969 3387 992 3448 6,
1009 3386 1069 3436 640.
1100 3380 1104 3453 1
1133 3398 1200 3450 per-

176 3472 268 3511 cussos
281 3455 307 3509 V
324 3456 436 3523 affectos
454 3455 497 3509 ed.
553 3459 587 3508 22
607 3451 788 3508 descrebsitV
806 3451 935 3507 describit
948 3452 992 3507 ed.
1043 3456 1077 3505 28
1096 3468 1158 3508 uun
1172 3451 1199 3505 V

176 3544 246 3596 quos
264 3527 308 3582 ed.
382 3532 416 3581 24
434 3542 549 3595 corpora
570 3524 613 3580 ed.
633 3540 702 3579 corr.
721 3524 765 3578 ed.
784 3525 856 3593 post.
930 3528 964 3577 26
982 3523 1199 3580 demittebuutV

167 3617 235 3656 rem.
257 3598 329 3655 edV.
404 3603 438 3653 2‘1
457 3601 643 3654 ceteros-28
657 3600 789 3665 poterunt
806 3594 832 3648 V
853 3597 959 3650 temere
982 3595 1118 3649 mutando
1141 3611 1200 3650 non

155 3672 278 3730 sanarit
297 3673 343 3732 ed.
357 3672 499 3732 lacunam
512 3668 604 3729 statui
615 3667 720 3727 incerti
731 3666 835 3737 spatii,
845 3681 932 3734 quarn
944 3666 985 3719 eie
998 3666 1057 3720 iere
1070 3665 1198 3733 expleam

137 3750 294 3816 promeres
313 3757 341 3813 et
358 3752 426 3811 sine
442 3751 551 3811 bonore
570 3746 777 3808 amonemur.

974 3925 1060 3945 -n
