2725 4150
549 327 735 384 AENEIDOS
753 327 791 382 IX
1115 332 1180 398 229

158 500 230 556 tem.
268 495 370 556 Aletes
393 497 511 574 galeam
534 500 700 574 permutat,
717 497 774 557 hoc
793 500 839 557 est
856 496 1023 557 dominium
1047 498 1127 574 quod
1148 498 1180 558 iu

160 605 196 645 ea
217 584 327 645 habuit
347 586 500 646 transfert.
534 588 674 660 protinus
698 589 808 646 armati
829 587 978 657 incedant,
998 604 1069 659 quos
1086 591 1182 648 omnis

160 675 256 734 motis
274 676 442 748 primorum
463 693 572 735 manus
594 676 635 736 od
657 681 774 750 portos,
798 679 992 749 iuvenumque
1014 694 1180 750 senumque,

155 765 345 838 prosequitur
367 767 454 824 colb:
486 783 560 842 quos
591 768 687 826 omnis
718 765 815 826 euntis
846 784 914 825 cum
940 767 1182 843 pronuntiamus,
1191 781 1243 830 310

129 869 300 930 sseparare
327 852 466 914 debemus
497 873 572 929 quos
604 856 635 912 et
663 873 778 914 moram
807 855 918 929 facere,
951 854 1057 915 dehinc
1085 854 1181 915 dicere

160 942 257 1002 omnis
289 943 387 1003 euntis
419 946 585 1020 primorum
616 961 723 1003 manus
756 943 795 1003 ad
830 946 947 1020 portas,
978 944 1181 1021 iuvenumque

159 1050 334 1108 senumque.
371 1033 396 1092 si
414 1034 495 1091 enim
513 1034 549 1092 de
569 1033 684 1093 duobus
703 1033 864 1092 dixerimus
879 1052 953 1109 quos
968 1033 1073 1110 omnis,
1091 1034 1180 1094 facie-

159 1140 226 1180 mus
249 1120 359 1181 vitium
386 1123 465 1181 male
492 1123 729 1199 pronuntiando,
758 1125 793 1182 ut
819 1121 953 1182 dicamus
981 1142 1056 1200 quos
1084 1125 1181 1184 omnis

160 1210 259 1269 euntis
283 1211 336 1287 qui
358 1211 482 1270 fuerunt
503 1211 572 1270 duo.
609 1212 742 1272 ordinari
764 1217 865 1270 autem
888 1211 976 1271 debet
998 1231 1101 1273 sensus
1124 1215 1181 1274 sic:

115 1319 141 1357 ro
160 1317 236 1376 quos
250 1299 358 1374 euntis,
376 1299 409 1359 id
422 1303 468 1360 est
481 1301 647 1377 Euryalum
665 1305 696 1360 et
709 1302 826 1376 Nisum,
845 1303 1019 1378 primorum,
1034 1304 1064 1360 ct
1078 1321 1181 1362 senum

160 1391 191 1447 et
216 1388 373 1464 iuvenum,
401 1389 498 1449 omnis
524 1408 645 1464 manus,
674 1390 731 1450 hoc
760 1391 805 1449 est
827 1389 991 1450 multitudo
1016 1390 1180 1468 adportas

159 1477 239 1539 uotis
253 1477 455 1555 prosequitur,
473 1482 581 1557 optans
596 1480 712 1539 scilicet
724 1479 811 1539 bona.
848 1478 938 1556 primi
957 1498 1007 1539 eos
1020 1498 1179 1558 proseque-

159 1567 284 1642 bantur,
316 1566 355 1627 ad
383 1587 458 1644 quos
487 1587 561 1628 cura
590 1568 760 1644 pertinebat
789 1570 821 1627 et
849 1586 965 1628 summa
995 1570 1180 1629 tractatuum

158 1656 362 1734 publicorum,
379 1656 501 1717 iuvenes
520 1677 604 1732 vero,
623 1657 731 1734 quibus
750 1657 848 1716 adhuc
865 1658 966 1718 fuerat
983 1658 1180 1718 laborandum

113 1765 139 1805 rs
159 1748 191 1805 st
213 1745 422 1805 excitabantur
450 1748 598 1824 exemplo,
624 1766 708 1807 senes
731 1765 815 1821 vero,
843 1746 897 1823 qui
920 1747 1065 1825 quicquid
1087 1748 1180 1808 Nisus

159 1837 191 1894 et
214 1835 363 1911 Euryalus
386 1836 507 1896 fuerant
530 1836 665 1914 adgressi
687 1835 876 1896 mirabantur
898 1855 1013 1898 omucsz
1037 1837 1181 1916 arguisti

158 1925 239 1984 votis
269 1925 527 2001 prosequebantur
556 1926 630 1985 duos
661 1928 692 1985 et
719 1924 758 1986 ad
785 1926 900 1986 incerta
927 1927 1087 2005 pergentis.
1128 1946 1181 1988 nec

158 2031 220 2072 noo
242 2017 269 2072 et
281 2014 404 2088 pulcher
421 2014 510 2075 Iulos
532 2019 600 2074 onte
622 2032 718 2076 annos
741 2016 929 2089 animamque
944 2034 1048 2092 porcos
1065 2034 1180 2078 curum·

158 2121 214 2176 qao
231 2104 346 2162 uirilem
363 2104 457 2163 multo
468 2106 554 2177 paor·
571 2105 716 2164 mundato
734 2106 825 2165 dabat
837 2107 1004 2180 portando:
1026 2108 1180 2187 egregium

113 2211 140 2251 ao
158 2195 315 2252 inventum
346 2195 381 2251 ut
408 2212 426 2251 a
458 2195 564 2253 ceteris
591 2197 781 2270 separaretur
808 2194 969 2272 Ascanius3
996 2200 1074 2257 esset
1101 2197 1180 2257 enim

157 2301 304 2360 magnum
330 2284 438 2359 poetae
463 2282 583 2358 vitium,
611 2285 639 2343 si
660 2284 740 2343 hunc
766 2283 913 2344 universis
941 2289 1100 2362 aequasset
1127 2290 1180 2363 qui

158 2372 329 2447 specialiter
346 2371 379 2430 in
397 2390 489 2431 causa
507 2372 603 2450 patris
622 2391 686 2432 esse
704 2373 863 2433 sollicitior
876 2373 988 2433 debuit.
1020 2377 1078 2434 etsi
1096 2394 1179 2451 puer,

157 2461 267 2538 inquit,
286 2461 434 2520 Ascanius
452 2460 520 2537 fuit,
537 2465 639 2521 tamen
657 2465 727 2522 ante
746 2467 876 2521 aetatem
894 2481 1056 2540 congruam
1075 2467 1179 2541 tange-

157 2549 249 2610 batur
262 2550 404 2610 iuvenum
419 2570 500 2626 cura,
519 2571 610 2627 quam
629 2552 789 2612 necessitas
803 2549 942 2628 ponebat.
972 2552 1063 2612 dabat
1081 2553 1179 2613 multa

112 2656 138 2695 rs
156 2640 302 2699 mandata
316 2658 393 2715 quae
406 2640 555 2699 ferrentur
569 2641 608 2700 ad
625 2644 751 2717 patrem,
773 2642 825 2700 sed
843 2657 936 2700 carue
953 2642 1054 2699 omnio
1072 2642 1178 2701 discer-

153 2733 232 2802 punt
254 2733 280 2787 st
302 2729 430 2788 nubibus
454 2730 546 2789 inrita
569 2731 694 2789 donam:
724 2730 776 2789 ille
805 2730 925 2807 quidem
952 2730 1107 2807 praecipui
1133 2732 1179 2790 fili

157 2817 296 2895 partibus
324 2818 518 2895 fungebatur,
542 2820 594 2879 sed
616 2822 716 2879 totum
742 2819 808 2879 ibat
834 2822 867 2878 in
894 2819 987 2879 nubes
1011 2823 1041 2879 et
1063 2823 1178 2897 ventos,

157 2906 303 2984 quoniam
324 2926 394 2968 mox
416 2908 537 2967 fueraut
558 2908 694 2985 perituri.

230 3083 245 3131 1
265 3077 543 3146 Aletes-permutat
559 3077 757 3148 interpretatio
776 3081 831 3146 eet,
850 3079 900 3133 sed
919 3078 1003 3134 rubro
1020 3080 1112 3134 colore
1125 3097 1177 3149 pro

156 3149 290 3203 lemmate
309 3148 423 3217 scripsit
436 3149 469 3203 V.
530 3155 544 3203 3
563 3167 710 3221 seuumque
729 3167 782 3205 om.
797 3149 830 3205 V.
888 3156 904 3205 d
923 3168 989 3221 quos
1007 3152 1071 3206 etV
1090 3152 1178 3207 omnis

155 3222 291 3289 interpos.
311 3219 355 3274 cd.
415 3226 431 3273 6
450 3222 606 3275 omnis-8
621 3224 710 3277 omnis
728 3239 782 3277 om.
797 3222 840 3276 ed.
901 3228 915 3276 7
935 3222 1079 3277 duobusV
1098 3224 1132 3279 de
1150 3223 1175 3277 d.

155 3308 215 3346 nos.
291 3297 323 3346 12
345 3293 433 3360 primi
452 3290 478 3345 V
499 3295 611 3361 patrius
634 3294 676 3347 ed.
753 3300 785 3347 14
803 3310 865 3348 vero
883 3311 937 3348 om.
952 3294 995 3348 ed.
1075 3300 1107 3348 15
1131 3312 1176 3349 ex-

155 3362 335 3419 citodotwr.V
349 3380 418 3418 corr.
433 3362 477 3417 ed.
502 3365 505 3435 Ι
530 3365 660 3433 quicquid
673 3364 699 3419 V
710 3365 753 3419 ed.
768 3367 816 3435 qui
829 3382 853 3433 q.
867 3382 926 3420 nos
987 3370 1020 3418 19
1035 3366 1177 3434 portando

155 3436 244 3490 dabat
269 3435 404 3489 mandute
434 3434 477 3488 ed.
513 3434 516 3501 l
549 3439 615 3503 post
640 3438 783 3504 portando
811 3439 945 3504 quattuor
971 3453 1066 3491 versus
1093 3454 1176 3505 prop-

155 3508 200 3561 ter
221 3504 411 3561 membranae·
425 3505 592 3560 tenuitatem
611 3507 693 3561 vacui
711 3508 741 3561 in
757 3508 790 3563 V.
864 3514 897 3561 22
916 3507 1071 3563 sollitiorV
1089 3510 1177 3578 inopis

155 3578 291 3633 sollicitus
313 3576 357 3631 ed.
430 3583 464 3631 24
482 3578 651 3632 iuvenumV
669 3581 791 3634 virorum
815 3579 858 3634 ed.
889 3581 893 3648 Ι
927 3581 1181 3649 qaum-poccbut

152 3651 262 3771 {emer}
284 3650 354 3703 mut.
376 3649 418 3703 ed.
491 3653 526 3702 28
548 3650 724 3720 quoniumV
747 3654 848 3710 scotto
865 3652 914 3710 ed.
939 3654 953 3728 t
983 3650 1083 3709 atomi
1110 3649 1203 3703 outa

172 3736 208 3771 uo
224 3734 265 3771 e.
