2725 4150
550 341 805 403 mannosxn
1123 345 1187 411 591

163 514 338 588 mmm:
355 512 568 591 propenderet
585 514 621 571 ut
634 512 800 589 inpleretur
813 510 937 570 Iunonis
952 509 1080 590 dietum3
1099 529 1190 586 supra

163 602 246 663 enim
269 602 315 663 ait
337 595 433 684 (153)
456 602 580 678 „forsan
602 602 727 662 miseros
749 601 875 660 meliora
898 598 1092 676 sequentrr“.
1124 618 1189 659 eooe

161 691 323 753 interierat
344 690 475 767 Aeneas,
498 710 559 752 non
585 690 755 767 cuiuspiam
780 689 907 764 virtute,
930 689 982 748 sed
1006 707 1090 766 essu,
1119 707 1190 748 nam

164 783 238 842 dum
266 800 285 840 a
312 782 474 841 certamine
499 782 623 840 revocat
649 797 733 855 suos,
763 780 834 838 dum
861 777 942 838 nudo
973 779 1071 857 eapite
1098 781 1189 854 atque

130 871 273 932 siner-mi
300 871 408 930 dextra
432 871 580 947 loquitur,
608 869 757 929 ineemm
784 868 869 928 ouius
897 869 1035 943 captatus
1062 867 1190 942 insidiis,

163 962 280 1040 sagitta
305 978 463 1037 percussus
491 961 549 1035 est,
578 960 667 1019 huius
695 961 798 1017 autern
826 958 920 1017 latere
949 959 1054 1017 auetor
1080 958 1143 1017 mai
1167 956 1190 1015 ‘t

163 1069 258 1129 quam
280 1067 345 1109 sese
368 1050 405 1109 de
426 1049 505 1109 tanti
526 1048 625 1108 herois
648 1047 774 1108 adverso
797 1048 918 1106 iactare.

237 1140 361 1198 liunus
382 1143 415 1198 ut
431 1136 556 1198 Aenean
581 1138 725 1198 cedentem
752 1154 786 1196 eu
813 1137 930 1211 demine
951 1137 1025 1196 uidit
1046 1138 1251 1197 turbans-325

163 1245 220 1303 que
243 1229 348 1288 duces:
375 1227 454 1288 vidit
475 1246 534 1286 non
559 1227 651 1286 semel
677 1225 883 1302 accipiendum
907 1230 965 1301 est,
992 1229 1028 1285 ut
1050 1227 1091 1286 sit
1113 1225 1190 1286 vidit

116 1334 146 1373 ro
162 1317 290 1377 Aenean
312 1316 478 1392 sedentem,
500 1315 579 1377 vidit
600 1315 738 1376 turbatos
762 1315 859 1375 duoes.
899 1316 1099 1392 conpendiosa
1121 1335 1189 1375 nar·

162 1406 258 1483 ratio,
280 1405 313 1465 in
336 1426 398 1483 qua
421 1406 512 1466 etiam
533 1425 594 1465 non
615 1405 698 1464 diota
716 1408 838 1482 possent
855 1404 1004 1484 intellegi,
1027 1423 1087 1464 non
1111 1405 1190 1464 enim

163 1496 325 1573 descripsit
342 1495 466 1555 Aenean
489 1495 642 1555 sedentem
665 1515 702 1553 ex
721 1495 839 1573 agmine
863 1498 916 1554 aut
935 1495 1023 1554 duoes
1041 1493 1189 1569 turbatos,

162 1585 217 1646 sed
240 1586 329 1663 quasi
350 1586 413 1644 iam
435 1584 572 1660 dixisset,
595 1585 639 1644 sio
657 1584 794 1643 Turnum
817 1584 951 1644 adseruit
972 1585 1047 1643 haee
1069 1583 1188 1644 vidisse.

162 1675 264 1735 subite
286 1691 338 1747 spe
359 1674 493 1748 feruidus
515 1674 611 1742 ardet,
637 1675 734 1746 poscit
760 1690 847 1748 equos
870 1677 955 1746 omne
978 1690 1065 1732 armo
1086 1673 1189 1731 siruul:

116 1779 144 1821 rs
162 1763 254 1824 huius
273 1763 348 1822 mali
366 1762 520 1823 oooasione
535 1762 655 1822 Turnus
675 1766 796 1839 arrepta
815 1762 918 1821 ardere
938 1763 1049 1838 eoepit,
1071 1764 1106 1819 ut
1125 1763 1188 1821 vul-

161 1856 270 1913 nerato
293 1853 448 1913 insisteret
470 1853 524 1929 qui
546 1852 687 1931 congredi
711 1855 780 1911 ante
803 1870 863 1910 non
886 1850 1024 1911 audebat.
1069 1869 1189 1928 posoere

161 1943 259 2021 igitur
277 1960 370 2018 equos
388 1943 488 2017 eoepit
505 1944 598 2018 atque
616 1960 701 2000 arma
719 1945 750 2001 et
768 1940 968 1999 exultantium
986 1960 1081 2012 more,
1102 1942 1189 2017 quasi

162 2032 303 2110 superior
334 2034 412 2092 esset
443 2031 578 2107 effeetus,
615 2030 827 2110 gratulabatur
854 2030 891 2089 de
922 2031 1017 2091 hostis
1050 2029 1188 2091 adverso:

162 2120 317 2199 [saltuque
338 2120 500 2197 supubrrs]
522 2122 626 2180 emieat
646 2122 679 2179 iu
703 2138 823 2180 nurum
849 2124 876 2179 et
904 2122 1043 2180 monibus
1071 2121 1189 2179 molitur

117 2230 145 2271 ro
162 2213 303 2272 hebrum
336 2211 445 2271 emieat
465 2210 498 2269 in
521 2230 654 2284 ourrurn,
681 2210 738 2268 hoo
761 2212 807 2269 est
830 2208 900 2268 dnm
923 2227 955 2267 se
978 2211 1085 2284 laetat,
1107 2211 1189 2268 tran·

163 2302 281 2361 seendit
302 2299 334 2359 in
358 2319 477 2360 sunum
499 2300 655 2359 luxurians
680 2302 710 2359 et
727 2299 860 2358 habenas
878 2317 1023 2376 equorum
1041 2301 1188 2375 tempera·

162 2390 217 2450 bat
243 2389 383 2449 manibus
415 2390 477 2449 suis
507 2390 645 2466 suscepto
674 2390 797 2449 reetoris
828 2388 934 2447 officio.
971 2387 1065 2447 uultu
1091 2388 1188 2445 uirum
1274 2397 1275 2403 ’

162 2480 291 2539 uolitans
316 2479 369 2538 dui
389 2480 480 2552 fertio
503 2496 626 2553 coruom
644 2479 711 2547 lete,
734 2479 890 2537 semineces
907 2478 996 2535 voluit
1012 2478 1118 2535 mulus
1137 2482 1189 2535 aut

163 2569 286 2643 numine
309 2585 400 2627 nuru
412 2569 537 2642 preterii
558 2573 611 2627 eut
630 2571 735 2641 ruptus
752 2568 932 2642 sapientibus
950 2567 1056 2641 inperii
1072 2566 1249 2626 eumaeo

120 2674 145 2716 rs
163 2659 327 2719 aestimans
345 2657 465 2718 Turnus
483 2658 569 2717 letali
587 2658 710 2717 vnlnere
724 2655 848 2716 Aenean
867 2674 929 2716 esse
948 2674 1120 2731 percussum
1142 2656 1186 2713 in·

163 2749 248 2824 genti
271 2746 391 2806 laetitia
412 2746 578 2821 ferebatur,
605 2765 702 2822 nsque
726 2745 800 2805 adeo
823 2749 859 2805 ut
880 2746 913 2804 in
936 2745 1064 2804 aliorum
1086 2762 1188 2803 neoem

163 2837 224 2897 iam
247 2836 307 2895 iret
329 2837 415 2912 quasi
433 2837 470 2896 de
493 2837 628 2895 eonfeoto
646 2836 764 2911 potiore
783 2852 916 2894 securus:
939 2834 1051 2893 multos
1072 2834 1187 2893 interea

162 2926 251 2986 fortis
270 2924 351 2985 viros
370 2928 531 3001 straverat,
549 2925 661 2984 multos
680 2923 853 2983 dimittebat
869 2925 1039 2999 semineoeS,
1057 2925 1188 3000 protere-

162 3015 217 3075 bat
240 3014 317 3074 alios
340 3033 443 3089 nunu,
473 3033 617 3092 equorum
644 3014 760 3073 scilieet
782 3013 908 3090 pedibus
932 3016 964 3072 et
985 3015 1118 3073 rotarum
1141 3011 1186 3071 in·

123 3105 267 3181 repulsu,
291 3104 457 3179 nonnullis,
481 3123 546 3163 curn
566 3104 716 3181 fugerent,
738 3105 842 3163 hastas
865 3103 1035 3181 ingerebat:
1059 3121 1097 3161 an
1117 3119 1186 3161 suas

162 3196 267 3272 raptas
286 3193 388 3253 hastas
406 3193 563 3273 ingesserit
580 3192 731 3268 hostibus,
755 3212 794 3252 an
812 3191 949 3252 hostibus
970 3194 1073 3268 raptas
1091 3191 1123 3250 id
1142 3193 1188 3250 est

235 3389 251 3436 2
270 3382 387 3449 sesana
400 3381 434 3436 V.
489 3387 505 3435 3
523 3382 668 3435 interierat
680 3381 706 3434 V
724 3381 856 3435 intererat
876 3379 930 3433 edI
947 3382 1018 3433 irtus
1037 3385 1095 3434 erat
1114 3378 1184 3431 edF.

165 3459 195 3509 11
213 3460 332 3525 possuntt
349 3453 393 3509 ed.
467 3458 500 3506 14
518 3454 624 3507 subitae
638 3452 814 3520 perfervidus
826 3450 859 3504 V.
936 3457 969 3505 15
987 3451 1062 3504 mala
1076 3450 1102 3503 V
1116 3465 1185 3503 corr.

164 3526 239 3651 edd
269 3525 366 3580 ardere
379 3524 405 3577 V
419 3523 472 3578 edI
490 3524 593 3578 audere
611 3523 682 3578 edF.
761 3529 794 3576 19
813 3524 939 3591 saltuque
957 3523 1089 3590 superbus
1107 3521 1186 3574 deest

164 3595 193 3649 in
239 3640 246 3664 ,
270 3596 320 3650 sed
338 3594 430 3649 verbis
450 3602 475 3650 et
493 3597 677 3650 emituudium
696 3596 748 3649 eto.
768 3594 937 3663 explicatur:
962 3592 1100 3661 superiori
1118 3592 1186 3646 lem-

163 3668 233 3723 mati
251 3667 348 3734 inepte
365 3666 489 3721 added.
564 3672 599 3722 al
617 3684 672 3738 rap
689 3684 743 3737 pro
761 3665 913 3738 ruptosV.
978 3671 1019 3719 ‘ab
1037 3665 1206 3719 mutianus

157 3737 198 3789 ed
272 3742 305 3788 31
325 3738 357 3791 iu
372 3738 541 3795 nueburv
560 3759 600 3799 un
619 3743 648 3798 d.
668 3758 743 3800 oorr.
765 3742 813 3799 ed.
