2725 4150
558 324 799 381 scrumosus
1123 330 1188 396 267

170 495 389 572 proscindimus
421 496 546 568 terrem,
576 494 666 553 hoste
697 495 840 554 iuvencus
872 494 1005 570 ducitur,
1036 496 1125 556 hoste
1156 499 1189 557 in

170 603 246 661 opus
269 586 407 662 urgetur,
436 601 498 642 une
526 585 617 660 etque
640 583 744 643 eedem
767 585 879 661 species
903 587 933 644 et
955 584 1020 643 ruri
1042 587 1137 646 servit
1159 591 1190 647 et

168 674 256 734 bello.
309 673 450 750 vertitur,
479 675 515 731 ut
542 672 660 732 hostem
690 675 788 748 necet,
821 673 962 750 vertitur,
991 677 1028 733 ut
1057 676 1190 754 exagitet

169 763 289 823 bovem:
312 781 429 839 semper
448 762 528 839 opud
546 781 600 822 nos
619 763 735 822 militet
752 762 882 823 rusticus
901 765 944 839 et,
966 783 1003 823 ne
1027 764 1189 841 quisquam

141 853 340 929 cinprovisus
362 851 479 927 inruet,
509 869 628 928 semper
650 855 784 912 ermetus
807 856 854 913 est
882 871 936 913 nee
964 854 1038 912 tunc
1068 873 1188 915 securus

169 961 237 1002 cnm
267 939 425 1002 classicum
454 944 542 1000 tecet.
588 961 674 1001 omne
706 960 813 1002 eevum
843 943 922 1001 ferro
951 942 1073 1002 teritur:
1104 944 1189 1004 nulle

169 1034 252 1091 aetus
282 1032 387 1092 nostre
416 1032 462 1090 est
489 1049 567 1108 quse
595 1030 711 1090 nesciet
736 1031 874 1093 ferrum„
904 1031 975 1108 quie
1002 1031 1079 1092 dixit
1102 1053 1188 1094 omne

169 1140 291 1197 aevum,
310 1120 427 1179 eddidit
444 1122 574 1179 aetatem
592 1138 711 1195 senum,
729 1138 849 1180 sensum
866 1124 903 1180 ut
921 1121 1084 1199 confirmet,
1102 1142 1189 1183 omne

169 1230 277 1270 aevum
305 1211 384 1269 ferro
417 1210 543 1269 conteri:
574 1225 627 1268 erec
658 1209 747 1268 tardo
778 1214 908 1269 sonemus
940 1211 1072 1271 debilitat
1101 1214 1189 1272 viris:

125 1314 151 1354 ιο
167 1299 288 1358 tardam
306 1301 488 1358 senectutem
506 1299 594 1373 dixit,
616 1317 677 1357 non
696 1299 777 1374 qnod
794 1300 880 1358 tarde
898 1299 1014 1374 veniet,
1036 1302 1089 1361 sed
1108 1303 1189 1378 quod

168 1389 262 1448 feciat
283 1388 419 1449 homines
441 1386 544 1448 turdos
567 1389 624 1447 hoc
647 1392 693 1448 est
719 1389 819 1466 segnis
843 1388 881 1448 od
904 1388 1037 1448 laborem
1061 1390 1188 1450 subeun-

169 1479 248 1537 dum.
286 1496 339 1537 nec
357 1477 437 1554 ipse,
461 1479 518 1552 eit,
542 1480 679 1537 senectus
697 1476 770 1537 viris
789 1480 908 1537 nostres
930 1477 1071 1556 infringit
1094 1482 1189 1540 animi

167 1570 317 1639 metatque
338 1568 478 1641 ciperem,
506 1567 562 1626 hoc
590 1569 636 1626 est
658 1565 755 1626 dicere
778 1568 940 1627 senectutis
964 1568 1110 1629 adventus
1134 1588 1188 1630 neo

168 1658 304 1734 vigorem
331 1655 425 1716 enimi
451 1657 563 1716 minuit
590 1675 644 1715 nee
672 1657 708 1715 de
732 1655 899 1716 subtilitate
923 1657 1055 1734 corporis
1079 1658 1187 1720 ebolet.

123 1761 149 1801 re
167 1747 305 1805 canitiem
329 1745 416 1820 polea
438 1746 616 1818 premimus:
645 1747 765 1805 tentum
792 1748 893 1824 potest
920 1745 1077 1806 leborendi
1105 1766 1188 1824 usus,

167 1838 202 1894 ut
224 1853 279 1894 neo
301 1834 361 1911 ipsi
379 1836 526 1894 senectuti
544 1853 712 1912 parcemus.
749 1835 863 1913 tegitur
885 1837 1010 1896 canities
1029 1838 1116 1916 galee
1134 1857 1188 1898 nee

167 1927 240 1983 tunc
268 1924 389 1983 inmune
411 1923 551 1999 periculis
574 1927 668 2001 capnt
691 1927 737 1985 est
759 1943 828 1984 cum
851 1925 954 1985 debuit
977 1928 1112 1987 excusari
1135 1948 1189 2005 per

167 2013 292 2074 senium.
342 2030 511 2087 semperque
539 2015 661 2074 recentis
689 2019 859 2089 conponere
890 2017 975 2076 ierat
999 2017 1133 2090 praedes
1163 2021 1190 2078 et

166 2105 263 2163 eicere
284 2107 385 2176 rapto:
407 2123 523 2179 semper
544 2105 659 2181 inquit3
682 2123 743 2164 non
766 2106 846 2164 enim
863 2124 1008 2185 magnum
1029 2109 1074 2166 est
1095 2108 1187 2167 inter·

122 2210 149 2249 eo
167 2193 239 2252 dum
262 2192 380 2269 aliquid
399 2212 487 2271 agere
504 2193 696 2253 laboriosum.
734 2194 804 2254 inde
827 2195 971 2272 estquod
994 2195 1039 2256 eit
1060 2196 1187 2258 recentis

166 2282 308 2359 praedes3
340 2283 394 2358 qui
425 2284 505 2341 enim
536 2301 653 2360 semper
684 2286 813 2342 venetur
845 2286 898 2343 eut
926 2288 1044 2362 pugnat
1072 2304 1189 2363 semper

166 2372 284 2448 potitur
319 2371 500 2448 praedarum
536 2374 678 2432 novitate.
735 2375 765 2431 et
797 2374 870 2449 quie
906 2376 978 2432 sunt
1015 2373 1068 2450 qui
1097 2375 1188 2435 inviti

166 2460 299 2520 laborem
323 2460 462 2536 subeant,
486 2461 596 2521 adiecit
617 2461 704 2522 iuvat
726 2462 827 2522 vivere
849 2464 946 2537 rapto.
983 2463 1038 2522 ille
1061 2465 1119 2539 est,
1142 2463 1187 2522 in·

166 2551 247 2627 quit,
271 2551 353 2625 apud
375 2569 430 2610 nos
452 2550 531 2610 ratio
553 2552 661 2610 melior
683 2550 777 2626 vitae,
801 2552 827 2610 si
849 2553 962 2610 recenti
984 2551 1096 2627 praede
1119 2571 1187 2629 pes·

121 2655 148 2695 rs
167 2659 272 2699 camur
301 2643 331 2699 et
359 2640 465 2700 olienis
494 2640 600 2718 opibus
628 2641 725 2716 ceptis
752 2640 898 2699 ducemus
926 2640 1083 2702 continuos
1114 2642 1187 2702 dies.

166 2728 308 2788 canitiem
323 2729 411 2807 galea
424 2729 601 2806 premimus:
619 2732 723 2789 tentus
742 2729 773 2788 in
792 2729 884 2789 nobis·
898 2749 982 2789 emor
1000 2734 1046 2790 est
1063 2732 1187 2809 gloriae,

239 2870 255 2918 3
287 2866 352 2933 post
385 2866 453 2919 bello
485 2881 549 2918 cum
578 2863 667 2933 signis
697 2863 855 2918 omissionis
883 2865 998 2919 vertitur
1027 2871 1059 2920 et
1086 2866 1188 2921 testem

165 2953 257 2991 necem
270 2936 301 2989 in
314 2936 442 3005 mergine
455 2935 543 2989 hebet
557 2935 591 3002 V,
606 2937 700 2990 cetero
714 2936 744 2989 in
759 2936 892 2989 contextu
905 2938 1072 3003 sequuntur:
1092 2937 1187 2991 omniu

165 3010 272 3061 temere
297 3010 358 3062 mut
388 3007 431 3062 ed.
505 3012 521 3060 t
544 3024 578 3062 ne
596 3006 622 3060 V
641 3006 684 3061 ed.
706 3023 756 3062 nec
773 3023 831 3060 nos.
906 3012 921 3061 6
945 3009 1109 3063 cumetensi
1126 3026 1188 3063 cum

165 3082 237 3134 iacet
250 3078 276 3131 V
294 3080 383 3133 enimi
401 3096 484 3147 quum
502 3080 521 3133 c'.
540 3079 584 3133 ed.
654 3084 669 3133 ‘1
689 3081 738 3147 qui
756 3078 830 3133 dixit
842 3078 868 3131 V
886 3079 953 3147 quie
971 3095 1022 3133 nos
1040 3096 1124 3148 quum
1143 3080 1186 3135 ed.

166 3156 182 3203 8
210 3157 327 3205 motem
353 3168 432 3206 seam
458 3166 568 3204 sensum
589 3149 616 3202 V
646 3167 727 3205 cuam
757 3165 844 3203 menn
875 3149 1030 3204 recentiore
1062 3150 1187 3205 deletum

164 3221 271 3276 lineole
293 3222 459 3276 transducto
480 3221 517 3291 (V
535 3222 649 3290 punctis
667 3222 852 3291 superpositis
871 3220 964 3275 delere
983 3221 1064 3290 solet)
1088 3224 1188 3278 aetate

164 3310 275 3349 censum
294 3294 337 3347 ed.
356 3310 451 3348 senum
466 3310 517 3361 pro
536 3310 615 3347 suam
634 3310 693 3348 nos.
755 3298 771 3346 9
789 3294 858 3349 viris
875 3292 1016 3347 lemmatis
1035 3293 1099 3347 finis
1117 3294 1148 3347 in
1161 3293 1187 3347 V

165 3366 421 3434 enimi-ciperem
440 3364 576 3430 added,
596 3365 646 3418 sed
664 3365 718 3420 hoc
735 3364 810 3418 infre
828 3381 879 3433 pro
898 3364 1031 3418 lemmate
1050 3365 1186 3434 scriptum

165 3438 195 3490 in
212 3436 246 3490 V.
316 3443 349 3489 14
368 3436 502 3491 neolemV
520 3436 609 3490 obelet
626 3452 677 3490 noe
697 3453 749 3491 om.
765 3436 835 3490 edF.
905 3441 938 3489 16
957 3435 1031 3491 ecV
1049 3454 1098 3491 occ
1117 3453 1185 3491 corr.

165 3508 210 3563 ed.
229 3509 275 3578 (cf.
291 3512 362 3575 609).
419 3512 452 3560 17
471 3506 563 3576 qro
578 3507 621 3560 ed.
640 3524 702 3561 cum
720 3524 771 3561 nos
790 3508 824 3562 of,
840 3512 900 3562 315.
929 3506 932 3579 t
961 3524 1011 3576 per
1028 3507 1054 3561 V
1073 3514 1187 3577 propter

166 3580 209 3635 ed.
284 3585 317 3633 20
337 3579 370 3633 de
388 3578 594 3635 zaecreoeemv
613 3578 646 3633 dc
664 3578 718 3633 del.
734 3579 777 3633 ed.
850 3584 884 3633 23
903 3578 1017 3647 factoV
1034 3586 1114 3648 rapto
1133 3580 1186 3646 ed,

166 3651 242 3719 qnod
267 3651 298 3704 in
322 3649 455 3704 lemmate
481 3653 566 3705 extet.
640 3656 674 3705 26
698 3666 817 3707 amorem
840 3650 981 3723 ptorieeV
1004 3668 1082 3706 emor
1103 3656 1145 3703 est
1163 3651 1204 3717 ot.

165 3739 215 3775 nos
234 3722 267 3774 ct
283 3726 337 3774 588
352 3737 432 3776 amer
444 3723 484 3792 qt
498 3728 541 3780 est
557 3722 600 3779 ed.
