2725 4150
547 337 799 393 luminosus
1161 341 1182 406 5

162 506 305 585 consequi
325 506 429 567 debuit
450 506 593 583 cuiusque
617 509 683 566 erat
704 509 804 566 totum
827 507 972 584 quicquid
989 527 1043 585 per
1060 506 1184 566 Aenean

161 598 304 656 Romanis
334 596 423 657 rebus
454 615 595 674 prospere
625 595 779 657 videretur
801 597 987 672 feliciterque
1011 596 1184 657 conlatum?

162 691 315 746 aeternam
347 687 478 745 moriens
513 686 639 761 famam,
672 684 789 760 Caieta,
822 685 946 746 dedisti:
983 707 1002 745 a
1033 687 1183 746 contrario

161 776 259 835 laudis
283 778 491 853 augmentum
516 778 589 834 tunc
612 775 692 833 enim
715 775 810 834 crevit
832 776 896 834 eius
919 795 1027 834 nomen
1050 776 1185 835 etfama

131 864 282 942 equando
304 866 476 924 interventu
498 863 605 924 mortis
628 864 732 941 potuit
754 863 876 924 aboleri.
914 866 993 940 quod
1012 865 1128 923 factum
1146 864 1185 924 ad

160 956 280 1013 Aeneae
309 953 430 1013 landem
458 953 565 1030 procul
594 953 685 1012 dubio
715 955 887 1028 revocatur,
916 954 971 1030 qui
1001 953 1119 1013 curavit
1147 974 1184 1011 ne

159 1047 230 1120 post
260 1043 373 1103 altricis
403 1061 474 1102 suae
504 1044 647 1101 ultimum
668 1042 768 1101 fatum
790 1045 890 1102 totum
912 1043 970 1102 sibi
992 1045 1099 1103 mortis
1121 1044 1185 1102 eius

160 1134 260 1192 exitus
281 1132 461 1206 vindicaret,
483 1131 562 1190 unde
585 1132 700 1191 factum
724 1135 770 1191 est
792 1135 839 1207 ut,
859 1132 1042 1192 contrarium
1060 1135 1185 1192 naturae

160 1240 239 1298 quae
261 1221 328 1281 finis
350 1223 507 1280 hominum
529 1224 625 1280 morte
649 1221 815 1296 concludit,
838 1221 968 1281 nominis
992 1222 1100 1281 saltem
1117 1241 1184 1299 pro·

119 1327 143 1365 ro
159 1312 316 1370 curaretur
345 1310 517 1370 aeternitas.
563 1313 595 1370 et
622 1328 704 1369 nunc
734 1313 834 1370 servat
860 1311 955 1371 honos
979 1313 1079 1370 sedem
1100 1313 1185 1371 tuus:

160 1401 236 1460 dixit
253 1420 347 1475 nunc,
365 1400 442 1458 dixit
460 1400 551 1459 etiam
569 1401 617 1458 bis
635 1400 820 1475 temporibus
845 1402 964 1474 qnando
985 1401 1059 1460 haec
1078 1402 1185 1460 scribe-

159 1491 279 1549 bantur.
316 1490 369 1550 sed
392 1489 472 1565 quod
496 1489 539 1549 ait
562 1491 593 1548 et
615 1508 708 1563 nunc,
730 1489 787 1548 hoc
811 1508 928 1565 quoqne
952 1489 992 1547 ad
1015 1492 1080 1549 eius
1097 1491 1185 1549 meri-

159 1583 225 1638 tum
257 1579 385 1653 aceedit,
421 1581 457 1638 ut
491 1578 644 1656 integrum
680 1578 825 1638 transiret
859 1578 897 1636 ad
933 1581 1068 1654 posteros
1106 1579 1186 1655 quod

159 1669 279 1746 Aeneae
301 1667 486 1744 temporibus
509 1667 640 1728 viventis
664 1669 916 1744 contemplatione
940 1670 1093 1727 servatum
1113 1671 1185 1726 erat.

121 1769 143 1810 1⁶
161 1762 191 1816 et
213 1777 294 1817 nunc
317 1758 418 1816 servat
439 1758 533 1816 honos
557 1757 657 1816 sedem
679 1758 765 1817 tuus:
788 1757 883 1817 honos
903 1760 975 1816 tuus
996 1757 1088 1816 etiam
1107 1776 1187 1816 nunc

161 1854 262 1906 servat
292 1848 404 1920 sedem,
434 1848 492 1906 hoc
521 1849 567 1906 est
597 1846 731 1905 defertur
759 1847 807 1905 illi
836 1848 902 1907 loeo
935 1847 1187 1924 contemplatione

161 1937 282 1996 honoris
312 1936 361 1996 tui
389 1939 420 1995 et
449 1937 491 1996 sic
521 1934 690 1995 custoditur
720 1938 784 1995 eius
812 1936 986 2015 integritas,
1013 1939 1050 1996 ut
1071 1955 1187 2013 semper

161 2028 283 2087 maneat
312 2023 344 2085 et
371 2025 458 2086 firma
486 2026 616 2085 nominis
647 2027 826 2085 aeternitate
857 2026 1008 2104 perduret
1060 2045 1187 2104 ossaque

161 2135 268 2175 nomen
296 2115 444 2192 Hesperia
470 2115 502 2173 in
529 2134 654 2193 magna,
678 2115 704 2174 si
727 2134 787 2192 qua
811 2119 857 2175 est
880 2136 915 2175 ea
938 2116 1049 2194 gloria,
1073 2118 1187 2196 signat:

124 2214 146 2254 ²⁰
161 2205 238 2264 mira
267 2207 347 2264 ratio
376 2207 424 2279 ut,
454 2224 523 2264 cum
549 2204 705 2264 viventum
734 2225 843 2264 nomen
871 2208 920 2264 vix
947 2208 1027 2265 inter
1052 2206 1187 2265 homines

161 2295 263 2354 valeat
285 2295 428 2367 eminere,
450 2294 540 2352 huius
571 2312 639 2353 ossa
668 2314 723 2370 per
747 2294 951 2354 celebritatem
974 2295 1103 2355 nominis
1123 2315 1187 2372 per-

163 2383 261 2460 petuis
291 2384 477 2460 temporibus
508 2401 543 2442 ac
570 2384 698 2442 saeculis
722 2384 938 2459 praeferantur.
983 2384 1129 2460 Hesperia
1156 2385 1188 2441 in

162 2493 284 2551 magua:
308 2474 396 2532 tauta
418 2472 520 2531 extitit
541 2472 696 2532 condentis
720 2475 901 2549 reverentie,
924 2475 1028 2532 tentus
1051 2473 1187 2549 sepultae

163 2564 270 2637 honos,
300 2562 390 2620 utin
412 2580 524 2640 magna
545 2562 653 2621 Italiae
681 2563 840 2621 latitudine
863 2581 939 2621 unus
963 2562 1096 2620 omnium
1120 2580 1187 2621 con·

129 2656 149 2696 ’ὅ
164 2670 265 2711 seusus
296 2652 467 2729 gratissime
494 2653 653 2710 teneretur.
700 2653 726 2709 si
757 2671 817 2727 qua
844 2652 890 2709 est
917 2670 953 2709 ea
975 2651 1086 2728 gloria:
1117 2651 1189 2711 fecit

164 2741 280 2800 Aeneas
303 2740 385 2817 quod
408 2741 447 2799 ad
468 2740 610 2817 religiosa
634 2740 733 2798 officia
760 2742 921 2816 pertinuit3
949 2741 1001 2799 sed
1023 2760 1092 2800 cum
1114 2741 1188 2799 nihil

164 2830 275 2889 mortui
302 2829 435 2889 sentiant
462 2832 493 2887 et
520 2831 615 2889 omnis
645 2830 757 2907 gloria,
787 2829 906 2889 etiamsi
935 2830 1000 2888 ulla
1031 2832 1077 2889 est
1109 2831 1189 2907 apud

164 2919 312 2994 homines,
344 2918 456 2977 caduca
488 2919 529 2977 sit
560 2920 590 2977 et
621 2918 731 2977 habeat
762 2919 864 2995 finem,
900 2921 974 2995 quid
1008 2920 1122 2997 profuit
1157 2920 1189 2978 id

165 3009 283 3083 fecisse,
320 3008 380 3066 nisi
412 3010 449 3066 ut
483 3008 641 3067 satisfieret
669 3009 782 3084 animo,
812 3010 864 3084 qui
893 3010 1033 3088 religioso
1064 3009 1189 3067 nutricis

130 3100 150 3140 ⁸⁰
165 3116 235 3156 suae
258 3098 419 3156 tenebatur
442 3096 582 3155 adfectu?
628 3102 659 3155 ct
681 3099 754 3170 prius
779 3100 907 3171 exequiis
926 3098 1046 3157 Aeacos
1068 3100 1122 3156 re'te
1145 3116 1189 3155 so·
1217 3104 1234 3152 5

166 3187 234 3246 lctis
269 3204 373 3261 cypero
402 3187 547 3259 conposito
577 3188 698 3245 tumuli:
758 3188 951 3263 exequiarum
985 3188 1118 3246 ordinem
1155 3205 1189 3245 ac

164 3278 258 3335 ritum
279 3278 313 3334 in
336 3275 463 3334 aliorum
485 3275 639 3334 funeribus
660 3278 751 3351 poeta
769 3278 962 3352 monstravit,
982 3296 1109 3353 cumque
1127 3276 1189 3334 iam

190 3503 193 3511 ,
239 3452 253 3499 1
287 3448 367 3499 cuius
398 3452 513 3514 quaerat
539 3445 565 3498 V
597 3447 728 3515 caiusque
759 3454 819 3503 erae
854 3462 905 3499 noe
942 3449 1021 3500 cuius
1053 3453 1112 3500 erut
1145 3446 1188 3499 ed.

166 3523 182 3569 2
204 3518 359 3585 prospicere
378 3515 402 3568 V
421 3533 550 3585 prospere
574 3534 643 3571 corr.
663 3519 708 3572 ed.
781 3520 997 3573 eiaterensem
1011 3516 1037 3569 V
1056 3534 1125 3571 corr.
1145 3518 1189 3571 ed.

167 3595 202 3642 14
226 3594 365 3643 sucatum
384 3588 410 3641 V
435 3605 455 3643 s.
478 3594 538 3643 erat
562 3589 604 3643 ed.
628 3606 687 3646 nos.
781 3594 815 3645 19
845 3588 982 3664 siquotV
1017 3591 1135 3661 siquout
1159 3589 1209 3643 ab.

152 3660 419 3780 {wifridum
436 3660 477 3712 ed.
542 3667 579 3718 23
596 3665 765 3736 sepultaeV
787 3668 954 3740 sepulturae
972 3665 1023 3722 ed.
1079 3667 1118 3716 ”sb
1140 3660 1226 3725 alltc·
