2725 4150
559 329 743 386 masuras
760 329 800 384 xi
1007 352 1010 358 ·
1122 329 1189 399 489

170 499 302 573 hibetur,
331 501 367 558 ut
395 500 493 558 virum
520 499 630 559 fortem
656 516 675 558 a
703 498 833 575 scapulis
861 500 1003 576 contegat
1029 515 1123 574 usqne
1151 498 1189 558 ad

170 589 283 647 ventris
306 587 447 646 ultimam
469 590 593 665 partem.
640 605 767 664 squama
789 589 835 647 est
857 605 935 663 quae
963 588 1100 647 currente
1122 586 1189 646 snb·

169 677 282 736 tilitate
305 677 380 736 artis
404 676 446 736 sic
464 678 656 753 conponitur,
677 679 714 736 ut
733 675 880 753 serpentis
902 677 1037 737 imitetur
1059 675 1189 735 exuvias.

169 784 313 841 carasque
329 766 490 824 incluserat
506 783 593 835 aare,
612 769 743 842 tempora
760 766 860 825 cadas
878 766 988 825 adbuc:
1010 767 1080 842 post
1092 767 1189 824 mnni-

139 858 271 914 cmenta
301 856 413 932 qnippe
444 854 539 914 totins
569 854 701 931 corporis
730 854 885 915 inducitur
911 854 1007 933 galea.
1052 857 1190 930 tempora

169 945 266 1003 nudus
297 963 390 1023 genus
421 961 485 1004 esse
515 943 677 1004 locutionis
713 944 858 1005 similibus
888 943 961 1004 locis
996 943 1189 1004 ostendimus.

170 1035 309 1108 laterique
336 1035 503 1093 attinuerat
531 1050 643 1093 eacan:
671 1032 802 1109 sumpsit
830 1034 892 1093 alia
922 1033 1029 1110 quibus
1058 1035 1190 1093 muniret

169 1142 278 1200 corpus
305 1142 406 1197 suum,
433 1141 534 1183 ensem
560 1141 631 1182 vero
661 1141 721 1198 quo
748 1121 908 1198 perimeret
935 1121 1072 1184 inimicos
1099 1122 1190 1182 lateri

169 1230 222 1271 suo
241 1215 311 1289 apte
329 1212 494 1288 suspendit.
522 1212 708 1286 felcebatqae
726 1211 789 1270 alta
806 1212 962 1271 decumas
980 1229 1090 1272 careas
1107 1221 1251 1273 arce:490

124 1317 151 1356 ιο
168 1299 288 1361 veniens
312 1301 350 1361 ab
374 1320 441 1361 arce
458 1304 542 1360 totus
560 1319 671 1361 aureus
689 1300 863 1378 apparebat.
898 1301 1061 1376 exultatque
1078 1303 1189 1362 actmc'e

169 1396 195 1449 et
211 1408 263 1465 spe
278 1392 341 1450 iam
354 1389 501 1464 praecipit
517 1391 640 1450 cauea·
657 1388 700 1450 sic
714 1391 824 1450 animis
843 1389 1006 1464 exultabat,
1021 1392 1058 1450 ut
1071 1391 1189 1450 hostem

167 1481 230 1538 iam
262 1499 292 1539 se
325 1497 481 1556 superasse
513 1479 682 1539 confideret.
726 1479 860 1541 mittitur
891 1478 1079 1557 conparatio,
1111 1498 1188 1556 quae

168 1568 302 1628 earmina
325 1570 481 1629 consuevit
503 1587 621 1629 ornare:
651 1569 749 1642 paces
775 1569 828 1628 cbr'
850 1569 984 1642 abrupto
1005 1569 1082 1643 facit
1099 1585 1188 1642 prae-

167 1660 250 1731 septa
272 1659 377 1717 oraclis
400 1658 518 1718 tandm
536 1659 609 1718 liber
626 1675 717 1732 maus
738 1656 915 1734 [campoque
927 1659 1039 1731 petitas
1062 1655 1189 1733 apertoJ:

123 1760 149 1800 1⁶
168 1748 325 1824 praesepia
339 1746 459 1824 quidem
477 1749 600 1824 propter
617 1749 793 1808 alimoniam
806 1749 895 1826 grata
912 1749 984 1806 sunt
997 1745 1188 1822 animalibus,

168 1836 220 1896 sed
239 1837 384 1896 diuturna
400 1837 527 1897 retentio
545 1837 735 1898 vinculorum
752 1835 814 1896 illis
836 1835 997 1896 admodum
1014 1836 1114 1914 gravis
1133 1838 1188 1896 est.

167 1925 291 2002 proinde
314 1927 472 2002 praesepia
493 1926 665 2004 fugiuntur,
693 1945 762 1985 oum
784 1928 854 2003 post
880 1926 1032 1986 exclusam
1056 1925 1188 1986 inediam

167 2014 349 2076 desiderium
370 2013 517 2076 libertatis
540 2016 668 2091 aceedit,
697 2018 733 2076 ut
753 2017 896 2094 pensetur
917 2015 1095 2076 luxuriando
1118 2033 1187 2093 cap·

166 2105 271 2165 tivitas
292 2108 323 2165 et
335 2106 431 2182 ruptis
445 2105 574 2166 vinculis
588 2105 759 2165 taediorum
772 2123 864 2165 nexus
877 2105 1008 2183 nodiqne
1021 2106 1186 2166 solvantur.

122 2210 148 2249 ao
167 2200 220 2254 aret
236 2196 286 2254 c‘lle
302 2197 336 2253 c'rc
350 2199 469 2269 pastas,
492 2196 548 2255 hoc
566 2194 663 2255 estin
679 2197 771 2273 prata
788 2195 836 2255 vel
854 2213 980 2272 pasena,
998 2198 1188 2268 armataque

167 2285 257 2343 tendit
279 2286 435 2358 equarum:
464 2286 518 2343 aut
545 2285 657 2345 ventris
686 2286 741 2344 ant
761 2281 896 2344 libidinis
919 2302 1013 2344 causa
1038 2287 1186 2360 raptatur.

167 2378 220 2432 act
237 2375 377 2433 adenem
394 2391 489 2447 accae
503 2374 648 2449 perfundi
660 2374 783 2445 tiaratae
799 2377 881 2432 coto:
899 2375 953 2433 aut
970 2374 1049 2432 certe
1063 2373 1248 2433 festinattea

167 2463 205 2521 ad
227 2463 354 2539 fiumen,
377 2465 463 2523 cuins
487 2483 566 2540 aqua
588 2462 687 2523 lavari
709 2462 873 2522 consuevit
910 2462 1027 2521 emicat:
1051 2462 1116 2537 ipse
1139 2480 1186 2521 ex·

165 2552 252 2627 ponit
281 2552 355 2628 quid
383 2553 425 2612 sit
454 2552 575 2612 emicat:
610 2553 786 2625 arrectisque
814 2552 914 2624 fremit
942 2551 1101 2611 cerriabcs
1130 2552 1187 2610 alte

122 2659 148 2698 aa
166 2641 324 2700 tartaricus
350 2642 510 2714 ludentque
535 2642 623 2701 tabae
646 2657 703 2715 per
724 2641 811 2710 colla,
830 2656 888 2715 per
910 2656 1024 2699 amnes:
1045 2640 1187 2700 hocerat

166 2729 306 2805 emicare,
324 2731 441 2807 placere
460 2729 518 2789 sibi
536 2731 619 2790 omni
635 2734 723 2808 parte
741 2729 955 2805 membrorum,
974 2730 1045 2788 dnm
1063 2730 1186 2789 arrectis

166 2819 329 2879 cervicibus
353 2839 384 2879 se
406 2817 440 2878 in
463 2820 560 2879 altum
582 2819 685 2897 erigit,
713 2820 785 2879 dum
807 2838 861 2896 per
883 2819 961 2878 colla
986 2819 1051 2877 eius
1073 2838 1186 2896 perque

166 2928 264 2969 armos
287 2909 423 2969 ludentes
447 2927 548 2968 comae
570 2909 752 2969 funduntur:
774 2909 832 2968 hoc
855 2907 893 2967 ad
918 2925 1037 2984 corpus,
1062 2907 1101 2966 ad
1123 2908 1186 2967 ani·

165 3019 248 3057 mum
274 3016 345 3058 vero
373 2998 475 3058 fremit
501 3000 533 3057 et
558 2998 729 3059 luxuriatur
750 2996 890 3075 pertinet.
935 2998 1023 3057 obcc'a
1045 2997 1092 3057 ceci
1120 2996 1186 3056 Vol·

237 3228 254 3275 2
273 3228 397 3277 crrrrente
410 3222 435 3275 V
450 3222 493 3276 ed.
512 3238 548 3275 ne
567 3222 729 3290 suspectum
742 3220 873 3275 videatur
887 3220 921 3275 cf.
938 3226 963 3287 2,
975 3224 1035 3275 765.
1086 3226 1102 3275 5
1120 3226 1185 3276 tem·

161 3310 228 3362 pore
255 3293 296 3362 (in
323 3293 455 3348 lemmate
482 3295 614 3362 tempera)
637 3292 672 3346 V.
753 3298 786 3346 12
811 3293 931 3347 mittitcr
951 3291 977 3346 V
1001 3292 1117 3347 cadica
1141 3292 1184 3347 ed.

167 3371 200 3418 14
219 3370 508 3433 campoque-aperto
526 3364 606 3418 deest
623 3363 654 3418 in
667 3363 702 3429 V,
722 3364 771 3417 sed
789 3363 955 3432 explicatur.
983 3363 987 3435 l
1012 3364 1122 3432 petitur
1141 3363 1185 3417 ed.

167 3441 200 3490 16
218 3438 333 3491 retentio
345 3436 372 3490 V
389 3438 536 3491 reticentia
554 3436 598 3490 ed.
676 3440 709 3489 17
732 3435 847 3505 sepiunt
868 3435 912 3489 ed.
991 3439 1025 3488 20
1047 3440 1186 3489 armenta-

165 3524 398 3577 que—equarum
420 3509 484 3576 post
503 3514 603 3576 pastae
624 3506 689 3561 add.
708 3506 761 3573 ed,
780 3506 830 3561 sed
848 3506 947 3561 eadem
964 3504 1050 3561 verba
1067 3505 1185 3560 inferius

165 3596 216 3647 pro
237 3578 369 3633 lemmate
387 3577 535 3632 scribenda
553 3580 642 3632 erant.
672 3578 675 3650 l
702 3584 789 3647 prata
811 3578 852 3633 cel
875 3595 929 3632 om.
948 3577 992 3632 ed.
1067 3582 1101 3629 22
1120 3593 1185 3646 per-

165 3650 262 3716 fundit
287 3649 320 3704 V.
402 3655 436 3704 28
464 3651 558 3705 lavare
584 3649 618 3704 V.
653 3649 656 3721 l
692 3649 790 3705 emicat
817 3649 854 3703 ad
881 3648 1050 3705 antecedens
1081 3648 1185 3703 lemma

166 3720 314 3790 beneponi
332 3720 429 3775 malim
447 3724 563 3790 propter
579 3721 701 3787 fatiant.
