2725 4150
549 326 801 382 nuusrnosvn
1142 331 1182 396 71

165 498 288 572 pectens
310 496 450 556 hortatus
474 497 586 557 alienos
608 497 677 573 ipsa
699 495 758 555 sibi
776 496 880 556 extitit
896 497 1099 572 hortamento,
1116 498 1185 575 ipsa

163 584 330 661 inpellebat
345 586 392 645 'ad
413 585 539 661 bellum,
561 584 642 661 quod
665 586 711 646 est
729 586 834 663 prooul
853 585 944 646 dubio
968 585 1131 646 studiosius
1154 589 1185 646 et

163 674 195 732 in
220 673 335 734 ‘officiis
366 676 575 752 praecipuum,
612 675 768 734 voluntate
804 675 902 734 faeere
939 674 1057 751 aliquid
1093 695 1185 753 quam

163 766 303 822 eoactum
332 765 363 822 et
392 763 531 824 invitum.
576 764 720 824 dicuntur
750 782 857 824 eausae
889 783 966 840 quae
997 764 1185 824 iuventutem

136 852 260 930 imagis
278 852 311 911 in
334 871 418 913 arma
441 855 676 927 commoverant,
699 853 776 912 boue
799 853 886 912 deoses
908 855 1054 929 eyreqium
1071 856 1185 927 famae

162 945 257 1001 movet
274 945 361 1014 aeque
376 944 525 1011 iuuentae,
547 943 626 1001 buseo
643 944 725 1001 atesi
742 959 835 1016 repes,
859 943 937 1002 tune
959 943 1049 1002 eloris
1067 943 1185 1002 desiero

161 1033 265 1105 foetis:
282 1031 489 1109 unusquisque
508 1035 562 1108 p'ro
580 1031 702 1110 ingenio
716 1049 771 1091 suo
787 1032 908 1092 dolebat
924 1031 1068 1092 iniuriam
1081 1032 1185 1108 Turni,

165 1121 199 1179 in
227 1138 287 1196 quo
315 1121 438 1180 fuerunt
459 1122 560 1180 omnia
583 1138 659 1197 quae
682 1120 837 1197 inprobari
859 1141 920 1181 non
942 1123 1077 1199 possent,
1101 1123 1183 1182 aetas

162 1209 295 1285 primum
321 1212 352 1268 et
379 1211 512 1287 eorporis
539 1211 636 1269 forma
664 1211 695 1268 et
721 1209 814 1270 fortia
841 1210 905 1271 eius
933 1211 1029 1287 faeta,
1055 1212 1112 1272 hoe
1139 1213 1185 1271 est

120 1314 145 1354 ro
161 1298 292 1374 probata
308 1298 407 1359 virtus
424 1301 457 1358 in
473 1300 611 1377 plurimis
623 1299 785 1376 triumphis
800 1301 831 1359 et
852 1300 965 1379 gloriis.
996 1301 1071 1360 haee
1088 1300 1185 1378 ipsius

161 1389 287 1447 inerunt
308 1386 444 1466 propria,
467 1408 545 1464 quae
564 1388 674 1449 diversi
696 1388 886 1448 mirabantur
904 1392 935 1450 et
957 1389 1100 1450 dolebant
1121 1408 1184 1451 esse

162 1479 344 1554 contempta.
368 1497 434 1537 eoee
448 1481 533 1537 extra
546 1479 660 1554 ipsum,
677 1480 780 1537 tamen
794 1478 833 1536 ad
851 1497 919 1538 eum
937 1480 1054 1557 generis
1066 1479 1184 1538 ratione

161 1566 359 1644 pertinentia:
380 1568 469 1642 huno,
491 1568 602 1643 inquit,
625 1566 710 1627 atavi
731 1586 829 1645 reges:
853 1569 907 1645 qui
928 1567 1049 1646 regibus
1072 1569 1182 1646 gaude-

160 1657 215 1715 bat
241 1658 322 1715 retro
353 1656 519 1716 maioribus
550 1676 611 1716 non
643 1656 747 1716 debuit
777 1656 850 1716 reiei
881 1659 916 1717 ut
943 1656 1099 1735 indignus,
1131 1657 1184 1717 sed

117 1759 143 1798 rs
161 1747 308 1821 praeponi
331 1745 436 1805 ceteris
461 1748 492 1805 et
514 1745 659 1823 praeferri
681 1747 712 1806 et
730 1747 778 1805 vel
795 1747 924 1806 maxime
943 1747 969 1805 ie
989 1747 1043 1822 qui
1060 1746 1182 1806 virtutis

162 1854 234 1894 suae
256 1835 390 1911 plurima
413 1835 549 1911 exempla
570 1838 776 1895 monstrasset.

233 1924 318 1982 Duos
341 1924 462 1983 Tereos
484 1925 611 1983 Rutulos
634 1925 744 1984 animis
767 1925 931 1984 audaeibus
948 1926 1051 1999 inplet,
1071 1923 1183 1985 Allecto
1193 1934 1245 1984 475

162 2015 194 2071 ie
209 2014 338 2072 Teuoros
348 2013 457 2088 Styqiis
470 2031 502 2072 se
520 2015 643 2074 mosot
655 2014 728 2074 olis:
741 2016 940 2093 posteaquam
949 2015 1043 2075 Furia
1049 2015 1183 2075 Turnum

161 2104 306 2162 excitavit
327 2103 360 2162 in
382 2103 507 2178 bellum,
531 2107 623 2180 atque
645 2105 691 2164 ita
709 2103 824 2163 utiam
846 2123 906 2163 non
925 2106 1021 2181 solus,
1044 2105 1097 2165 sed
1115 2124 1183 2165 oum

115 2207 143 2248 se
161 2194 224 2252 suis
248 2192 432 2253 desideraret
454 2192 546 2268 exire,
567 2194 694 2268 reliquit
710 2192 820 2253 bellioa
838 2193 1057 2271 disponentem,
1081 2194 1184 2254 debuit

160 2282 241 2341 euim
265 2282 358 2341 etiam
381 2282 505 2342 alterius
528 2282 624 2360 partis
642 2284 746 2359 quieta
763 2283 893 2343 turbare¹
940 2283 1065 2360 proinde
1084 2283 1182 2344 evola-

160 2373 208 2431 vit
231 2370 373 2431 adversus
397 2371 540 2447 Teucros,
562 2371 667 2431 uthis
692 2391 811 2448 quoque
835 2391 909 2449 quas
932 2374 1034 2448 posset
1055 2373 1182 2432 insidias

159 2460 306 2520 tenderet.
351 2464 414 2519 arte
439 2479 518 2520 eoos
546 2462 697 2535 speoulota
727 2462 833 2531 besem,
864 2479 924 2533 que
954 2462 1035 2520 litore
1059 2461 1183 2534 pulcher

159 2550 281 2608 insidiis
303 2567 448 2624 cursuque
469 2552 551 2624 feros
569 2551 702 2624 apitabot
718 2550 821 2609 Iulus:
843 2549 969 2609 nocendi
987 2549 1101 2609 artibus
1120 2549 1183 2608 feta

116 2652 142 2692 tt
160 2659 197 2698 ex
221 2638 376 2699 occasione
395 2638 524 2716 arripuit
545 2643 665 2716 tempus
689 2641 720 2698 et
741 2639 840 2698 loeum
863 2638 895 2698 in
919 2657 977 2715 quo
995 2639 1080 2698 Iulus
1104 2638 1183 2698 feras

159 2727 279 2788 insidiis
308 2727 446 2806 agitabat
472 2731 504 2788 et
530 2747 628 2788 eursu.
674 2746 778 2788 oursus
805 2729 937 2805 pertinet
965 2727 1003 2787 ad
1030 2746 1122 2805 equos
1153 2731 1184 2788 et

161 2837 265 2892 sanes,
283 2817 412 2877 insidiae
431 2821 532 2877 autem
550 2817 589 2877 ad
606 2818 692 2875 retia.
723 2817 770 2875 ieie
787 2818 916 2877 subitam
934 2818 1057 2877 canibus
1069 2818 1184 2877 rabiem

161 2908 282 2981 Cocytia
303 2908 385 2981 sirpo
408 2908 495 2966 obibit
511 2911 538 2965 ei
554 2910 621 2965 noto
639 2907 725 2965 noris
744 2907 882 2981 ooetiepit
899 2907 998 2977 odore,
1016 2912 1050 2966 ot
1067 2916 1246 2967 adamasse

161 2997 298 3056 ardentes
321 2999 453 3070 operest:
484 2996 524 3055 ad
550 2996 720 3055 naturalem
747 2996 862 3055 rabiem
889 3016 996 3056 eanum
1019 3016 1080 3073 qua
1103 2996 1182 3056 feras

116 3098 143 3137 ³0
160 3086 302 3163 persequi
324 3084 445 3145 fuerant
467 3086 550 3145 soliti
571 3085 710 3146 nocitura
736 3085 827 3145 Furia
853 3086 964 3146 adieeit
988 3088 1184 3164 augmentum

161 3194 210 3250 ae,
237 3193 276 3234 ne
299 3174 412 3233 animal
435 3178 581 3251 oportune
607 3175 809 3234 neeessariam
831 3175 931 3235 minus
955 3175 1077 3235 obvium
1103 3173 1183 3233 oani-

235 3369 250 3417 1
264 3363 323 3432 ipse
336 3362 519 3431 impellebatV
533 3363 577 3417 ed.
591 3364 655 3431 ipso
667 3364 686 3417 i.
701 3380 760 3417 nos.
826 3368 842 3416 3
860 3363 950 3430 faeere
959 3360 985 3415 V
995 3361 1123 3429 potiosf.
1139 3360 1183 3415 ed.

160 3442 178 3489 4
192 3440 317 3490 ooootsms
331 3441 357 3488 et
369 3432 529 3488 inoidmnV
542 3435 572 3488 oi
585 3441 611 3488 et
623 3451 685 3488 uem
699 3441 771 3489 meto
785 3434 828 3487 ed.
876 3434 1041 3488 'tissimum
1054 3431 1080 3485 V
1093 3449 1125 3485 -o
1138 3432 1183 3487 ed.

162 3512 196 3561 11
223 3507 363 3561 miranter
388 3511 414 3560 et
438 3506 567 3560 dolebant
583 3503 610 3558 V
632 3506 807 3560 mirabuntur
831 3511 856 3559 et
878 3505 904 3558 d.
929 3502 972 3556 ed.
1053 3508 1086 3557 14
1111 3509 1184 3559 retro

161 3595 216 3632 om.
237 3577 281 3633 ed.
356 3582 389 3631 15
412 3584 445 3631 ot
466 3584 491 3631 et
513 3578 633 3631 maxime
650 3575 677 3630 V
695 3582 722 3631 et
738 3594 773 3630 m.
793 3575 837 3629 ed.
857 3581 882 3630 et
899 3575 941 3630 oei
958 3591 995 3629 m.
1012 3590 1075 3629 nes.
1102 3574 1115 3646 l
1141 3576 1189 3629 bis

161 3651 211 3717 qai
228 3647 261 3701 V,
319 3653 356 3700 28
371 3649 460 3702 locem
477 3665 536 3717 qua
556 3647 616 3706 Vl.
632 3664 687 3721 quo
705 3646 775 3705 libri
791 3647 882 3723 Verg.
943 3652 985 3704 ‘tt
1001 3648 1064 3717 fetu
1080 3664 1143 3702 orn.
1158 3644 1210 3699 eb.

151 3722 188 3769 29
203 3719 334 3770 numerale
354 3716 382 3770 V.
