2725 4150
527 325 782 381 musmosxn
1098 332 1163 398 593

145 493 240 555 tribus
259 496 406 572 aptemus.
437 495 548 554 transit
565 494 604 554 ad
622 495 752 556 aliorum
770 515 883 555 necem:
902 496 980 555 buuc
994 515 1165 573 mupressus

145 584 278 644 abana.
314 602 376 643 non
397 584 477 643 hunc
503 588 534 644 et
555 585 634 643 hunc
661 603 836 663 congressus
864 585 986 661 occidit,
1016 587 1068 647 sed
1095 607 1164 648 con-

143 691 262 751 gressus
283 672 366 733 dedit
383 672 449 732 neci
467 674 546 733 hunc
563 677 595 733 et
611 674 699 733 hunc.
728 674 802 734 dicit
819 675 878 733 iam
900 676 1061 750 quomodo:
1079 677 1164 736 illum

143 764 273 822 ualuas:
295 762 424 822 alterum
441 762 619 837 comminus,
641 764 698 823 hoc
721 768 879 824 estunam
897 765 1013 842 gladio,
1036 767 1164 826 alterum

115 853 232 913 ahasta
261 851 381 927 deiecit,
410 852 496 911 ambo
523 852 725 922 Imbrasidas,
758 853 905 913 Glaucum
932 858 1018 926 alque
1043 855 1165 916 Ludere:

141 940 271 1002 Irnbrasi
290 940 369 1000 filios
387 938 534 1001 Glaucum
552 944 583 1000 et
599 940 711 1000 Laden.
744 942 900 1003 ordinatur
922 961 1026 1003 sensus
1050 946 1105 1018 sic,
1129 949 1166 1005 ut

140 1031 249 1106 plenus
275 1029 446 1090 intellectus
478 1032 635 1107 appareat:
670 1032 757 1091 ambo
787 1031 981 1107 Imbrasidas,
1017 1031 1165 1093 Glaucum

141 1126 234 1196 atque
266 1118 383 1194 Laden,
414 1119 494 1179 huno
525 1137 700 1198 congressus
733 1124 764 1180 et
791 1121 883 1196 hunc,
918 1122 1006 1180 illum
1039 1125 1164 1198 eminus,

140 1209 272 1268 alterum
302 1209 480 1284 comminus,
512 1210 578 1268 neci
607 1208 699 1270 dedit.
744 1210 825 1286 quod
856 1210 936 1269 enim
966 1229 1057 1287 supra
1089 1213 1165 1273 dixit

95 1319 121 1358 ro
139 1299 286 1374 „iamque
307 1297 375 1357 neci
397 1297 628 1375 Sthenelumque
652 1298 735 1358 dedit
756 1300 998 1376 Thamyrumque
1022 1301 1163 1362 Pholum-

140 1385 232 1465 que“,
255 1387 348 1446 etiam
370 1387 409 1447 ad
431 1387 559 1447 Imbrasi
581 1387 659 1447 tilios
682 1390 812 1465 pertinet
833 1387 981 1449 Glaucum
1004 1393 1034 1449 et
1051 1390 1163 1466 Laden,

140 1495 269 1553 quorum
290 1475 388 1553 primo
407 1475 484 1535 dixit
506 1495 608 1537 necem
625 1495 689 1536 esse
706 1477 871 1553 perfectam
887 1482 918 1537 et
936 1478 1041 1539 dehinc
1059 1498 1165 1539 eorum

139 1569 259 1643 patrem
291 1565 467 1625 nominavit.
512 1583 584 1639 quos
614 1565 770 1627 Imbrasus
801 1569 864 1641 ipse
893 1569 1039 1628 nutrierat
1067 1569 1164 1643 Iajcia

118 1655 321 1729 partiamur
342 1659 501 1714 uuaeaat
522 1656 630 1714 umis:
652 1655 729 1714 dixit
750 1658 872 1715 nomina
895 1659 1042 1734 ipsorum,
1066 1657 1163 1736 desig·

92 1762 120 1804 re
138 1745 227 1804 navit
240 1747 272 1803 et
284 1763 451 1820 numerum,
464 1744 560 1822 patris
574 1748 605 1804 et
617 1745 749 1822 regionis
763 1747 897 1822 ipsorum
911 1765 1019 1807 nomen
1034 1746 1164 1806 ostendit

139 1836 170 1892 et
193 1833 446 1910 quemadmodum
468 1834 530 1893 sint
551 1835 660 1893 nutriti
682 1838 773 1911 atque
797 1835 888 1894 armis
907 1836 1030 1913 paribus
1052 1838 1164 1895 muniti

138 1921 323 1983 viderentur.
368 1923 491 1998 exponit
519 1922 582 1982 iam
614 1923 687 1999 qm'd
719 1924 759 1983 sit
790 1925 971 2001 paribusque
1004 1929 1164 1986 ornaverat

139 2012 246 2072 armis:
263 2011 311 2070 ael
328 2012 459 2085 conferre
475 2030 599 2071 mauuea
616 2014 661 2071 ael
679 2030 750 2087 equo
764 2018 949 2087 praeuertere
966 2019 1079 2076 aeuus:
1096 2017 1225 2094 ipsa345

139 2104 227 2162 erant
243 2102 332 2179 paria
354 2120 454 2177 arma,
476 2104 513 2161 ut
535 2102 622 2161 ambo
645 2105 768 2163 nossent
785 2103 926 2183 congredi
948 2104 1079 2181 pedestri
1102 2126 1162 2166 cer-

93 2210 121 2251 ac
137 2192 266 2267 tamine,
286 2190 373 2250 ambo
392 2211 428 2249 ex
446 2208 525 2267 equo
544 2210 686 2269 pugnare.
713 2197 801 2265 parte
819 2194 882 2252 alia
899 2194 997 2253 media
1014 2195 1162 2255 Ebemedes

138 2282 172 2340 iu
197 2280 315 2354 proelia
343 2281 446 2353 fertur,
477 2282 591 2354 euticiae*
618 2281 718 2354 proles
748 2282 819 2340 bello
841 2283 1003 2354 praeclara
1027 2284 1161 2354 Dolonis,

138 2370 257 2429 nomia
284 2387 374 2428 auum
400 2372 542 2443 refereris,
573 2372 672 2429 auimo
699 2372 892 2443 manibusque
915 2377 1080 2445 parentem,
1112 2375 1163 2446 qui

138 2458 297 2533 puoudaru,
312 2462 411 2518 ecura
427 2462 462 2517 ut
473 2459 619 2518 Dauauen
636 2460 800 2533 speculator
814 2460 917 2529 adiret,
936 2479 1029 2520 ausus
1042 2462 1162 2521 Pelidae
1171 2475 1224 2525 350

134 2549 266 2621 pretium
283 2548 341 2606 sibi
354 2564 474 2621 poscere
493 2565 613 2608 currus:
635 2547 746 2608 dicitur
769 2551 853 2628 origo
876 2549 964 2609 istius
987 2553 1018 2610 et
1038 2556 1163 2627 propter

97 2654 122 2695 as
138 2637 261 2714 plenam
274 2655 418 2713 personae
433 2636 632 2715 cognitionem
646 2640 780 2715 parentis
795 2658 914 2715 quoque
933 2640 997 2699 eius
1015 2641 1162 2717 repetitur

139 2726 258 2801 fabula,
287 2724 382 2802 ipsius
412 2727 491 2785 enim
519 2730 605 2804 gesta
630 2730 806 2803 nouantur,
837 2729 931 2803 filius,
960 2730 1073 2805 inquit,
1103 2732 1163 2789 fuit

139 2815 268 2876 Dolonis
286 2815 447 2890 Eumedes,
469 2816 610 2875 Eumedis
634 2835 740 2892 nepos,
763 2819 872 2876 summi
894 2818 952 2877 viri
975 2821 1006 2877 et
1027 2819 1058 2878 in
1083 2820 1161 2879 bello

138 2904 359 2980 probatissimi,
384 2923 443 2964 non
466 2905 579 2965 minore
601 2906 723 2965 virtutis
745 2905 851 2966 robore
874 2910 956 2983 patri
977 2909 1160 2986 progenitus.

211 3076 320 3129 titum
336 3074 478 3129 lemmatis
497 3074 560 3129 finis
579 3075 648 3129 inv
666 3076 747 3130 illum
765 3079 871 3132 emireus
890 3078 955 3131 add.
971 3079 1014 3133 ed.
1079 3081 1161 3134 dde-

138 3148 202 3203 ieca't
215 3146 241 3201 V
255 3146 282 3202 d.
296 3148 402 3203 emireus
420 3146 494 3202 edF:
515 3146 584 3201 Don.
599 3149 826 3203 tuuc—emiuus
844 3149 881 3202 ad
895 3151 975 3204 aaebc
988 3151 1161 3207 Imbrasidas

138 3217 229 3273 trahit
251 3216 338 3274 semel
360 3217 458 3288 legens
480 3220 586 3273 emiuus
607 3235 669 3273 cum
690 3218 860 3287 quibusdam
878 3220 962 3290 Verg.
981 3220 1074 3288 libris,
1093 3222 1160 3277 inde

138 3289 211 3344 illud
230 3304 316 3357 supra
333 3291 435 3344 traresd
453 3289 627 3344 eduliorum
644 3308 729 3346 neces.
803 3297 819 3346 6
843 3292 991 3346 ordiuutur
1002 3324 1035 3333 —
1052 3298 1068 3346 8
1088 3294 1161 3349 buuc

139 3378 192 3415 om.
215 3360 259 3414 ed.
332 3365 530 3431 8coupressus
553 3368 592 3415 est
612 3361 638 3414 V
657 3363 700 3416 ed.
724 3380 746 3417 e.
770 3369 795 3417 et
817 3380 875 3417 nos.
907 3363 910 3435 l
944 3365 1017 3418 tuuc
1040 3380 1093 3417 om.
1116 3366 1159 3420 ed.

139 3437 173 3486 10
199 3432 637 3501 stelcurmeque—bamyrumque
666 3434 812 3502 poluraque
835 3434 867 3487 V.
955 3440 988 3488 18
1020 3437 1084 3503 ipsa
1116 3438 1159 3490 ed.

139 3508 173 3558 14
190 3509 353 3559 meamet
370 3505 399 3558 et
416 3502 492 3556 infra
511 3503 554 3557 ed.
628 3510 661 3559 16
680 3511 746 3559 suut
764 3505 806 3559 cd.
836 3505 839 3576 Ι
868 3507 966 3559 uouiti
983 3507 1121 3561 videretur
1134 3508 1160 3562 V

140 3590 208 3629 corr.
223 3574 267 3628 ed.
318 3575 462 3628 20iuedia
474 3590 526 3641 pro
539 3575 631 3629 media
644 3576 678 3630 V.
729 3581 762 3629 25
778 3582 926 3644 pareutum
940 3576 1019 3630 Ved.
1036 3582 1161 3646 pareatis

139 3662 188 3701 nos
206 3646 324 3714 propter
340 3647 431 3713 ipsius
447 3646 526 3700 enim.
547 3646 552 3718 l
572 3648 716 3717 repellitur
731 3648 805 3704 eds.
858 3653 893 3702 ‘tt
911 3649 1039 3703 euroedes
1049 3650 1173 3713 sepias*

132 3717 270 3770 medea
285 3731 370 3782 nepos
386 3716 431 3770 ed.
508 3723 542 3773 28
558 3724 642 3790 patri
657 3722 682 3779 V
699 3722 748 3780 ed.
765 3728 871 3795 patret

170 3820 231 3859 Dan.
240 3820 339 3871 intersere
349 3823 417 3875 Vera
433 3826 481 3867 vol.
491 3828 525 3869 H.
1012 3830 1058 3881 Ὠ
