2725 4150
556 321 740 378 AENEIDOS
758 319 797 375 XI
1123 321 1189 388 519

169 491 250 550 tione
282 489 374 549 animi
404 493 436 550 et
465 491 503 550 ad
526 509 653 567 poenam
675 489 860 549 destinatum
883 507 920 547 ex
943 487 1095 562 omnibus,
1119 505 1190 563 quo-

169 582 251 639 niam
283 599 362 640 nova
395 581 493 656 specie
524 579 681 638 incedebat
713 581 744 638 st
775 577 857 638 solus
895 576 987 636 altior
1022 577 1094 635 fuit:
1127 579 1192 637 erat

170 672 271 728 autem
290 669 378 728 facile
396 669 488 728 talem
511 671 641 728 sternere
664 668 719 744 qui
741 685 845 727 everso
865 665 984 744 agmine
1002 667 1089 744 terga
1107 684 1191 742 prae·

168 759 282 817 buerat.
333 759 411 818 ferro
438 758 541 818 traicit
572 757 686 833 inquit,
717 757 775 816 hoc
807 759 853 816 est
889 756 933 816 sic
964 756 1098 815 nescium
1125 775 1191 832 per-

139 865 150 904 s
169 848 276 922 cussit,
298 850 334 906 ut
356 867 442 906 omne
466 848 576 906 ferrum
601 864 785 922 percorpus
813 846 880 905 eius'
904 844 1002 904 eundo
1025 844 1191 905 transisset

170 941 196 995 et
217 954 306 1010 super
327 937 398 996 boec
419 938 537 996 inimico
560 939 676 1010 pectore
701 935 800 1008 fatur:
828 933 926 1010 aperit
953 952 1075 993 causam
1101 935 1192 1011 poeta

169 1025 327 1085 ostendens
346 1045 399 1084 cur
422 1045 490 1084 eum
510 1024 639 1086 Camilla
656 1024 689 1082 in
707 1026 795 1084 tante
812 1023 1008 1083 multitudine
1022 1023 1192 1102 fugientum

169 1115 340 1191 specialiter
352 1116 509 1191 persecuta
523 1116 575 1190 sit3
593 1114 770 1174 temerarius
790 1113 869 1174 enim
886 1113 965 1172 bello
985 1131 1048 1174 sese
1066 1113 1190 1173 miscue-

168 1207 217 1264 rat
239 1208 270 1264 et
292 1204 356 1263 eius
378 1203 519 1263 inertiam
542 1223 695 1263 armorum
719 1202 851 1280 qualitas
874 1202 1112 1279 demonstrabat,
1142 1203 1191 1262 de-

123 1315 150 1353 ro
168 1294 236 1352 buit
262 1293 359 1371 igitur
384 1293 458 1353 belli
485 1294 594 1353 sentire
621 1295 766 1354 virtutem
794 1293 846 1369 qui
877 1291 1039 1353 arbitratus
1062 1295 1191 1353 estnon

168 1401 353 1442 emersurum
380 1402 562 1459 quemquam
592 1402 610 1442 a
638 1399 697 1458 quc
728 1385 830 1458 posset
852 1380 957 1442 occidi.
1002 1401 1073 1460 ergo
1097 1382 1191 1442 animi

169 1474 216 1531 sui
229 1473 459 1531 commotionem
474 1471 603 1532 (tamilla
617 1474 648 1531 st
660 1471 848 1532 iracundiam
862 1472 992 1548 pectoris
1006 1472 1053 1531 bis
1067 1472 1191 1532 vocibus

168 1560 261 1620 fudit:
290 1562 373 1620 ulcis
397 1565 435 1630 te,
460 1562 621 1636 Tprrbeue,
644 1563 727 1634 feres
750 1562 863 1636 aptiore
886 1561 1020 1635 putasti?
1058 1560 1191 1620 nesciens

170 1650 298 1710 Camilla
322 1650 402 1726 quod
421 1649 554 1710 Ornatus
569 1651 719 1710 diceretur
737 1650 835 1729 gentis
854 1669 923 1710 eum
940 1651 1061 1709 nomine
1080 1649 1191 1728 arguit,

123 1740 199 1798 15111
223 1758 282 1816 quo
305 1758 396 1817 greve
420 1740 518 1800 voluit
540 1758 604 1800 esse
628 1739 804 1799 convicium,
855 1738 982 1815 denique
1014 1738 1057 1800 sic
1087 1757 1191 1799 exorsa

168 1832 226 1888 est:
245 1831 384 1905 apparet,
402 1830 514 1906 inquit,
532 1832 617 1904 tuae,
636 1828 803 1905 Tyrrhena,
821 1829 919 1906 gentis
937 1830 1071 1904 vanitas3
1089 1830 1191 1888 ratum

168 1919 279 1994 quippe
310 1921 340 1977 te
370 1921 489 1978 constat
517 1937 577 1978 non
605 1922 710 1978 contra
736 1918 870 1978 homines
897 1919 954 1993 ire,
982 1919 1035 1978 sed
1057 1919 1137 1978 feras
1160 1920 1192 1977 et

167 2027 227 2067 non
245 2008 277 2065 in
296 2027 436 2085 campum
454 2011 508 2068 aut
525 2008 651 2083 bellum,
670 2006 723 2066 sed
741 2008 774 2066 in
788 2006 878 2068 silves
893 2006 1021 2068 venandi
1034 2007 1190 2085 voluptate

167 2096 353 2157 contendere.
408 2099 527 2157 edocuit
558 2100 608 2171 qui
638 2101 737 2158 cestre
773 2098 835 2157 dies
870 2098 1061 2158 muliebribus
1097 2099 1191 2157 ermis

123 2205 149 2244 so
167 2188 257 2245 uerbo
288 2188 489 2261 rederpueret:
521 2187 645 2248 advenit
676 2187 753 2262 dies,
786 2186 837 2263 qui
870 2187 962 2247 armis
993 2187 1189 2247 muliebribus

167 2280 269 2336 vestra
291 2276 486 2354 redargueret
504 2277 604 2338 verba.
632 2276 704 2337 talis
723 2294 776 2337 vos
799 2275 848 2335 vel
865 2293 946 2334 nunc
964 2294 1027 2336 esse
1046 2294 1189 2353 cognosce

168 2383 243 2442 quos
266 2366 406 2425 mulieres
430 2369 584 2442 superent,
606 2365 746 2425 mulieres
770 2364 914 2425 occidant.
964 2381 1070 2423 nomeu
1092 2368 1190 2424 tameu

166 2456 239 2513 baut
253 2454 312 2512 lece
326 2459 450 2527 potrum
463 2457 602 2514 monibus
615 2455 667 2513 boe
680 2456 798 2527 referes,
813 2454 866 2513 telo
881 2453 1017 2513 cecidisse
1032 2452 1190 2513 Camillae:

166 2545 234 2619 ipsa
249 2563 302 2620 per
315 2544 502 2603 iracundiam
515 2545 628 2604 factum
642 2562 730 2603 suum
744 2543 890 2622 depressit
904 2542 1028 2602 dicendo
1047 2563 1190 2621 magnum

122 2649 148 2689 ss
167 2652 230 2693 esse
264 2632 389 2693 dedecus
423 2633 513 2693 armis
545 2632 742 2693 muliebribus
774 2633 855 2693 viros
887 2632 1071 2693 occumbere.
1122 2632 1190 2709 ipsa

166 2724 277 2781 iterum
304 2741 373 2781 cum
399 2722 530 2797 veneria,
552 2722 668 2799 inquit,
697 2722 735 2781 ad
757 2724 917 2799 parentum
939 2724 1061 2781 tuorum
1082 2721 1190 2798 manis,

167 2811 361 2871 comitabitur
393 2814 424 2871 te
455 2812 559 2889 magni
593 2811 724 2870 nominis
760 2812 842 2871 fame
880 2812 998 2887 erisque
1035 2810 1189 2871 dissimilis

167 2902 286 2976 ceteris,
310 2900 390 2977 quod
419 2899 563 2961 Camillae
586 2900 708 2960 dextera
730 2899 837 2959 diceris
861 2900 983 2960 cccmus.
1032 2901 1107 2960 haec
1129 2919 1189 2960 non

167 3010 198 3049 se
217 2993 405 3068 expugnant,
425 2990 477 3050 sed
496 2990 556 3050 duo
575 2989 793 3049 admirabiliter
810 2990 922 3065 tenuit3
946 2990 990 3050 eit
1004 2991 1083 3049 enim
1096 2990 1188 3050 hebes

121 3096 147 3135 so
165 3079 331 3138 maximum
349 3080 469 3155 crimen,
488 3079 568 3156 quod
587 3080 700 3139 femina
717 3078 775 3138 tibi
792 3078 899 3139 intulit
915 3081 1052 3155 mortem,
1071 3078 1190 3139 laudem

166 3188 237 3229 vero
269 3169 436 3244 meliorem,
469 3168 548 3247 quod
582 3167 718 3230 Camilla.
773 3169 912 3242 protinus
946 3167 1128 3228 Orsilochum
1163 3172 1251 3229 eleae

165 3259 281 3328 Buteu,
306 3259 364 3319 duee
385 3259 518 3319 maxime
542 3260 688 3318 Teucreuu
710 3275 847 3332 corpore:
874 3257 1036 3318 laudantur
1061 3257 1127 3334 isti,
1155 3261 1190 3318 ut

240 3436 253 3483 1
276 3447 360 3498 quum
381 3447 410 3484 u.
428 3446 469 3498 sp.
488 3430 623 3485 incederet
645 3428 689 3483 ed.
763 3434 915 3484 tatemere
933 3427 1020 3497 quiV
1038 3429 1190 3485 discernere

166 3501 297 3570 quiaed.
348 3501 579 3557 ScitVeeted.
631 3506 664 3554 14
683 3499 859 3556 eumVeum
873 3516 941 3555 corr.
957 3499 1027 3555 edl‘.
1079 3505 1113 3553 1e
1132 3506 1189 3571 upr-

165 3574 267 3627 rbeuce
280 3571 306 3626 V
320 3589 374 3628 cm.
389 3572 433 3627 ed.
496 3578 529 3627 22
548 3572 674 3627 mulieres
692 3578 820 3642 supereut
839 3588 892 3625 om.
907 3571 950 3626 ed.
1013 3577 1047 3627 ab
1065 3573 1188 3629 mulieri-

166 3642 258 3698 busV
276 3661 345 3698 corr.
365 3644 408 3699 ed.
481 3649 515 3698 27
538 3660 642 3714 meque
664 3643 707 3698 ed.
781 3648 815 3697 28
838 3644 964 3699 dexterae
984 3642 1010 3697 V
1028 3659 1097 3699 corr.
1117 3643 1185 3717 cdl

167 3715 272 3769 dicaris
286 3713 312 3768 V
325 3715 369 3770 ed.
443 3720 477 3769 29
496 3713 677 3786 eepupuetV
696 3720 831 3786 eeprupat
849 3713 919 3771 edF.
