2725 4150
536 329 800 387 nnnnroosvm
1118 333 1182 399 123

158 504 315 568 secantem,
341 502 492 559 caeruleas
515 502 649 575 ibybris,
673 501 752 560 caclo
773 500 962 574 arctissimas
984 500 1090 557 amnis.
1122 517 1183 558 non

159 589 342 667 adroganter
364 590 467 668 tetigit
489 590 592 650 laudea
612 608 691 663 suas,
710 588 761 649 aed
780 590 958 663 necessarie,
981 588 1086 648 debuit
1104 589 1183 647 enim

159 679 277 737 Aeneas
292 678 460 738 multifario
475 679 563 739 modo
578 680 646 756 quis
659 679 712 737 ille
727 682 805 738 esset
823 676 1017 737 consiliorum
1034 677 1182 736 bonorum

159 769 418 829 commodissimus
442 768 663 828 demonstrator
685 768 839 828 evidenter
862 767 1029 842 attendere,
1056 769 1092 826 ut
1114 786 1182 826 con·

127 858 291 918 asiderato
309 861 463 917 tantorum
483 861 605 918 auctore
625 857 775 917 dictorum
797 858 902 916 fideret
924 874 995 916 vera
1018 873 1081 915 esse
1104 874 1183 931 quae

159 947 278 1007 viderat
297 949 387 1022 atque
412 946 534 1008 auribus
558 950 736 1024 sumpserat.
768 948 815 1005 bic
837 947 908 1005 mibi
930 962 1043 1019 maana
1065 946 1227 1004 damasso

157 1038 208 1097 hic
236 1036 294 1108 ait,
322 1054 501 1111 commoror,
530 1038 578 1097 hic
606 1036 791 1097 domicilium
818 1036 928 1109 habeo,
955 1036 1004 1094 bic
1032 1035 1108 1093 dixit
1130 1034 1183 1093 ubi

158 1126 349 1202 loquebatur.
403 1127 486 1185 celsis
512 1131 601 1200 caput
627 1127 752 1185 orbitas
782 1127 853 1184 enit:
883 1125 1042 1203 originem,
1073 1125 1183 1201 inquit,

159 1234 230 1275 vero
255 1217 286 1273 et
309 1217 402 1291 caput
423 1214 504 1275 inter
527 1217 657 1275 excelsas
680 1214 764 1275 urbis
787 1214 890 1273 habeo.

113 1321 141 1360 ro
231 1306 330 1371 Dixit,
354 1305 458 1362 deinde
482 1306 549 1363 Iaca
571 1307 682 1376 flavias
705 1321 736 1363 se
758 1304 888 1362 condidit
910 1303 968 1361 alto
990 1304 1053 1361 ima
1065 1306 1184 1375 pateas:

159 1393 249 1453 rediit
276 1392 314 1451 ad
340 1394 440 1453 sedem
468 1394 623 1471 propriam
650 1412 798 1470 aquarum
825 1391 975 1468 profundo
1004 1391 1183 1467 submersus,

159 1503 227 1543 cum
250 1502 285 1540 ea
304 1484 471 1557 complesset
489 1503 566 1558 quae
585 1483 761 1543 instruendo
779 1483 844 1541 viro
862 1482 985 1539 fuerant
1006 1481 1183 1539 necessaria.

158 1590 218 1631 aaa
235 1570 359 1629 Aeaeaa
382 1590 558 1644 saaaasqac
579 1574 711 1645 reiiaait:
733 1571 810 1630 nihil
833 1569 957 1629 celerius
980 1569 1040 1628 dici
1063 1570 1111 1629 vel
1135 1569 1183 1627 de-

159 1660 251 1721 scribi
279 1659 392 1737 potuit,
422 1665 458 1721 ut
486 1662 610 1721 Aenean
637 1661 880 1738 expergefactum
910 1661 941 1718 et
969 1661 1087 1718 noctem
1114 1676 1182 1717 con·

112 1765 140 1805 rs
160 1752 313 1825 sumptam
345 1769 408 1809 esse
443 1753 626 1810 monstraret
661 1753 841 1826 tantumque
878 1748 1002 1807 Aenean
1039 1749 1183 1806 dormisse

162 1842 309 1915 quantum
333 1838 380 1897 dei
405 1841 630 1900 commonitioni
653 1841 776 1898 suffecit.
822 1838 923 1916 potuit
951 1838 1031 1897 enirn
1057 1836 1122 1895 fieri
1149 1839 1184 1895 ut

161 1930 232 1986 ante
255 1928 350 1987 lucem
373 1930 472 1988 media
495 1934 582 1989 nocte
605 1929 770 2008 vigilasset.
816 1928 948 1987 reddidit
974 1930 1065 2004 poeta
1088 1927 1182 1986 totius

160 2016 257 2077 noctis
275 2017 437 2078 rationem:
456 2018 488 2077 in
506 2019 604 2096 prima
622 2022 709 2096 parte
728 2019 870 2097 vigilavit
883 2018 1001 2079 Aeneas
1021 2019 1182 2094 occupatus

160 2108 239 2167 curis
262 2108 445 2184 ingentibus,
464 2109 571 2168 dehinc
594 2110 748 2169 transacto
771 2128 832 2167 non
855 2127 948 2185 parvo
968 2108 1067 2185 spatio
1086 2107 1183 2166 noetis

114 2211 141 2250 ro
160 2196 294 2255 eiusdem
330 2197 453 2256 dormiit
489 2200 666 2258 necessitate
702 2199 837 2257 naturali
873 2199 1043 2274 conpulsus.
1103 2197 1184 2272 quod

159 2287 259 2362 ipsum
288 2287 409 2345 videtur
439 2307 498 2346 non
529 2289 592 2348 sine
622 2287 745 2347 numine
775 2290 981 2364 procuratum,
1010 2290 1047 2344 ut
1075 2286 1183 2345 divinis

160 2375 312 2434 adfatibus
340 2376 450 2435 instrui
473 2381 574 2453 posset
597 2381 628 2438 et
649 2379 712 2437 iam
735 2379 867 2437 securior
888 2376 982 2436 reddi.
1029 2375 1075 2433 fas
1104 2374 1184 2432 enim

160 2484 219 2524 non
251 2465 313 2523 fuit
344 2469 379 2523 ut
408 2485 475 2525 oum
503 2467 649 2545 vigilante
673 2467 745 2526 deus
768 2467 949 2542 loqueretur.
995 2464 1066 2521 dum
1088 2464 1184 2540 igitur

159 2555 253 2614 tantis
283 2554 371 2613 rebus
402 2555 575 2630 instruitur,
605 2559 705 2617 totrrm
727 2557 823 2615 noctis
850 2558 969 2630 tempus
992 2551 1107 2612 effluxit
1130 2570 1184 2610 neo

113 2655 141 2696 ²5
159 2646 313 2702 transacta
332 2647 378 2703 est
394 2645 469 2704 hora
483 2666 544 2721 qua
562 2647 672 2705 Iunoni
689 2645 789 2704 iussus
809 2645 908 2703 fuerat
921 2645 993 2703 vota
1006 2640 1184 2718 persolvere.

159 2735 254 2807 saepit
281 2737 306 2791 ct
330 2734 450 2792 aetherii
477 2740 611 2807 spectans
638 2736 764 2794 orientia
791 2735 861 2792 salis
889 2733 1003 2792 lamina
1025 2731 1080 2789 rite
1103 2731 1184 2790 aava

159 2824 273 2881 andam
291 2823 326 2880 de
344 2824 466 2893 dantiae
477 2825 592 2896 palmis
605 2826 729 2883 sastiact
743 2841 778 2882 aa
792 2824 861 2881 talis
875 2822 999 2895 effaadit
1012 2821 1053 2880 ad
1067 2821 1184 2879 aethera
1194 2824 1227 2873 ‘10

159 2928 258 2970 cacas:
282 2912 424 2987 quoniam
448 2917 626 2990 consumpta
645 2915 745 2972 fuerat
762 2931 830 2987 nox,
849 2911 979 2971 surrexit
997 2912 1028 2969 et
1046 2913 1183 2986 spectans

160 3003 261 3058 ortum
287 3000 388 3077 ipsum
417 3002 501 3076 solis,
524 3003 581 3063 hoc
609 3008 655 3063 est
681 3004 816 3076 intuens,
838 3004 988 3061 recentem
1010 3001 1124 3060 undam
1147 3000 1183 3059 de

113 3103 141 3141 ³0
159 3089 282 3147 flumine
305 3090 402 3165 ipsius
422 3093 549 3151 fautoris
574 3093 634 3168 sui,
656 3091 795 3151 manibus
815 3092 940 3151 sustulit
957 3095 988 3151 et
1006 3091 1078 3149 talis
1096 3108 1183 3150 voces

233 3229 247 3276 1
272 3225 391 3280 cerateas
408 3226 441 3279 V.
516 3233 531 3279 2
556 3228 706 3297 adroaaatc
722 3225 748 3279 V
769 3243 838 3280 corr.
858 3226 901 3280 ed.
932 3225 935 3297 t
969 3226 1139 3280 necessariae
1157 3222 1184 3275 V

159 3296 219 3349 -rio
238 3295 281 3348 ed.
357 3303 372 3349 6
396 3299 503 3352 viderat
518 3298 544 3351 V
565 3300 712 3353 audieerat
729 3298 772 3352 ed.
804 3298 807 3369 i
836 3296 981 3352 aasaatV
999 3301 1121 3351 remanat
1139 3294 1183 3348 ed.

160 3367 196 3420 cf.
217 3372 316 3433 ‘1‚505.
388 3370 523 3425 9oeroV
541 3371 600 3437 scra
619 3370 663 3424 ed.
692 3371 695 3442 i
723 3370 809 3424 celsas
827 3369 871 3422 ed.
936 3373 969 3420 12
989 3368 1027 3422 ad
1044 3369 1184 3421 iastraca·

159 3440 226 3492 dam
244 3441 335 3493 airam
354 3442 397 3495 ed.
468 3448 501 3496 16
520 3440 664 3508 sufficitV
681 3441 808 3508 sufficere
821 3441 916 3509 potuit
933 3438 976 3492 ed.
1049 3443 1082 3490 22
1102 3438 1184 3504 affec·

158 3509 276 3565 tibasV
298 3511 341 3565 ed.
368 3513 513 3579 adfatibus
537 3529 587 3566 nos
614 3511 649 3567 cf.
671 3517 714 3566 35.
745 3513 748 3583 i
778 3519 835 3567 tam
856 3511 881 3564 V
904 3513 962 3565 iam
986 3526 1037 3563 nos
1063 3526 1117 3563 om.
1139 3508 1183 3562 ed.

159 3588 195 3635 24
213 3583 329 3637 irretrait
346 3585 390 3638 ed.
417 3585 419 3656 i
447 3591 536 3639 iatam
550 3583 583 3637 V.
657 3588 691 3637 25
710 3585 812 3638 iaaoac
825 3582 858 3636 V.
935 3587 969 3635 26
989 3583 1078 3652 carpit
1095 3581 1184 3636 aetla-

158 3655 211 3708 riis
225 3652 258 3707 V.
321 3659 354 3707 27
375 3655 408 3710 dc
427 3672 481 3709 orn.
496 3656 540 3710 ed.
562 3654 565 3726 4
586 3654 870 3722 sustinet-effundit
882 3652 908 3706 V
925 3653 1184 3721 sustulit-effudit

159 3725 203 3779 ed.
224 3727 269 3794 (ex
287 3724 541 3796 interpretatione).
614 3731 648 3780 29
667 3728 700 3782 de
718 3727 831 3797 flamine
849 3741 906 3783 om.
919 3724 967 3780 ed.
