2725 4150
535 291 718 348 luuamos
736 290 775 345 XI
1098 293 1165 360 453

147 460 239 521 armis
262 461 378 538 positus
401 481 462 520 non
485 457 601 534 audivi,
631 460 684 520 sed
705 459 831 537 probavi
858 458 952 520 oculis
982 460 1071 536 meis'3
1098 478 1165 520 con·

147 552 242 629 gressi
265 552 375 628 quippe
396 552 511 628 pariter
533 568 650 624 sumus,
671 548 736 608 vidi
753 548 883 608 hominis
906 551 937 608 et
959 548 1085 626 expendi
1107 550 1166 610 vir·

146 643 251 699 tutem.
296 644 410 714 capulo
433 641 539 699 cedde
560 642 689 712 quantus
715 639 747 697 in
778 639 901 712 clipeum
928 638 1084 713 adsurgat,
1112 654 1167 712 quo

146 731 261 788 turbine
283 733 415 802 torqueat
435 730 566 789 baustum:
595 730 667 789 sunt
694 728 747 805 qni
774 727 817 787 sic
843 727 935 788 istum
958 727 1057 788 locum
1080 746 1168 804 expo·

115 822 233 892 suant,
262 820 350 895 quasi
372 818 530 878 Diomedes
560 836 592 878 se
615 816 697 877 dicat
719 818 873 895 expertum
902 815 987 877 cuius
1016 818 1094 877 esset
1115 817 1167 876 ille

146 908 269 966 virtutis
293 907 409 985 sibique
432 907 611 967 credendum
629 907 683 985 qui
706 907 830 967 dixisset
853 905 1013 981 „stetimus
1036 906 1098 966 tela
1120 924 1167 966 as·

145 1017 218 1073 pera
242 999 347 1056 contra
369 996 609 1073 contulimusque
632 994 770 1057 manns“.
802 995 956 1055 meliorem
975 997 1077 1056 tamen
1100 995 1167 1056 dico

146 1106 208 1146 esse
231 1086 430 1163 intellectum,
458 1086 485 1146 si
507 1085 667 1146 Diomedes
695 1085 804 1163 legatis
831 1086 877 1144 ita
900 1085 1008 1145 dixisse
1031 1084 1168 1146 videatur

146 1178 267 1251 experto
291 1176 413 1252 credite,
446 1179 482 1235 ut
508 1195 584 1252 quae
607 1174 785 1235 dicebantur
806 1173 867 1252 ipsi
889 1174 1069 1252 experiundo
1098 1166 1166 1235 con-

101 1265 307 1341 reprobarent
329 1268 359 1324 et
382 1286 418 1324 ex
436 1265 570 1326 eiusdem
586 1264 705 1324 Aeneae
722 1263 837 1324 bellicis
857 1263 974 1324 actibus
993 1265 1167 1344 colligerent

146 1357 276 1431 quantus
302 1357 380 1415 esset
404 1356 459 1414 aut
483 1353 595 1432 qualis:
620 1355 706 1430 quasi
728 1355 755 1415 si
778 1354 890 1413 diceret
912 1354 968 1413 hoc
987 1353 1068 1430 quod
1081 1355 1166 1415 vobis

144 1445 239 1502 refero
262 1445 370 1504 vestris
393 1444 488 1504 oculis
511 1443 638 1522 probare
661 1443 812 1520 poteritis,
838 1462 907 1505 cum
929 1441 1065 1504 videritis
1089 1462 1166 1520 eum,

146 1535 275 1608 quantus
300 1532 445 1611 adsurgat
473 1533 505 1592 in
534 1533 677 1611 clipeum,
708 1550 768 1610 quo
795 1532 915 1592 turbine
942 1534 1085 1608 torqueat
1114 1533 1166 1592 ha-

145 1626 231 1681 stam.
276 1622 405 1681 turbinis
428 1621 488 1698 vis,
511 1642 588 1700 quae
610 1623 646 1681 fit
668 1641 705 1681 cx
725 1623 883 1699 repentino
905 1622 1095 1699 tempestatis
1118 1641 1166 1679 ex·

100 1731 125 1770 rs
145 1713 226 1785 ortu,
250 1731 342 1789 quam
363 1712 498 1772 violenta
520 1711 574 1786 sit,
597 1730 689 1788 quam
713 1712 798 1771 fortis
821 1710 959 1771 omnibus
983 1712 1090 1770 notum
1112 1713 1166 1773 est.

144 1801 273 1860 turbinis
295 1820 429 1877 rursum,
460 1820 519 1878 quo
542 1799 628 1879 pueri
649 1803 791 1876 utuntur,
821 1804 937 1878 quanta
958 1799 1112 1861 mobilitas
1136 1803 1167 1861 et

144 1889 318 1950 volubilitas
347 1892 461 1966 quanta
488 1889 529 1950 sit
554 1909 609 1950 nec
637 1891 695 1951 hcc
721 1890 870 1950 universis
897 1890 1084 1969 incognitum
1112 1892 1165 1951 est

144 1998 179 2037 ex
198 1978 400 2057 appellatione
417 1979 515 2058 igitur
531 1979 661 2039 turbinis
680 1981 820 2058 cognosci
837 1980 950 2056 potnit,
971 1979 1069 2058 qualis
1088 1984 1166 2041 esset

144 2068 261 2129 Aeneas
288 2067 320 2129 in
348 2069 560 2130 certaminibus
583 2068 708 2131 bellicis.
753 2068 821 2129 ideo
843 2089 904 2130 non
933 2090 1042 2131 nomen
1070 2070 1165 2148 accipi

98 2178 125 2216 so
145 2159 232 2218 debet
245 2162 379 2235 experto,
398 2161 451 2219 sed
469 2159 657 2235 adverbium,
676 2160 725 2219 vel
743 2158 871 2218 maxime
890 2160 964 2236 quia
982 2160 1074 2220 etiam
1087 2161 1166 2220 illud

145 2248 226 2324 quod
249 2248 325 2307 dixit
346 2251 488 2326 torqueat
509 2267 570 2308 non
588 2249 796 2326 praeteritum,
820 2249 872 2308 sed
890 2268 1029 2327 praesens
1047 2251 1165 2326 tempus

145 2337 276 2396 ostendit
302 2338 358 2397 hoc
387 2340 432 2397 est
458 2357 519 2398 non
545 2336 622 2397 illud
650 2357 710 2415 quo
737 2337 769 2396 in
797 2336 888 2397 Troia
915 2341 1084 2416 pugnatum
1112 2340 1166 2414 est,

144 2426 196 2485 sed
219 2426 299 2504 quod
321 2427 480 2505 gerebatur
505 2427 538 2486 in
560 2426 661 2487 Italia.
707 2428 734 2487 si
761 2427 818 2487 uuo
841 2430 1009 2500 praetcrea,
1037 2427 1093 2487 hoe
1109 2421 1227 2488 'essese

144 2519 262 2592 praeter
279 2517 392 2592 ipsum,
410 2517 479 2576 tulis
492 2515 589 2576 Idaea
607 2517 720 2576 tulisset
732 2521 812 2575 terra
824 2517 917 2587 ciros,
936 2519 970 2576 ut
987 2518 1048 2576 tres
1067 2520 1166 2577 essent

97 2625 123 2664 ce
144 2624 212 2663 cum
238 2608 318 2682 ipso,
347 2607 423 2665 ultro
450 2606 594 2665 Inachius
620 2607 747 2665 accuset
772 2606 812 2665 ud
838 2607 922 2665 urbis
943 2606 1111 2665 Dardanus
1141 2610 1166 2665 ct

142 2696 235 2753 cercis
258 2696 365 2769 luperet
389 2694 518 2755 &aena
539 2695 626 2769 fotis:
653 2695 789 2755 Dardani
812 2695 1014 2771 appellatione
1037 2698 1165 2774 gentem,

143 2803 202 2842 non
225 2804 318 2842 unum
338 2784 489 2844 hominem
512 2783 601 2861 dixit3
624 2784 784 2844 Dardanus
808 2783 887 2844 enim
909 2783 1028 2844 Aeneae
1051 2788 1165 2861 tempo·

142 2872 225 2931 ribus
250 2875 280 2932 et
306 2874 369 2932 illis
397 2874 507 2950 quibus
534 2874 567 2932 in
590 2873 680 2933 Troia
707 2876 875 2952 pugnatum
905 2876 951 2933 est
977 2875 1039 2934 iam
1065 2874 1166 2933 fuerat

142 2965 292 3038 mortuus3
319 2965 420 3039 potest
440 2966 543 3023 tamen
565 2965 596 3023 et
618 2963 661 3023 sic
688 2962 786 3023 videri
808 2962 930 3022 dixisse:
960 2962 1068 3040 quodsi
1090 2962 1165 3024 Asia

96 3069 123 3108 eo
142 3052 213 3110 talis
235 3052 291 3111 tris
314 3052 394 3111 viros
416 3052 526 3112 habere
548 3051 710 3130 potuisset,
733 3051 909 3111 Dardanum
926 3054 1024 3129 primo
1044 3051 1164 3113 Graecis

143 3142 276 3215 potuisse
299 3141 408 3201 inferre
426 3140 600 3218 perniciem,
623 3144 659 3200 ut
677 3159 820 3202 conversa
838 3142 1011 3202 condicione
1032 3141 1165 3202 fatorum

217 3331 354 3398 lpositue
367 3330 475 3385 omed.
527 3331 606 3399 equi
613 3329 639 3383 V
653 3330 725 3399 qaod
739 3330 783 3384 ed.
834 3331 1165 3400 supet-cmmemores

143 3400 238 3467 inepte
253 3402 322 3454 mut.
335 3401 390 3455 ed:
406 3400 477 3456 Don.
486 3409 596 3471 eapcrto
610 3402 651 3455 sic
665 3401 758 3471 accipi
770 3400 832 3455 vult
844 3403 877 3455 ut
891 3402 996 3456 dicitur
1009 3402 1163 3471 explorato,

143 3472 256 3539 cognito
276 3474 329 3527 etc.
344 3472 379 3527 cf.
396 3474 529 3528 intellecto
549 3478 662 3541 12,861.
719 3480 751 3528 11
771 3474 797 3528 ai
815 3489 868 3527 om.
883 3472 926 3528 ed.
983 3479 1017 3527 14
1035 3480 1164 3543 tempore-

141 3544 222 3598 state's
236 3543 261 3595 V
276 3550 393 3614 tempore
406 3546 519 3600 aestatis
532 3545 576 3599 ed.
627 3549 662 3599 20
676 3545 743 3614 quia
756 3543 783 3598 V
796 3546 845 3614 qut
858 3544 905 3599 ed.
948 3550 990 3598 ‘li
1001 3549 1185 3621 praesectum

142 3614 167 3667 V
187 3631 256 3669 corr.
276 3614 319 3671 ed.
393 3621 427 3670 22
446 3615 610 3675 ouuuacv
627 3616 673 3673 ed.
747 3622 786 3673 ‘lt
804 3618 840 3673 ia
859 3613 957 3671 estol
982 3615 1021 3666 ia
1036 3610 1138 3663 iactu
1154 3604 1209 3652 ὦ·

139 3691 173 3737 24
182 3693 299 3753 praeter
310 3688 371 3758 bueo
387 3686 496 3747 Vccrr.
512 3690 558 3749 ed.
581 3690 586 3768 t
606 3689 820 3751 inccbaiosl.
873 3693 914 3742 tsi
930 3690 960 3741 et
973 3670 1154 3739 conuerso*
1177 3664 1233 3713 &-
