2725 4150
551 337 792 433 mnemosm
1117 341 1182 407 235

162 509 268 568 iuvent
290 509 393 567 lotum.
431 512 457 566 et
475 507 569 566 multo
586 511 677 566 morte
694 508 801 581 recepit
814 523 1013 580 purpureum:
1035 505 1088 565 ubi
1105 507 1184 568 vidit

162 599 313 656 hominem
336 597 426 673 plens
448 599 544 656 morte
563 597 745 672 confestum,
767 595 921 656 revocavit
939 595 1087 674 gladium,
1110 596 1183 671 quis

161 689 285 766 propter
315 687 443 746 eliorum
473 705 575 745 necem
604 685 717 745 diutius
747 687 780 744 in
812 687 900 745 unius
932 688 1028 745 morte
1058 683 1183 744 retineri

162 795 221 836 non
251 774 369 851 debuit,
402 794 489 852 quem
521 777 583 834 iam
612 775 771 835 constabat
800 777 973 834 extinctum.
1023 774 1123 851 potest
1153 777 1183 833 et

132 882 144 923 s
157 882 344 940 purpuream
356 866 446 923 vomit
457 865 507 924 ille
520 866 667 924 animam:
680 865 825 942 quonism
839 863 961 943 sanguis
976 864 1039 924 eius
1054 862 1184 924 oolorem

161 958 289 1014 naturae
317 973 436 1014 servare
464 973 523 1013 non
552 954 666 1030 potuit,
693 954 725 1012 in
752 954 897 1030 purpurei
924 953 1032 1013 eoloris
1056 952 1184 1029 speeiem

162 1042 358 1119 fundebatur3
375 1062 510 1120 purpura
528 1043 639 1120 quippe
653 1044 741 1121 nigre
755 1046 802 1103 est
819 1062 889 1103 oum
907 1043 1022 1103 rubore.
1060 1041 1183 1121 sanguis

161 1134 256 1212 igitur
270 1153 305 1190 ex
315 1132 379 1192 vini
392 1130 576 1192 admixtione
590 1135 751 1209 corruptus
766 1135 797 1192 et
810 1133 902 1192 colori
917 1151 970 1192 suo
984 1131 1185 1208 respondebat

161 1224 192 1282 et
218 1221 291 1281 vini.
336 1223 416 1281 huno
441 1221 627 1282 intellectum
655 1225 745 1298 poete
772 1224 836 1298 ipse
868 1222 1050 1282 monstravit
1082 1221 1183 1282 disens

119 1330 143 1369 ro
161 1316 188 1371 et
221 1329 288 1370 oum
319 1312 465 1385 sanguine
494 1311 588 1370 mista
619 1313 692 1371 eina
725 1312 815 1384 refert
843 1312 981 1370 moriens.
1036 1314 1246 1388 quantumtoo

161 1402 278 1460 interea
300 1399 429 1459 bibitum
453 1399 525 1475 fuit,
555 1402 591 1459 ut
620 1401 684 1460 vini
714 1401 898 1477 superfluens
928 1399 1034 1460 modus
1065 1400 1184 1477 sopiam

162 1489 350 1566 superaverit
367 1491 537 1567 sanguinis!
569 1490 616 1548 hie
641 1493 722 1565 fonto
744 1490 878 1563 feruidus
899 1490 1004 1548 instat:
1026 1489 1076 1549 hio
1097 1491 1183 1548 tento

161 1579 258 1656 magis
285 1578 472 1656 perficiendis
496 1578 637 1639 caedibus
660 1597 783 1655 operum
806 1578 898 1638 debet
925 1579 1038 1654 quanto
1061 1577 1185 1638 videbat

162 1668 347 1728 oeensionem
384 1668 582 1745 multiplicem
619 1668 791 1746 suffragari,
827 1670 973 1745 tantoque
1010 1666 1185 1744 proficiebat

120 1775 143 1816 n
161 1757 275 1817 furtiva
302 1756 430 1818 victoris
458 1759 571 1834 quanto
600 1758 718 1817 enimus
745 1756 805 1817 viri
830 1758 919 1816 fortis
947 1757 1122 1833 rapiebatur
1145 1756 1182 1817 ed

160 1847 299 1925 gloriam.
343 1848 461 1919 iamque
483 1847 524 1906 od
546 1847 684 1920 Messapi
706 1848 799 1906 socios
821 1847 969 1906 tendebat:
990 1846 1056 1924 ipse
1079 1848 1125 1906 est
1148 1847 1184 1906 de

162 1955 222 2014 quo
246 1935 438 2012 supradixit
461 1927 557 2017 (159)
584 1937 722 2011 „interes
743 1936 871 2014 vigilum
894 1936 1024 1996 exoubiis
1049 1930 1184 1996 obsidere

162 2028 264 2103 portes
288 2043 360 2085 eure
382 2024 472 2085 detur
493 2023 660 2103 Messapo“.
702 2027 769 2086 vult
791 2044 861 2105 ergo
885 2025 1040 2088 ostendere
1063 2027 1184 2103 qualem

160 2116 218 2176 iste
237 2116 365 2193 gesserit
382 2115 555 2194 vigifimum
574 2115 633 2175 eibi
651 2117 877 2176 commissurum
896 2135 1013 2192 eurem,
1027 2118 1062 2175 nt
1077 2116 1185 2193 probet

117 2224 143 2263 so
160 2206 191 2263 in
221 2207 306 2281 perte
335 2205 517 2264 Rutulorum
547 2207 578 2263 et
605 2204 702 2282 ipsius
729 2208 810 2283 regis
837 2209 868 2265 et
896 2206 1005 2265 dueum
1033 2208 1064 2265 et
1090 2206 1184 2266 totius

160 2294 308 2353 exereitus
331 2312 478 2353 summam
501 2295 593 2355 fuisse
616 2294 765 2355 inertium.
801 2296 844 2354 ibi
865 2296 962 2369 poem
979 2294 1118 2370 [deficere
1137 2312 1183 2354 eu-

160 2381 316 2459 tremumJ:
343 2383 398 2458 ibi,
424 2384 536 2461 inquit,
560 2384 661 2443 videre
685 2384 783 2461 coepit
805 2385 905 2462 ignem
926 2384 958 2442 in
982 2386 1113 2443 extrema
1136 2383 1184 2442 sui

161 2472 360 2547 deficientem,
389 2474 446 2532 hoe
476 2475 522 2533 est
550 2472 628 2549 ignis
659 2473 794 2533 oonsumi
823 2472 982 2549 reliquias,
1013 2472 1093 2548 quod
1123 2472 1184 2531 fuit

161 2562 363 2621 dormientum
395 2564 426 2620 et
458 2562 692 2622 temulentorum
729 2564 862 2641 signum3
899 2561 952 2619 ubi
988 2561 1066 2619 enim
1102 2560 1182 2637 ignis

116 2668 142 2709 ss
160 2652 295 2710 fomente
326 2671 386 2710 non
423 2651 585 2730 sumpserit
621 2652 808 2729 suggerentis
840 2650 1003 2725 industrie,
1041 2649 1182 2709 continuo

160 2739 330 2818 languescit
347 2743 378 2800 et
395 2741 481 2816 perit.
519 2746 546 2800 et
562 2742 700 2815 religatos
717 2741 772 2799 rite
789 2740 907 2798 uidebat
924 2755 1044 2812 carpere
1059 2756 1184 2814 gramen

161 2847 262 2903 equos:
292 2832 322 2889 et
349 2829 419 2905 equi
446 2824 583 2890 omnibus
610 2829 698 2889 liberi
726 2828 851 2888 nexibus
881 2848 942 2887 non
969 2832 1104 2888 errarent
1130 2848 1184 2906 per

160 2919 312 2996 gremius,
330 2920 357 2978 si
371 2922 490 2994 praesto
505 2922 583 2980 esset
597 2918 651 2995 qui
664 2918 840 2978 alimonium
853 2936 889 2975 ex
907 2937 988 2979 more
1002 2921 1183 2997 suggereret.

162 3010 286 3067 noviter
314 3026 380 3067 oum
407 3010 481 3069 tolia
507 3010 602 3068 Nisus
629 3008 734 3081 (sensit
760 3008 837 3066 enim
863 3008 959 3067 nimio
986 3009 1073 3068 coede
1099 3012 1184 3081 arque

116 3116 143 3155 so
161 3098 298 3171 cupidine
319 3098 421 3171 ferri):
443 3096 520 3157 dixit
541 3099 656 3158 fuctum
680 3100 711 3156 et
733 3096 824 3156 simul
847 3115 969 3156 eausam
991 3097 1066 3157 faeti
1087 3099 1183 3175 ipsius

235 3310 249 3357 1
265 3320 439 3373 purpureum
456 3304 597 3358 lemmatis
616 3304 680 3358 finis
694 3303 725 3357 in
739 3302 765 3357 V
779 3319 951 3371 purpuream
964 3304 1048 3358 uomit
1060 3304 1107 3357 ille
1121 3305 1184 3357 ani-

161 3393 234 3429 mam
249 3376 311 3429 eds*
330 3375 426 3445 inepte
444 3378 560 3444 propter
576 3376 732 3443 sequentis.
787 3381 805 3428 4
819 3381 909 3443 potest
926 3381 952 3429 et
964 3374 990 3427 V
1008 3376 1048 3430 sio
1066 3375 1185 3443 intelligi

162 3446 227 3500 edd.
248 3447 292 3501 ed.
365 3454 381 3502 5
400 3464 573 3516 purpuream
595 3464 652 3500 non
673 3463 725 3514 pro
749 3446 890 3501 lemmatis
913 3448 994 3514 purte
1017 3445 1131 3514 scripsit
1148 3445 1182 3499 V.

162 3525 177 3570 7
194 3517 365 3587 puran
384 3536 449 3575 -rea
467 3518 510 3573 ed.
574 3524 606 3572 11
625 3523 658 3572 ut
670 3517 697 3571 V
715 3520 741 3573 si
758 3518 829 3571 edF.
891 3522 923 3571 12
942 3523 1121 3587 superaverat
1139 3517 1182 3572 ed.

163 3595 196 3644 13
213 3590 451 3659 perspiciendisV
464 3589 545 3659 perf·
565 3589 608 3643 ed.
671 3594 705 3642 14
722 3588 919 3657 perficiebatV
933 3588 975 3643 ed.
1036 3593 1070 3642 20
1089 3595 1115 3643 et
1133 3590 1185 3642 dn

161 3678 224 3716 oum
244 3660 270 3714 V
295 3668 320 3716 et
345 3678 396 3715 om,
422 3662 463 3716 ede
544 3668 577 3716 21
607 3660 721 3732 deficere
749 3667 902 3719 emesenum
930 3679 989 3718 om.
1006 3660 1033 3715 V
1061 3660 1135 3713 edd.
1158 3658 1209 3710 ed.

157 3739 194 3782 22
209 3734 240 3783 ln
259 3731 284 3782 V
296 3737 329 3784 ut
344 3732 386 3785 θᾱ.
