2725 4150
557 335 740 392 mnnmos
754 336 808 392 vn
1106 326 1108 329 ’
1149 341 1194 408 95

169 508 314 581 suaeque
335 505 414 578 ferre
435 505 519 564 iuvat
540 506 709 578 sonitusque
727 505 833 565 audire
854 507 1007 566 tubarum:
1028 506 1061 566 in
1080 506 1194 566 deside·

169 597 250 655 rium
271 597 397 654 venerat
414 593 557 672 quicquid
575 593 734 654 constabat
752 594 890 655 omnibus
910 614 973 656 esse
995 598 1194 673 contrarium3

169 687 258 745 tanta
285 685 367 743 enim
389 685 436 744 vis
463 682 598 743 insaniae
625 682 697 758 fuit,
727 686 763 743 ut
790 684 915 744 adversa
945 703 999 761 pro
1030 685 1193 746 commodis

169 775 357 850 aptarentur.
402 773 529 846 quiaque
555 773 628 832 adeo
650 789 778 847 maguae
794 775 902 847 positis
923 775 1081 834 inauditus
1105 776 1193 835 urbes

138 863 227 922 stela
249 867 375 922 uocant:
403 863 507 922 tantus
529 860 663 943 bellandi
686 880 770 922 amor
791 862 967 938 incesserat,
988 867 1024 924 ut
1045 863 1255 940 plurimaesso

167 951 258 1011 urbes
283 953 314 1011 et
331 969 459 1030 magnae
476 949 583 1026 positis
601 950 760 1011 incudibus
779 952 926 1012 novandis
945 952 1026 1029 telis,
1050 954 1193 1030 quoniam

167 1044 273 1101 vetera
291 1058 354 1101 esse
373 1039 536 1114 desierant,
559 1058 682 1115 operam
701 1039 815 1100 darent.
852 1061 1010 1101 numerum
1028 1045 1059 1102 et
1076 1045 1192 1120 magni·

167 1130 307 1190 tudinem
324 1130 483 1190 civitatum
500 1128 654 1205 expressit.
686 1147 755 1189 cum
772 1149 843 1190 vero
857 1130 893 1190 de
910 1130 1071 1192 incudibus
1089 1132 1192 1210 loque-

166 1221 260 1295 retur,
278 1218 401 1278 modum
418 1219 524 1293 acuit,
541 1221 577 1278 ut
594 1217 714 1279 infinita
732 1222 810 1279 esset
828 1221 998 1281 aestimatio
1017 1240 1052 1281 ac
1070 1221 1192 1282 maioris

120 1307 310 1384 rependeris
334 1308 419 1369 fieret
442 1307 524 1386 quod
546 1306 665 1367 dicebat
687 1310 866 1386 tantumque
889 1310 1020 1370 telorum
1042 1311 1108 1369 fieri
1131 1330 1192 1371 are·

168 1397 290 1457 deretur
303 1400 452 1475 quantum
466 1397 605 1475 exigebat
613 1399 660 1457 tot
669 1398 849 1473 populorum
859 1399 1008 1460 confluens
1017 1400 1191 1460 multitudo.

167 1486 327 1566 subiungit
348 1485 484 1564 ipsarum
502 1486 622 1546 urbium
640 1487 763 1546 nomina
781 1507 850 1547 cum
868 1488 982 1547 virtute
1001 1507 1036 1547 ac
1054 1491 1191 1564 potentia

167 1594 233 1652 sua,
250 1595 288 1635 ne
308 1577 397 1653 quasi
413 1576 542 1637 humiles
560 1593 621 1635 non
639 1577 759 1636 tantm
780 1595 894 1653 parare·
905 1576 1078 1637 viderentur
1096 1597 1191 1655 quan·

167 1668 234 1724 tum
256 1665 442 1744 fulgentibus
461 1664 588 1725 catervis
611 1665 713 1725 fuerat
730 1665 942 1726 necessarium.
977 1665 1073 1727 Atina
1085 1670 1191 1739 pateas

119 1767 148 1808 ns
168 1754 319 1830 Tiburque
353 1755 525 1827 superium,
561 1751 665 1813 Ardea
702 1752 940 1829 Crustumerique
972 1760 999 1814 ct
1029 1757 1191 1830 turriqerae

166 1841 349 1903 Auumuue:
370 1844 444 1904 haec
467 1843 591 1903 fuerunt
608 1844 732 1903 nomina
755 1845 922 1906 civitatum.
960 1843 1106 1921 [tegmina
1128 1849 1191 1906 tuta

167 1936 276 1992 cavant
300 1931 447 2008 capitum]
473 1934 646 2006 flectuntque
666 1934 802 2008 seliquas
824 1936 985 1994 uenturam
1007 1936 1109 2004 cratis,
1137 1934 1192 1995 atii

167 2021 304 2082 thoracas
327 2039 416 2082 aenas
438 2025 492 2082 aut
514 2022 585 2098 lauis
607 2039 708 2083 aereas
729 2024 803 2083 teuta
822 2024 934 2084 ducuut
950 2028 1084 2100 arquato:
1102 2025 1191 2085 iacie-

166 2111 255 2188 bant,
277 2112 391 2190 inquit,
415 2112 469 2171 alii
491 2112 593 2189 galeas
617 2115 764 2189 scutaque
787 2113 973 2189 formabant,
1001 2114 1055 2174 alii
1080 2115 1191 2175 umeris

118 2215 148 2256 ac
166 2200 318 2277 parabant
334 2199 533 2276 munimenta,
555 2200 695 2277 pedibus,
717 2205 754 2261 ut
770 2203 844 2263 haec
862 2202 955 2263 etiem
971 2204 1191 2279 pulchritudini

167 2292 280 2365 essent,
309 2292 433 2369 argento
462 2290 651 2351 decorabant.
696 2294 822 2352 cameris
848 2294 905 2352 leuc
932 2297 958 2351 et
978 2292 1068 2365 falcis
1090 2294 1252 2362 loncscet

165 2379 223 2439 truc
249 2380 346 2440 munis
375 2380 472 2439 aratri
499 2381 584 2439 cessit
609 2397 710 2439 amar:
741 2400 807 2441 eece
835 2382 933 2459 qualis
962 2382 1094 2441 amentia
1123 2382 1189 2441 nni·

166 2487 322 2528 versorum
354 2469 519 2546 agrestium
550 2471 664 2529 mentes
694 2474 896 2547 oppresserat,
926 2472 962 2529 ut
990 2469 1189 2531 iustrumenta

167 2557 309 2618 curandis
341 2560 522 2635 praeparata
553 2558 702 2619 fructibus
734 2562 766 2619 et
794 2562 969 2619 cunctorum
998 2559 1092 2618 saluti
1121 2578 1188 2637 pro·

118 2661 147 2702 aa
166 2646 270 2707 futura
296 2645 329 2705 in
361 2665 412 2707 eas
444 2648 556 2724 species
590 2649 743 2707 mutarent
775 2667 851 2724 quae
884 2647 1049 2707 adimerent
1080 2649 1188 2709 vitam!

166 2754 233 2796 ecoe
251 2739 367 2813 quante
385 2736 520 2796 confiisio
539 2739 570 2796 et
589 2739 720 2814 quantus
738 2737 771 2796 in
789 2736 926 2797 omnibus
946 2739 1044 2797 terror
1062 2741 1189 2815 quanta·

166 2845 225 2901 que
247 2826 317 2885 lans
340 2825 460 2884 Aeneae
488 2828 580 2901 atque
603 2825 814 2886 Troianorum:
842 2845 928 2886 omne
955 2827 1071 2887 ferrum
1093 2832 1189 2890 verte-

163 2913 257 2976 batur
279 2916 313 2973 in
341 2914 472 2992 gladioS,
501 2918 532 2974 et
558 2933 668 2991 parum
696 2914 757 2976 fuit
784 2915 928 2993 quicquid
956 2918 1187 2979 inaestimabilis

166 3003 295 3064 formido
319 3003 467 3079 dictabat,
490 3003 533 3063 sic
556 3005 658 3063 omnia
676 3005 865 3067 culturarum
883 3006 1019 3067 subsidia
1037 3026 1188 3068 consume·

118 3106 146 3147 so
165 3092 291 3168 bantur,
313 3095 349 3153 ut
375 3092 533 3171 praesagio
561 3093 693 3170 quodam
720 3096 854 3154 omnium
881 3095 944 3155 iam
970 3100 1188 3157 monstraretur

164 3181 308 3243 interitus
327 3184 358 3241 et
377 3185 535 3259 appareret
551 3201 601 3242 eos
616 3182 655 3243 ad
673 3203 814 3244 arvonrm
832 3185 1004 3245 exercitium
1022 3205 1187 3261 numquam

237 3376 255 3425 4
273 3370 435 3437 increditus,
448 3370 480 3425 in
492 3369 610 3439 interpr.
624 3372 765 3427 iactatibus
779 3372 813 3427 V.
868 3379 902 3426 14
919 3373 1089 3442 fugientibus
1102 3371 1128 3425 V
1142 3372 1186 3427 ed.

164 3442 209 3508 fui
225 3442 334 3497 crudus
347 3458 398 3496 noa
413 3442 448 3496 cf.
459 3447 511 3496 626
525 3444 555 3496 et
569 3447 594 3508 8,
605 3446 665 3498 593.
711 3449 744 3498 16
759 3445 918 3514 teqmiua-
928 3450 960 3497 17
970 3445 1093 3512 capitum
1107 3442 1187 3498 deest

165 3512 197 3565 in
237 3512 309 3579 ,sed
324 3513 488 3581 explicetur.
542 3518 575 3566 18
590 3519 703 3583 arquato
716 3514 780 3568 finis
794 3514 935 3570 lemmatis
949 3514 980 3567 in
993 3514 1019 3567 V
1032 3516 1185 3569 quaeris-

166 3600 244 3641 amnr
258 3584 377 3639 added.
430 3589 463 3640 20
477 3584 682 3653 pedibus—21
698 3586 864 3643 decaecaat
881 3603 937 3641 orn.
950 3586 997 3641 ed.
1045 3592 1083 3639 ‘ia
1095 3587 1188 3641 buc—

164 3660 200 3709 23
216 3657 396 3709 iuramenta
413 3672 465 3709 orn¹
482 3656 525 3712 ed.
600 3661 635 3713 25
655 3658 743 3717 easV
762 3677 811 3719 eas
828 3661 877 3721 iili
894 3659 943 3719 ed.
1014 3664 1055 3715 ‘tt
1070 3656 1202 3714 terreri

154 3738 228 3774 error
242 3723 285 3775 ed,
359 3729 396 3777 29
410 3729 538 3795 formido
557 3729 585 3787 V
599 3732 746 3802 fortitudo
766 3736 816 3796 ed.
