2725 4150
201 345 266 410 528
483 342 625 398 DONA'I'I
641 342 812 400 INTERPR.
827 343 937 400 Vultu.

201 511 302 571 erebro
325 528 512 572 commovens
539 512 671 588 hastam,
698 513 735 571 ut
756 513 909 572 videretur
936 512 993 573 sibi
1019 514 1081 572 iam
1108 514 1226 591 inplere

200 620 286 678 posse
310 600 390 678 quod
412 604 559 677 coeperat.
603 604 678 674 forte
700 618 785 662 socer
808 599 912 677 Oybelo
937 601 1077 662 Chloreus
1099 603 1226 676 olorque

200 691 344 760 sacerdos,
362 691 419 750 boc
437 692 483 750 est
499 709 568 750 vere
587 692 777 751 consecratus
795 695 827 751 et
845 691 929 751 euius
947 690 1144 753 devotionem
1159 711 1225 770 pro·

201 780 302 840 basset
325 779 504 857 antiquitas,
529 779 639 857 Cybelo
662 779 695 838 id
718 783 764 840 est
786 782 852 840 loco
874 781 906 840 in
929 798 988 857 quo
1012 780 1126 856 Cybele
1150 782 1224 842 cole

201 869 305 945 batim,
330 870 457 943 meroes
485 870 567 943 dormo
588 869 726 943 Phrygiis
755 870 887 945 fulgebat
907 870 940 928 o'oo
962 871 1072 929 ermis:
1094 869 1224 931 admira·
1249 885 1259 925 ε

202 959 271 1020 bilis
298 959 360 1017 fuit
381 960 412 1018 et
439 958 518 1017 huno
545 957 679 1036 Phrygia
707 977 792 1017 arma
819 959 935 1037 fulgere
957 959 1111 1019 faciebant
1134 960 1225 1021 etiam

202 1052 273 1108 tuno
296 1066 363 1107 cum
386 1048 506 1125 longius
530 1047 658 1126 degeret.
704 1050 775 1123 post
801 1049 1029 1126 generalitatem
1056 1048 1135 1110 dicit
1162 1068 1224 1127 spe

202 1137 305 1197 oielim
327 1137 476 1212 quomodo
499 1137 588 1214 longe
611 1136 761 1215 fulgebat,
779 1157 851 1197 narn
868 1139 934 1215 ipse
952 1140 999 1198 est
1016 1157 1107 1199 verus
1125 1139 1225 1218 fulgor

140 1236 192 1285 '170
202 1225 233 1285 et
254 1225 361 1302 plenus
384 1227 438 1302 qui
460 1228 549 1304 longe
572 1226 688 1303 positus
712 1230 839 1303 apparet
862 1229 893 1286 et
910 1228 1052 1288 cernitur.
1082 1245 1225 1302 epimon-

201 1319 312 1390 temque
338 1316 471 1389 agitabat
497 1333 618 1388 cqoooe;
644 1335 706 1375 non
729 1316 810 1374 enim
831 1318 974 1393 spumant
995 1315 1067 1394 equi
1088 1317 1153 1378 nisi
1174 1317 1225 1394 qui
1239 1334 1259 1374 a

201 1405 363 1481 plurimum
386 1407 518 1464 currunt
564 1423 648 1479 qoem
664 1405 754 1478 pellis
777 1407 860 1465 aaut
881 1407 914 1464 o'o
931 1406 1070 1479 obruam
1092 1407 1225 1483 sqeeomts

202 1511 276 1553 coro
299 1498 432 1554 conserto
453 1495 577 1568 tepebat:
595 1496 626 1553 et
648 1494 752 1573 tetigit
773 1494 902 1570 speciem
925 1497 956 1554 et
974 1495 1127 1572 quomodo
1145 1497 1225 1556 facta

202 1585 281 1643 esset
312 1582 451 1643 ostendit
506 1584 597 1659 pelle,
630 1585 687 1659 ait,
719 1584 819 1643 fuerat
850 1585 947 1644 tectus
985 1586 1093 1645 ornata
1127 1585 1225 1646 aeneis

201 1671 336 1748 squamis
358 1679 389 1733 et
411 1691 485 1731 auro
504 1671 700 1751 fulgentibus.
731 1691 857 1750 squama
876 1675 922 1733 est
938 1673 1059 1751 proprie
1077 1674 1224 1752 serpentis

201 1765 232 1820 et
249 1761 349 1839 piscis,
368 1781 458 1839 quam
476 1761 550 1821 facit
567 1761 735 1838 conpositio
753 1763 914 1838 naturalis3
931 1781 1003 1821 nam
1021 1764 1052 1822 et
1070 1764 1225 1824 ordinibus
1240 1777 1260 1819 u

202 1851 319 1930 digesta
348 1854 395 1911 est
424 1853 455 1910 et
483 1852 603 1911 viarum
631 1851 831 1927 plurimarum
860 1852 1045 1930 inpressione
1073 1852 1225 1914 distincta

202 1940 345 2018 quiequid
362 1940 457 2018 igitur
472 1939 504 1998 iu
523 1941 601 2000 bane
619 1941 849 2000 similitudinem
867 1941 1046 2001 subtilitatis
1065 1943 1226 2002 axtifioium

201 2029 289 2108 fingit
312 2048 438 2108 squama
461 2030 579 2091 dicitu.
610 2030 685 2090 baec
706 2030 741 2092 fit
759 2050 795 2090 ex
812 2030 938 2091 minutis
957 2029 1078 2091 laminis
1095 2032 1226 2094 invicem

202 2138 233 2179 se
255 2119 468 2195 retinentibus,
491 2139 569 2197 quae
592 2121 722 2197 speciem
744 2120 859 2180 faciant
878 2139 1020 2197 squamae
1039 2124 1071 2181 et
1088 2122 1154 2182 sint
1170 2122 1226 2183 tali

203 2208 369 2287 digestione
399 2209 572 2285 conpositae
601 2212 637 2268 ut
667 2212 714 2269 est
739 2211 771 2267 in
795 2210 902 2270 avibus
925 2211 1042 2287 pluma,
1067 2210 1136 2287 ubi,
1159 2230 1227 2272 oum
1241 2225 1263 2266 eo

202 2318 264 2358 una
286 2299 413 2359 alteram
434 2298 557 2376 premit,
579 2298 714 2358 nascitur
731 2299 764 2357 in
783 2301 905 2375 aspectu
924 2299 1024 2377 gratia
1042 2302 1073 2358 et
1091 2302 1228 2361 animum

203 2389 370 2465 conpositio
398 2389 466 2463 ipsa
493 2388 623 2447 delectat
649 2406 685 2448 ao
712 2390 819 2464 pascit
864 2390 927 2463 ipso
945 2390 1108 2464 peregrino
1130 2393 1229 2465 forno·

200 2478 269 2551 eloe
292 2478 391 2537 claues
409 2480 435 2535 ol
452 2481 528 2536 ostro
546 2477 662 2550 spiculo
680 2480 830 2550 quoebot
847 2478 939 2553 Iryclo
957 2477 1103 2553 Gortynia
1122 2497 1228 2539 cornu:

202 2567 267 2643 ipse
289 2566 404 2642 inquit,
433 2570 469 2627 ut
497 2565 536 2625 ab
565 2585 643 2642 equo
673 2567 713 2626 ad
742 2568 893 2626 hominem
914 2568 1078 2626 transitum
1104 2567 1228 2645 faceret,

203 2656 267 2731 ipse
290 2673 361 2734 ergo
385 2674 475 2731 eques
497 2656 655 2733 peregrina
677 2657 830 2735 ferrugine
854 2656 952 2716 clarus
976 2656 1043 2715 fuit.
1076 2657 1165 2718 cuiue
1188 2657 1228 2719 sit
1243 2672 1266 2715 se

203 2744 304 2805 meriti
325 2747 387 2805 ista
407 2745 528 2823 ferrugo
553 2746 627 2804 ostri
648 2745 763 2805 indicat
786 2746 1038 2822 additamentum
1061 2764 1123 2804 non
1147 2750 1228 2807 enim

204 2835 317 2913 speeies
339 2834 449 2911 speciei
471 2834 679 2912 coniungitur,
702 2836 763 2895 nisi
780 2839 908 2913 utraque
927 2834 986 2894 sibi
1004 2853 1099 2910 aequo
1118 2838 1228 2897 merito

204 2928 236 2984 et
263 2925 374 2984 honore
403 2923 591 3000 respondeat
643 2923 782 3001 proinde,
813 2927 885 3001 quia
912 2929 993 2985 ostro
1017 2926 1127 2985 seimus
1151 2926 1229 2986 nibil

204 3032 269 3075 esee
292 3012 422 3093 gratius,
445 3013 626 3091 ferruginem
648 3014 839 3091 peregrinam
861 3015 918 3073 hoc
937 3018 983 3074 est
1000 3034 1035 3073 ex
1053 3014 1229 3077 melioribus

204 3103 377 3181 regionibus
409 3101 579 3182 advectam,
609 3121 687 3179 quae
717 3105 799 3163 ostro
829 3104 939 3163 meruit
969 3104 1069 3181 iungi,
1101 3104 1228 3166 maioris
1245 3119 1268 3162 ee

205 3192 297 3269 pretii
328 3191 469 3251 debemus
502 3191 644 3269 accipere.
698 3191 806 3251 babuit
842 3196 943 3252 autem
980 3193 1111 3269 spicula,
1149 3214 1229 3273 quae

205 3279 298 3358 Lycio
326 3299 419 3341 cornu
445 3281 502 3341 hoo
529 3283 576 3340 est
598 3278 691 3357 Lycio
715 3299 788 3341 arou
810 3281 979 3357 torquebat.
1025 3302 1150 3343 comum
1171 3285 1229 3345 boe

205 3370 271 3430 loco
294 3371 371 3449 ligni
393 3388 488 3449 genus
511 3369 600 3448 dixit,
624 3388 685 3429 non
707 3370 836 3430 alicuius
860 3371 1008 3431 animalis.
1059 3390 1170 3433 oureus
1195 3392 1230 3434 ero

144 3465 195 3515 '17⁶
204 3461 315 3519 omme
338 3464 402 3520 oret
423 3477 511 3520 cruos
533 3462 560 3517 et
582 3476 676 3518 coroa
697 3460 760 3518 ooli
782 3460 916 3519 cassiolo:
937 3463 1019 3520 totus
1038 3461 1077 3520 ad
1095 3462 1230 3538 pulchri-

279 3601 293 3649 7
312 3597 454 3665 epwiolim
468 3595 494 3650 V
508 3611 560 3665 per
577 3595 679 3664 operere
697 3593 741 3649 ed.
814 3599 847 3649 13
867 3596 958 3650 amois
971 3594 997 3648 V
1016 3596 1113 3651 abente
1135 3599 1175 3667 (et
1198 3598 1231 3653 in

206 3666 310 3736 lemm.)
329 3667 371 3721 ed.
446 3673 479 3722 33
498 3668 625 3738 eodonis
638 3665 672 3720 V.
746 3670 779 3719 2⁷
798 3667 886 3736 speeie
904 3666 947 3721 ed.
1021 3672 1055 3720 32
1073 3684 1190 3726 comem
1203 3669 1231 3726 V

203 3739 354 3796 comoed.
373 3740 468 3795 neseio
487 3756 524 3794 au
541 3740 626 3794 reete.
