2725 4150
553 325 737 381 nnunmoe
756 326 808 381 xu
1125 329 1189 395 617

167 495 302 557 accendit
322 495 446 555 maioris
468 495 579 570 imcyo:
602 493 690 572 quasi
711 496 773 554 iam
795 495 881 554 fieret
899 493 980 570 quod
1001 498 1101 555 mente
1123 514 1191 555 con·

167 587 302 663 ceperat,
334 585 378 645 sic
407 603 547 645 accensus
578 587 632 643 est
677 585 833 644 Mnesthea
862 583 1082 659 Serqeseunqoe
1110 590 1193 644 uocat

165 675 328 749 fortemque
349 673 496 733 Serestmn
522 674 669 733 dederes:
697 692 757 733 non
782 671 933 733 Serestum
960 672 1110 748 ductores,
1141 674 1193 733 sed

166 764 367 838 Mnestheum,
381 763 533 823 Serestum
546 765 578 822 et
591 761 774 841 Sergestum,
788 762 884 822 omnis
900 763 1046 822 ductores.
1072 762 1192 837 idcirco,

134 853 283 932 einqnit,
313 853 368 913 hos
398 851 531 927 vocavit,
561 852 704 930 quoniam
734 853 873 912 ductores
905 853 1050 912 exercitus
1073 853 1194 912 buerant

167 945 199 1002 et
221 941 359 1020 oportuit
380 960 430 1001 eos
452 941 532 1020 regis
562 942 721 1001 consilium
742 960 837 1001 nosse.
883 941 1083 1014 tumulumque
1106 943 1192 1016 capit,

167 1031 247 1092 unde
270 1030 404 1108 possita
422 1031 610 1090 circumfusis
633 1029 740 1091 audiri.
777 1049 833 1104 qim
852 1035 945 1090 cetera
964 1032 1110 1090 Teucrum
1128 1048 1193 1090 eon-

168 1122 263 1181 eoru
284 1121 374 1195 lew?
395 1119 561 1180 constituto
585 1121 664 1179 enim
687 1140 757 1198 rege
780 1121 813 1178 in
836 1119 917 1180 edito
936 1120 1002 1179 loco
1025 1121 1056 1179 et
1078 1121 1192 1180 vocatis

169 1209 343 1270 ductoribus
366 1208 577 1269 intellexerunt
599 1227 701 1269 omnes
720 1208 854 1285 aliquem
871 1228 927 1286 pro
946 1209 1096 1270 communi
1115 1228 1192 1269 com-

122 1317 150 1358 ιο
167 1300 258 1359 modo
281 1300 418 1358 futurum
442 1316 505 1359 esse
528 1301 700 1358 tractatum
733 1315 786 1357 nec
803 1303 888 1357 scuta
908 1302 961 1358 aut
977 1298 1092 1372 apicula
1110 1299 1194 1358 densi

168 1389 333 1462 deponunt:
355 1391 447 1466 atque
465 1387 511 1447 ita
528 1390 564 1446 ut
582 1389 692 1448 armati
710 1387 831 1447 fuerant
849 1389 1035 1463 manserunt,
1059 1389 1194 1465 oportuit

169 1479 283 1555 quippe
301 1478 422 1554 plenam
440 1495 504 1538 esse
522 1477 672 1537 cautelam
689 1476 744 1535 ubi
756 1480 861 1536 tantus
879 1477 980 1537 fervor
997 1477 1193 1536 certaminum

168 1566 351 1629 vertebatur.
390 1567 463 1626 celeo
485 1567 600 1626 medius
621 1571 706 1626 dans
728 1584 831 1642 capere
853 1567 952 1639 fatur:
982 1566 1070 1626 facile
1093 1566 1194 1625 audiri

168 1655 272 1735 potuit
294 1657 349 1732 qui
372 1655 404 1714 in
435 1673 550 1714 summo
581 1656 762 1716 constitutus
792 1655 852 1714 fuit
881 1658 912 1715 et
938 1655 1040 1715 stabat
1068 1655 1193 1716 medius.

127 1761 152 1804 re
169 1749 254 1806 stans
284 1745 470 1805 intellectum
500 1745 682 1805 latissimum
713 1744 810 1820 tenet;
840 1744 873 1803 iu
904 1745 1083 1806 necessitate
1115 1746 1194 1804 euim

169 1836 258 1895 tanta
275 1833 376 1894 sedere
394 1852 453 1893 non
473 1833 589 1911 debuit,
612 1833 679 1893 dein
700 1834 772 1910 quia
790 1833 890 1894 decuit
911 1833 1107 1895 honorificum
1131 1853 1193 1895 esse

169 1923 351 2001 principem,
378 1928 416 1982 ut
442 1923 593 1983 stantibus
620 1924 769 1984 universis
797 1923 888 1982 etiam
916 1925 981 2001 ipse
1008 1927 1116 1999 staret,
1145 1923 1194 1982 vel

170 2012 243 2092 quia
262 2013 352 2072 aliter
369 2013 464 2072 videri
482 2016 513 2072 et
530 2012 629 2074 audiri
647 2030 707 2071 non
726 2015 855 2090 poterat,
877 2012 937 2074 nisi
954 2012 1080 2074 vidisset
1098 2013 1194 2072 omnis

171 2106 201 2164 et
225 2102 378 2164 videretur
404 2103 442 2162 ab
472 2102 617 2163 omnibus.
663 2101 707 2162 sic
736 2121 807 2182 ergo
837 2122 925 2163 suum
955 2106 1054 2180 coepit
1085 2103 1194 2163 referre

134 2207 157 2249 ae
171 2192 343 2253 consilium:
365 2208 402 2250 ne
422 2209 481 2265 qua
503 2192 576 2251 meis
599 2196 657 2251 esto
680 2192 765 2251 dictis
787 2209 883 2260 mera,
903 2192 1038 2266 luppiter
1054 2193 1110 2252 bae
1127 2196 1256 2261 statice

171 2300 229 2342 neu
251 2282 317 2357 qreis
339 2282 374 2340 ob
397 2281 544 2354 inceptum
565 2282 696 2340 subitum
717 2282 790 2340 mibi
811 2282 927 2355 sepnior
948 2282 997 2341 ito.
1028 2282 1126 2354 nulla,
1148 2281 1194 2339 in·

173 2371 251 2449 quit,
280 2388 366 2430 mora
395 2370 606 2447 interponatur
628 2373 698 2447 post
725 2390 760 2429 ea
784 2390 860 2445 quae
883 2371 985 2430 dixero
1015 2390 1068 2430 neo
1090 2388 1194 2447 repen·

172 2460 269 2520 tinum
299 2478 480 2537 quemquam
509 2459 668 2519 consilium
695 2460 808 2535 turbet3
838 2462 901 2520 stat
929 2461 1010 2518 enim
1038 2459 1194 2519 nobiseum

172 2549 322 2628 Iuppiter,
345 2549 430 2609 cuius
453 2548 557 2610 farore
580 2548 705 2608 confido.
737 2549 846 2626 incipit
867 2548 928 2608 iam
952 2549 1048 2608 dicere
1071 2548 1194 2608 inventa

137 2648 158 2691 ²⁶
173 2656 226 2700 sua
258 2640 290 2696 et
317 2639 356 2698 ad
388 2638 572 2698 celeritatem
604 2637 688 2715 prius
717 2637 872 2697 instructis
901 2638 1057 2716 proprium
1085 2638 1194 2696 referre

172 2729 345 2789 tractatum.
376 2728 478 2786 urbem
499 2727 596 2795 bodie,
624 2744 747 2787 causaue
770 2728 849 2796 betti,
876 2744 968 2801 repca
989 2728 1058 2800 ipsa
1080 2727 1194 2795 Latini,

173 2818 204 2877 ni
225 2819 346 2890 frenum
368 2818 498 2890 accepere
520 2821 547 2875 et
563 2817 632 2875 vieti
644 2833 753 2890 parere
770 2817 909 2888 fatentur,
934 2833 1036 2875 uuam
1057 2819 1195 2890 utaequa

173 2907 231 2966 coto
254 2907 405 2979 fumantia
428 2907 558 2965 cubrino
575 2922 704 2979 ponam:
727 2905 792 2980 diu,
815 2906 929 2982 inquit,
953 2905 1117 2965 erravimus
1140 2924 1195 2964 nec

173 2996 321 3056 melorum
346 2996 480 3054 omnium
508 3013 585 3071 quue
615 2998 694 3054 esset
720 2994 894 3072 principalis
924 3012 1016 3054 eausa
1041 2994 1194 3071 potuimus

136 3091 159 3134 ⁸⁰
174 3104 307 3145 noscere:
329 3084 384 3144 fiat
406 3104 476 3163 ergo
498 3083 623 3143 celerius
646 3084 729 3161 quod
751 3083 867 3143 tardius
889 3085 988 3144 visum
1012 3087 1064 3143 est.
1097 3085 1195 3142 erein-

175 3173 271 3234 denda
293 3176 340 3233 est
361 3173 449 3232 hodia
473 3174 593 3248 civitas,
617 3173 702 3233 cuius
721 3172 817 3232 adhuc
836 3173 1043 3232 incolumitate
1067 3174 1195 3231 victoria

174 3267 278 3324 nostra
300 3262 449 3338 differtur,
479 3262 637 3321 delendum
660 3261 764 3321 Latini
789 3263 962 3339 imperium,
991 3262 1050 3321 nisi
1073 3261 1194 3338 adquie-

174 3353 272 3411 verint
294 3350 517 3411 condicionibus
539 3350 664 3426 nostris,
691 3352 750 3410 nisi
777 3369 808 3410 se
835 3350 925 3411 iussis
948 3352 1100 3428 parituros
1123 3349 1196 3409 Itali

247 3580 260 3628 1
280 3575 386 3631 accedit
398 3573 424 3627 V
438 3574 492 3641 ed,
511 3575 561 3629 sed
574 3574 638 3628 vide
652 3573 922 3643 interpretationem.
979 3580 993 3627 7
1008 3575 1098 3643 possit
1110 3572 1136 3626 V
1151 3573 1194 3627 ed.

171 3652 281 3714 posset?
350 3651 383 3699 22
397 3653 496 3715 postea
514 3663 584 3717 quae
597 3645 623 3699 V
641 3646 684 3701 tie
702 3663 773 3716 qaue
789 3652 886 3717 posteo
902 3645 950 3701 ed.
1018 3650 1060 3698 tu
1074 3647 1136 3698 utet
1151 3645 1205 3696 ube

170 3718 324 3782 summm
338 3716 364 3770 V
378 3735 465 3788 neque
483 3722 661 3791 acquiesceret
680 3719 727 3776 ed.
