2725 4150
451 349 456 358 .
558 300 786 357 muamosx
1117 304 1182 372 395

160 475 188 531 et
199 474 290 545 prato
303 470 411 546 previa
429 479 516 530 arma
529 471 696 546 quiescant:
714 471 810 549 galea,
829 469 974 546 quianon
988 469 1093 549 magni
1110 489 1183 549 pon-

161 560 240 621 deris
259 560 332 636 fuit,
354 559 504 636 pendebat
522 578 558 619 ex
575 560 694 636 arbore,
717 579 814 636 arma,
837 560 910 637 quia
928 560 1034 639 gravia
1052 560 1184 637 dierunt,

160 652 249 728 prato
267 650 400 726 reposita
419 649 618 724 quiescebant.
654 654 735 710 steni
754 650 819 709 lecti
839 650 948 709 arcam
969 650 1103 709 tarmes:
1130 650 1185 727 qui

160 740 331 800 solarentur
344 757 469 817 aegrum
483 742 515 799 et
527 739 655 799 debilem
667 742 833 799 tuerentur.
855 739 919 814 ipse
932 756 1026 814 aegea
1040 739 1184 799 anhelans

129 829 237 889 ocella
263 829 354 902 facet:
383 827 507 888 adiutus
534 828 650 889 arboris
676 831 785 889 munao
812 828 965 889 reficiebat
987 829 1079 904 colla,
1107 847 1185 906 quae

161 918 282 977 firemnt
305 916 406 977 dolore
428 918 551 979 lassata.
580 919 668 991 fusas
682 935 846 992 propexam
863 919 897 977 ia
909 922 1025 992 pectore
1044 918 1185 978 barbam:

161 1009 218 1067 hoc
241 1027 278 1065 ex
296 1005 481 1066 abundantia
499 1009 545 1067 est
563 1006 705 1083 positum.
737 1008 831 1067 malla
849 1024 938 1081 saper
955 1007 1060 1068 Lauso
1077 1008 1186 1082 ropitat

160 1096 341 1169 multaeque
369 1097 489 1155 reccidit
510 1096 560 1169 qai
581 1100 714 1156 revocent
738 1097 897 1170 maenaque
919 1097 1019 1170 fuant
1039 1097 1245 1162 auocauere

155 1185 311 1260 pareatis:
334 1183 524 1245 considerans
548 1204 584 1244 ex
602 1185 736 1246 adversis
755 1184 817 1245 suis
837 1190 982 1262 quantam
1004 1187 1066 1246 vim
1084 1189 1184 1266 pertu-

116 1296 144 1335 ιο
161 1276 247 1336 lisset
269 1273 372 1333 Aenea
395 1277 541 1347 certante,
563 1276 697 1334 tractans
717 1275 904 1353 quoquefili
920 1293 1079 1352 personam
1102 1278 1183 1336 aeta·

160 1368 283 1440 temque
301 1362 493 1423 considerans
509 1363 673 1441 quaerebat
684 1364 848 1440 plurimum
866 1363 940 1439 quid
954 1367 1057 1442 ageret
1065 1364 1184 1426 Lausus

161 1458 193 1513 et
215 1452 362 1531 plurimos
384 1452 528 1512 mittebat
550 1471 585 1512 ac
603 1471 691 1530 saepe
706 1455 759 1529 qui
776 1455 953 1513 reducerent
974 1455 1185 1529 inprudentem

161 1544 192 1602 et
210 1543 319 1602 maesti
336 1541 432 1619 patris
450 1542 594 1602 mandata
611 1543 787 1618 perferrent.
814 1541 922 1603 maesti
938 1543 1059 1618 merito,
1077 1545 1184 1619 utpote

162 1631 216 1710 qui
238 1651 274 1691 ex
296 1632 429 1692 vulneris
452 1649 543 1692 causa
566 1632 640 1692 satis
663 1631 784 1692 saucius
808 1634 839 1690 et
862 1631 898 1690 de
920 1631 965 1690 fili
987 1634 1065 1691 esset
1086 1633 1183 1710 magis

116 1739 142 1780 us
160 1720 319 1799 magisque
337 1721 436 1781 salute
450 1721 606 1781 sollicitus.
629 1721 812 1781 acceusae
829 1721 902 1781 socii
915 1721 1078 1781 exanimem
1095 1737 1185 1795 super

162 1829 249 1871 arma
262 1811 396 1884 ferebant
408 1812 523 1882 flecta,
542 1810 688 1885 ingentem
706 1814 790 1883 atque
802 1811 913 1885 iacenti
925 1811 1045 1870 mace
1062 1811 1185 1871 etatae:

160 1899 248 1960 missi
271 1902 372 1958 autem
394 1898 555 1960 veniebant
572 1899 691 1974 flentes,
713 1918 774 1958 non
795 1899 969 1960 reducentes
992 1901 1109 1976 vivum,
1132 1900 1186 1960 sed

161 1991 248 2050 scuto
271 1991 425 2066 portantes
454 1990 594 2049 occisum.
628 1990 747 2064 apacati
774 1989 856 2064 loape
876 1990 1015 2064 percitam
1033 2007 1185 2066 praecepa

160 2080 236 2139 moli
252 2097 349 2139 meac:
380 2098 448 2139 cum
470 2078 642 2140 venientum
665 2080 811 2157 gemitum
837 2078 984 2140 sollicitus
1013 2079 1185 2159 accepisset,

116 2187 143 2228 ao
162 2171 324 2245 antequam
347 2170 414 2229 nati
435 2169 525 2228 funus
548 2171 682 2228 cerneret
701 2168 795 2228 oculis
815 2168 892 2244 suis,
915 2169 989 2246 quid
1011 2170 1086 2230 mali
1108 2168 1184 2231 acci-

161 2258 256 2318 disset
275 2257 406 2337 agnovit.
436 2258 593 2336 praevidet
611 2257 723 2336 quippe
742 2258 858 2317 animus
877 2258 1035 2336 praesagio
1053 2259 1136 2318 mala
1154 2262 1185 2319 et

162 2346 237 2424 quid
263 2348 400 2407 futurum
427 2350 468 2407 sit
493 2346 607 2406 infelici
635 2348 817 2425 cogitatione
845 2346 1011 2406 denuntiat.
1049 2348 1185 2407 canitiem

160 2437 305 2496 inmundo
328 2438 473 2510 deformat
489 2437 626 2510 puluere:
656 2436 731 2496 bene
753 2436 857 2513 posuit
878 2436 1024 2495 inmundo
1047 2436 1185 2513 pulver03

162 2528 209 2586 est
232 2526 312 2585 enim
335 2526 524 2586 otmundus.
562 2529 588 2585 cl
610 2527 715 2586 ambas
738 2526 779 2585 ad
806 2524 918 2585 cneban
941 2524 1033 2585 tendit
1049 2525 1245 2598 petacsato

116 2618 312 2692 acquantum
334 2614 420 2675 dolor
441 2614 635 2675 inmemorem
662 2614 711 2675 sui
732 2615 913 2675 Mezentium
935 2615 1018 2674 fecit!
1056 2613 1185 2675 tetendit

162 2703 203 2765 ad
225 2704 342 2765 caelum
364 2706 480 2781 palmas
504 2705 559 2782 qui
577 2705 647 2764 deos
670 2722 787 2781 semper
809 2707 840 2764 et
861 2704 972 2781 ubique
996 2702 1185 2780 contempsit

162 2798 190 2853 et
216 2810 334 2868 corpore
360 2795 505 2854 tabuerat:
533 2813 620 2855 verus
643 2793 773 2855 viventis
797 2796 843 2853 est
865 2793 951 2854 dolor
978 2812 1046 2853 cum
1072 2794 1185 2853 mortui

162 2884 253 2943 funus
278 2884 482 2960 amplectitur,
505 2885 630 2944 nonest
652 2885 718 2943 ulla
739 2882 772 2942 iu
795 2884 934 2959 amplexu
951 2882 1065 2942 sumeris
1089 2881 1184 2942 delec-

161 2973 252 3047 tatio,
276 2972 328 3032 sed
347 2972 496 3049 quaedam
512 2972 662 3032 medicina
679 2972 860 3051 plangentis.
893 2976 1013 3032 lacteae
1030 2988 1076 3032 me
1094 2972 1186 3031 tenuit

116 3082 144 3122 co
161 3062 293 3131 accendi,
317 3066 397 3133 aete,
420 3062 569 3136 voluptas,
591 3065 625 3121 at
637 3080 696 3136 pro
718 3079 764 3121 mc
785 3061 883 3121 hostili
895 3065 1015 3136 paterer
1034 3060 1185 3121 succedere

162 3152 283 3211 dextrae
305 3169 389 3224 quem
409 3152 518 3227 penei?
541 3155 630 3211 lacae
651 3152 723 3211 baec
743 3152 856 3226 genitor
869 3168 926 3223 per
942 3150 1067 3210 calnae
1085 3167 1185 3210 secor

162 3244 254 3299 morte
276 3245 328 3300 tac
349 3242 472 3301 ciccae?
503 3241 571 3310 bea,
602 3258 682 3301 acac
703 3241 809 3299 uasere
831 3240 905 3298 mibi
926 3239 1042 3299 demam
1065 3240 1246 3299 calciatam

237 3410 351 3480 lqalea
369 3411 418 3479 qai
430 3408 464 3465 V.
525 3411 672 3477 afuerunt
690 3409 734 3465 ed.
790 3410 978 3479 3qac'escebat
990 3408 1023 3464 V.
1045 3409 1049 3481 Ι
1070 3410 1137 3465 laeti
1150 3408 1183 3464 V.

164 3483 304 3537 tutelares
317 3480 351 3536 V.
401 3483 587 3550 Smaltocqae
600 3481 643 3535 ed.
695 3485 729 3534 10
747 3482 845 3537 aeaeee'
858 3480 892 3536 V.
939 3486 972 3535 13
987 3497 1020 3535 ac
1033 3482 1126 3536 moesti
1140 3480 1186 3536 ed.¹

164 3559 199 3607 14
217 3560 244 3607 et
262 3552 374 3607 omed.
431 3558 464 3607 15
483 3558 527 3608 est
545 3552 589 3607 ed.
613 3553 617 3625 l
641 3553 801 3607 exanimante
819 3552 862 3607 ed.
918 3557 952 3609 18
970 3552 1086 3607 scutoV
1105 3568 1188 3617 suaper

163 3642 244 3682 amna
263 3624 306 3677 ed.
362 3628 396 3678 20
415 3624 560 3681 accedisset
573 3622 607 3680 V.
664 3628 701 3681 25
721 3629 950 3696 quantam-‘tt
965 3622 1135 3690 comtempsit
1151 3632 1217 3670 eun·

161 3696 201 3748 ed.
276 3699 312 3746 28
328 3694 468 3751 delectatae
483 3694 514 3751 V.
