2725 4150
572 326 813 382 asuuroosm
1137 331 1203 397 215

181 495 258 571 cipit
286 496 383 574 igitur
405 496 460 555 sie:
484 497 615 569 equidem
637 497 672 555 de
702 497 794 555 teuit
823 497 880 556 tute
908 498 1030 556 uerebor
1059 515 1111 556 uec
1138 501 1204 571 fus:

180 584 238 644 hoe
261 588 308 644 est
329 585 375 644 nil
397 586 457 645 tale
477 587 564 662 quale
587 587 624 644 tu
646 584 757 645 dixisti.
798 603 870 655 uou,
893 587 937 645 itu
956 603 1002 644 ure
1023 588 1134 660 referet
1151 589 1203 647 tibi

180 691 309 748 mupuus
318 679 452 734 oucutcus
460 675 610 748 Iuppiter:
628 694 689 734 non
702 674 902 751 separandum
917 678 962 734 est
971 695 990 734 a
999 675 1202 752 sequentibus,

182 782 251 822 eum
269 782 389 824 versum
406 763 507 841 ipsum
525 765 721 841 pronuntiare
740 765 937 843 coeperimus,
954 768 1026 824 tune
1044 765 1203 825 dicendum

150 853 227 912 sita
257 872 304 912 me
332 853 446 923 referat
473 852 531 913 tibi
560 871 688 931 magnus
719 857 858 914 ovantem
885 853 1031 931 Iuppiter.
1078 873 1149 914 nam
1175 856 1202 914 si

181 944 281 1001 totum
308 943 481 1020 iungamus,
509 941 567 1002 erit
592 941 786 1002 maledictum
813 943 914 1019 potius
939 963 1029 1020 quam
1051 945 1201 1003 iusiuran-

181 1031 262 1090 dum.
300 1035 353 1090 aut
366 1032 537 1105 quiuuupue
550 1033 642 1091 oeulis
655 1033 726 1091 hoec
742 1033 847 1105 aspicit
860 1034 976 1106 aequis:
998 1035 1053 1092 aut
1065 1033 1203 1110 iuppiter

181 1122 236 1179 aut
258 1119 308 1179 dei
330 1120 455 1180 alterius
477 1140 590 1180 numen
612 1123 662 1180 eui
685 1122 822 1198 aequites
845 1121 952 1198 placet.
994 1141 1060 1182 ecee
1084 1126 1115 1183 et
1135 1124 1201 1200 ipso

180 1208 375 1268 iureiurando
394 1210 553 1269 confitetur
571 1229 602 1270 se
620 1211 718 1271 solum
737 1212 780 1269 ire
804 1210 935 1272 voluisse
953 1212 1033 1270 etin
1056 1231 1092 1272 ea
1109 1214 1202 1273 etiam

135 1314 162 1355 so
180 1301 255 1357 tuuc
277 1298 433 1359 voluntate
455 1301 628 1376 persister03
656 1319 724 1359 oum
747 1299 826 1359 enim
848 1299 923 1359 dicit
944 1300 990 1360 ita
1017 1321 1064 1360 me
1091 1303 1202 1362 referat

180 1386 239 1447 tibi
267 1406 395 1466 magnus
427 1391 567 1449 ovantem
596 1390 747 1466 Iuppiter,
780 1387 853 1466 quid
885 1389 986 1449 animo
1018 1395 1135 1468 gereret
1167 1411 1202 1451 ex

181 1479 287 1552 aperto
310 1477 456 1556 signavit,
478 1477 567 1538 huius
590 1479 635 1538 rei
656 1480 759 1538 tamen
782 1497 904 1538 oausam
925 1481 1119 1556 prosequitur
1141 1500 1200 1540 uon

180 1585 216 1626 ex
230 1567 374 1626 malivolo
389 1566 499 1643 studio,
518 1567 570 1627 sed
588 1588 624 1627 ex
637 1567 856 1628 beniuolentiae
872 1567 1010 1645 partibus
1024 1569 1200 1629 venientem.

179 1656 232 1715 sed
254 1657 282 1715 si
305 1658 382 1729 quis,
413 1674 488 1729 puue
509 1658 604 1716 multu
625 1658 707 1716 uides
730 1658 899 1717 discrimiue
925 1658 991 1728 tuti,
1022 1659 1049 1716 si
1076 1659 1141 1730 quis
1167 1660 1263 1719 iu210

134 1761 160 1802 ιι
180 1745 339 1805 aduersum
365 1747 466 1819 rapiet
494 1763 616 1806 eususue
645 1747 764 1816 deusve,
795 1751 821 1805 te
847 1763 998 1822 superesse
1019 1747 1118 1816 uelim,
1149 1750 1201 1807 tua

178 1836 242 1894 citu
269 1838 296 1893 et
321 1835 438 1910 dipuior
464 1840 555 1896 uetus.
599 1836 640 1895 'sit
665 1837 716 1910 qui
741 1854 787 1895 ure
808 1840 926 1910 ruptum
949 1854 1053 1911 pupuu
1070 1836 1201 1910 pretioue

178 1923 359 1996 redemptura
377 1925 497 1984 maudei
512 1925 613 1994 humo,
636 1926 725 1984 solda
743 1929 796 1985 uut
812 1927 840 1984 si
858 1943 918 1999 quo
935 1927 967 1985 e'd
984 1927 1105 2000 sortuuo
1122 1929 1201 1986 octu-

180 2014 233 2083 te't,
258 2014 379 2072 absenti
394 2016 472 2087 scrut
493 2015 620 2088 iuferius
643 2014 809 2088 decoretque
831 2016 991 2090 sepucuro.
1031 2033 1089 2075 ueu
1111 2017 1262 2077 enutriam

178 2105 305 2162 miserae
327 2105 403 2163 toute'
423 2104 481 2162 siue
504 2122 597 2164 ceusu
614 2104 736 2175 douris,
761 2122 835 2179 quoe
853 2109 879 2164 te
896 2107 972 2175 solu,
992 2123 1078 2179 puer,
1100 2107 1201 2165 uultis

133 2208 161 2248 so
179 2193 353 2251 eructibus
367 2210 444 2252 cusu
451 2194 640 2266 persequitur
651 2195 755 2269 mupue‘
771 2212 824 2254 uec
836 2197 953 2255 ruoeuiu
966 2199 1051 2254 curut
1063 2193 1201 2256 Acestae:

179 2282 233 2342 sed
255 2283 400 2357 quonium
421 2283 478 2341 hoe
499 2284 633 2359 tempore
656 2286 687 2342 et
708 2282 742 2342 in
763 2284 821 2343 tali
844 2302 934 2343 causa
956 2286 1055 2344 minus
1078 2285 1143 2361 spei
1165 2303 1201 2344 ae

179 2372 248 2448 plus
271 2370 388 2430 timoris
412 2374 470 2446 est,
498 2371 748 2447 disceptationem
770 2392 869 2431 meam
891 2373 1047 2450 utriusque
1071 2392 1200 2433 eommo-

179 2461 250 2519 dum
279 2461 482 2520 continentem
511 2461 615 2538 paucis
645 2461 776 2521 adverte.
826 2464 956 2522 tractavi
993 2462 1103 2538 quippe
1139 2481 1200 2521 non

178 2550 234 2609 illa
256 2552 376 2609 tantum
399 2550 450 2610 sed
468 2554 499 2610 et
516 2569 675 2628 personam
693 2554 792 2625 tuam,
815 2569 972 2627 personam
993 2569 1110 2628 quoque
1128 2554 1200 2610 tuae

133 2653 161 2694 se
178 2640 286 2699 matris
309 2641 340 2698 et
362 2658 472 2714 meam,
496 2640 582 2700 stetit
605 2642 675 2699 ante
699 2640 800 2700 oeulos
823 2658 906 2700 meos
929 2639 1094 2715 perieulum
1116 2640 1199 2716 faeti,

180 2729 262 2806 quod
285 2747 381 2805 aequo
405 2729 504 2789 animo
523 2730 687 2806 longaevus
706 2730 801 2788 feram
824 2732 867 2804 et,
891 2732 917 2788 si
939 2748 1025 2789 casus
1049 2731 1104 2788 aut
1127 2728 1199 2789 deus

179 2837 227 2877 me
259 2818 466 2895 subiugaverit
496 2821 601 2894 morti,
632 2820 802 2894 relinquam
830 2822 861 2877 te
890 2818 1082 2893 ineolumem,
1114 2819 1199 2879 ouius

180 2910 263 2967 aetas
287 2908 407 2985 dignior
425 2909 456 2966 et
473 2907 593 2985 dignior
610 2909 685 2983 vita,
708 2911 746 2981 te,
769 2908 902 2983 inquam,
926 2909 979 2984 qui
1001 2908 1199 2968 amicissimus

178 2999 331 3073 repertum
353 2999 451 3057 terrae
475 2998 661 3057 commendes
691 3000 746 3056 aut
767 2997 966 3057 funerationis
990 3016 1080 3058 eausa
1102 2998 1198 3074 pretio

134 3101 161 3140 eo
178 3085 308 3146 redimas
337 3089 403 3161 aut,
430 3089 457 3146 si
484 3089 625 3146 neutrum
652 3088 777 3146 fortuna
806 3087 1003 3163 praestiterit,
1033 3087 1198 3147 constituas

178 3176 301 3236 honoris
325 3194 415 3236 causa
438 3178 502 3236 sine
525 3177 628 3235 funere
652 3176 803 3236 tumulum
830 3195 889 3251 quo
913 3176 1054 3254 adportes
1076 3176 1198 3236 inferias

179 3268 210 3325 et
238 3264 327 3324 amici
353 3266 527 3324 memoriam
554 3285 623 3324 oum
645 3284 785 3343 supremo
812 3266 924 3324 honore
947 3267 1074 3325 testeris.
1120 3268 1198 3324 uerte

252 3441 267 3489 1
295 3436 342 3502 fus
369 3435 449 3491 deest
474 3436 505 3490 in
527 3435 561 3490 V.
643 3442 675 3490 1³
703 3437 852 3491 ueuieuteru
875 3435 900 3489 V
923 3437 1126 3504 provenientem
1154 3435 1197 3489 ed.

180 3514 213 3562 16
241 3508 354 3577 dipuior
375 3507 401 3561 V
429 3511 457 3563 et
483 3507 568 3577 Verg.
596 3506 663 3561 libri
690 3515 715 3563 et
740 3508 766 3562 d.
795 3507 856 3561 edF
885 3507 1056 3561 assentiente
1082 3507 1198 3574 interpr.

180 3584 214 3633 20
235 3580 413 3648 prosequitur
438 3579 481 3633 ed.
555 3584 588 3632 23
611 3578 761 3634 advertiV
783 3596 852 3633 corr.
874 3578 917 3633 ed.
996 3584 1029 3631 24
1052 3578 1131 3632 dicun
1154 3578 1198 3632 ed.

179 3655 213 3704 29
229 3652 340 3719 praetio
353 3650 379 3704 V
391 3652 518 3719 prueudo
536 3650 579 3705 ed.
651 3656 685 3706 31
705 3667 758 3723 quo
777 3651 907 3723 adportes
924 3648 1079 3719 iuferiost
1101 3652 1219 3701 temere

175 3724 242 3772 mut.
263 3721 304 3773 ed.
377 3727 414 3776 32
429 3724 518 3778 umece'
533 3722 558 3779 V
574 3742 601 3781 a.
623 3727 667 3783 tui
688 3726 733 3785 ed.
762 3726 770 3804 t
799 3726 900 3785 turuV
925 3743 992 3783 cum
1007 3740 1067 3779 nos
1084 3713 1246 3779 ouo-affl&
