2725 4150
532 296 774 354 nummosxr
1096 300 1163 366 425

142 465 266 528 civibus,
311 466 402 528 miser
425 469 526 544 potest
548 466 608 527 dici
631 487 720 544 quem
744 467 900 526 innoxium
926 467 1038 545 premit
1065 465 1164 526 aliena

141 558 277 617 fortuna:
300 556 374 617 bene
397 576 468 635 ergo
492 557 542 616 hio
564 556 688 618 miseros
712 555 789 615 dixit
811 557 865 632 qui
887 574 948 615 non
970 555 1002 614 in
1021 573 1091 630 suo,
1112 555 1162 616 sed
1200 570 1202 576 ·

140 648 174 705 in
196 647 317 724 negotio
337 647 432 705 Turni
449 646 614 722 perierant:
638 646 712 706 civis
735 664 806 705 vero
828 647 908 704 reete
927 644 1106 722 appellavit,
1129 647 1165 705 ut

141 736 311 795 ostenderet
333 753 365 795 se
383 734 494 796 Italam
513 735 659 814 originem
677 735 785 795 ducere
804 737 834 794 et
852 752 886 794 eo
905 734 1077 794 revolutum
1096 751 1165 792 oum

108 841 121 882 a
142 826 204 884 suis
227 825 305 885 unde
328 825 488 885 Dardanus
511 825 571 884 fuit
600 827 631 883 et
653 826 787 885 oratores
809 824 1019 901 intellegerent
1040 822 1164 883 Aenean

141 914 215 974 civis
243 914 377 974 animum
403 913 504 991 potius
533 917 633 974 tenere
660 932 752 990 quam
780 914 862 973 laesi.
900 913 1016 973 elren
1037 911 1163 973 Aeneae.
1175 927 1227 977 120

140 1005 186 1062 illi
209 1005 371 1077 obstipuere
388 1004 505 1063 silentes
527 1004 713 1076 wnucrnquc
735 1003 832 1062 eenlm
855 1003 932 1062 inter
954 1018 986 1061 se
1003 1007 1089 1076 utqen
1111 1019 1166 1061 ora

141 1094 290 1152 tenebant:
312 1093 509 1152 admiratione
528 1094 632 1152 tantae
645 1091 790 1169 lenitatis,
809 1111 877 1151 oum
889 1092 959 1168 plus
973 1111 1063 1168 quam
1078 1095 1165 1168 opta·

141 1185 249 1242 verant
280 1200 343 1241 sese
371 1182 561 1242 adverterent
592 1185 780 1258 consecutos,
815 1182 978 1258 stupefacti
1009 1185 1079 1241 sunt
1110 1199 1165 1241 nec

95 1287 122 1328 ιο
140 1272 270 1348 reperire
292 1272 455 1331 valuerunt
478 1270 551 1349 quid
574 1270 716 1330 deberent
742 1273 774 1330 in
801 1271 994 1348 responsione
1017 1271 1165 1346 conplecti

141 1363 172 1420 et
195 1360 330 1421 conversi
352 1361 432 1420 inter
458 1379 490 1420 so
518 1361 668 1420 siluerunt
690 1359 742 1419 diu
769 1379 862 1419 unam
883 1360 1047 1419 retinentes
1069 1361 1165 1419 inten-

141 1451 255 1509 tionem
277 1449 425 1509 luminum
448 1469 482 1510 eo
501 1468 582 1509 more
604 1451 656 1527 qui
675 1448 910 1509 deliberantibus
928 1447 1087 1507 familiaris
1111 1451 1164 1508 est.

141 1543 204 1597 trun
230 1540 327 1598 centn
358 1556 526 1614 semperque
555 1539 631 1598 odiis
661 1542 688 1597 et
714 1539 835 1599 crimine
861 1539 999 1597 Drcnoes
1029 1538 1165 1610 infensus

140 1629 241 1686 inveni
265 1629 366 1687 Turno
389 1629 433 1688 sie
455 1645 504 1687 cre
526 1629 656 1687 uicissim
678 1645 749 1687 orsa
765 1628 869 1701 refert:
892 1646 928 1686 ex
944 1626 1007 1687 illis
1026 1625 1164 1686 omnibus

94 1738 121 1779 15
142 1719 195 1794 qui
227 1717 352 1777 ederant
381 1720 412 1775 et
447 1717 657 1777 admirationis
694 1719 816 1794 stupore
847 1717 970 1776 fuerant
1000 1715 1053 1774 fixi
1081 1716 1164 1775 solus

141 1806 287 1882 Drances,
306 1806 354 1867 vel
375 1807 456 1883 quod
474 1802 553 1868 esset
571 1807 670 1866 aetate
691 1807 795 1865 ceteris
808 1807 910 1882 potior
927 1808 959 1865 et
976 1804 1167 1865 exercitatior

141 1896 255 1954 eunetis
279 1895 328 1956 vel
347 1897 429 1971 quod
451 1896 565 1956 odisset
581 1896 694 1974 iugiter
712 1895 859 1971 Turnum,
883 1898 1004 1972 arrepta
1022 1895 1165 1972 temporis

141 1986 295 2044 occasione
324 2004 400 2061 quae
427 1989 569 2063 marmot
600 2004 670 2043 eum
698 2003 786 2060 quem
819 2004 960 2060 perosum
986 1984 1093 2044 habuit
1120 1984 1165 2044 ita

139 2074 308 2152 respondit:
325 2091 341 2133 o
359 2077 445 2147 farne
457 2077 569 2150 inpono,
584 2074 729 2149 lupentior
742 2076 836 2134 urrne's
848 2076 895 2134 eir
906 2076 1049 2135 Troiane:
1068 2075 1165 2136 multa
1176 2088 1227 2137 125

93 2164 275 2242 recollegit,
305 2167 341 2223 ut
367 2165 538 2224 ostenderet
559 2164 702 2224 beneficia
724 2163 844 2223 Aeneae
867 2167 1024 2242 gratanter
1046 2164 1165 2241 audita,

139 2254 196 2312 hoc
219 2254 299 2313 enim
322 2256 352 2312 et
373 2255 539 2329 praemissa
562 2254 629 2313 laus
660 2256 691 2313 et
713 2251 882 2331 gratiarum
910 2255 988 2313 aetio
1013 2254 1165 2314 evidenter

141 2343 280 2402 ostendit.
312 2361 386 2417 non,
409 2343 523 2420 inquit,
545 2342 687 2402 inmerito
705 2342 763 2402 tibi
780 2345 882 2402 tentes
902 2343 996 2401 animi
1019 2342 1164 2420 corporis-

141 2452 198 2509 que
222 2432 349 2492 virtutes
372 2432 495 2493 fortuna
518 2432 678 2507 concessit,
701 2433 792 2492 habes
816 2431 945 2509 deniqne
966 2430 1014 2490 tui
1036 2431 1164 2492 nominis

140 2523 266 2595 famam,
291 2540 366 2597 quae
384 2524 414 2581 te
433 2521 618 2598 benivolum,
641 2521 751 2581 fortem
768 2521 1005 2598 prudentemque
1023 2522 1165 2597 testetur3

94 2629 120 2670 aa
141 2630 203 2688 qua
229 2611 261 2669 in
289 2613 375 2688 perte
404 2630 472 2670 cum
502 2612 566 2671 sine
594 2611 792 2670 admiratione
820 2611 939 2670 laudari
968 2629 1028 2670 non
1058 2610 1164 2687 possis,

140 2703 208 2757 tum
229 2700 326 2778 magis
349 2700 404 2759 ille
427 2699 622 2776 praeferenda
646 2702 717 2759 sunt
739 2699 850 2776 quibus
873 2699 905 2757 in
927 2699 1007 2758 bello
1028 2702 1164 2776 praestas

141 2791 219 2847 otte
237 2790 339 2864 ipsum
355 2789 468 2850 maiore
487 2788 657 2849 substantia
675 2789 831 2849 felicitatis
846 2806 988 2865 exuperas
1002 2789 1035 2847 in
1053 2788 1164 2848 labori·

139 2876 195 2935 bns
219 2877 385 2937 indefessus
409 2881 440 2937 et
462 2876 625 2938 dimicandi
653 2879 771 2937 ratione
798 2879 987 2955 praecipuus.
1025 2877 1110 2936 addit
1132 2877 1165 2937 in

140 2966 249 3024 ultime
271 2970 357 3042 parto
385 2967 484 3027 laudis
512 2970 542 3026 et
572 2966 713 3046 genitalis
741 2966 883 3027 meritum
910 2966 968 3027 soli
995 2966 1095 3027 dicens
1118 2967 1165 3027 vir

93 3075 121 3114 eo
141 3056 283 3130 Troiane,
312 3058 399 3132 quasi
427 3057 539 3115 diceret
565 3057 659 3115 talem
686 3056 751 3115 sola
776 3075 917 3135 generare
940 3056 1042 3134 potuit
1064 3056 1163 3119 Troia.

213 3268 228 3315 2
248 3279 305 3317 non
322 3279 372 3318 sno
391 3263 434 3317 ed.
505 3268 522 3315 4
540 3262 692 3318 revolutum
705 3260 732 3315 V
749 3262 890 3318 reductum
909 3262 953 3316 ed.
1022 3268 1038 3316 6
1057 3263 1125 3317 ciuis
1137 3260 1164 3316 V

140 3335 220 3389 enine
239 3332 261 3387 Ο
282 3334 325 3388 ed.
350 3335 353 3406 l
378 3333 505 3389 tenereV
523 3340 602 3389 -rent
619 3333 662 3388 ed.
685 3333 688 3405 l
711 3333 780 3389 laesi
793 3333 819 3387 V
836 3333 867 3387 in
885 3332 1013 3403 margine
1031 3332 1164 3391 inferiore

140 3423 227 3458 manu
254 3405 347 3459 aliena
375 3405 518 3460 adiectum
541 3405 693 3474 probarent
715 3404 761 3459 vel
784 3407 978 3475 probarentur,
1004 3405 1082 3472 quod
1106 3421 1163 3460 non

140 3476 229 3530 habet
251 3476 277 3528 H
301 3476 409 3531 habent
434 3476 456 3532 Ο
481 3477 524 3531 ed.
603 3482 618 3530 7
644 3476 694 3531 olli
719 3477 762 3531 ed.
836 3483 869 3530 11
895 3477 1093 3532 contentionem
1118 3477 1161 3534 ed.

141 3554 175 3601 16
199 3549 293 3602 ceteris
314 3550 408 3616 potior
427 3548 453 3603 V
475 3549 575 3615 fortior
596 3549 691 3603 cereris
709 3546 759 3603 ΗΟ
779 3548 823 3602 ed.
903 3553 937 3601 20
962 3548 1117 3617 prudenter
1129 3547 1180 3597 Ἴ.

138 3625 176 3744 tat
195 3620 316 3742 naretulo
327 3620 433 3686 fernam
447 3619 473 3674 V
490 3621 613 3691 corporis
626 3620 648 3691 t.
664 3618 720 3677 edi
738 3638 763 3678 c.
776 3620 902 3691 fornorn
915 3618 995 3675 edd.
1047 3620 1093 3667 ‘m
1106 3620 1200 3667 ustor

151 3708 187 3743 Μ’
202 3706 218 3741 θ
237 3732 243 3743 ,
