2725 4150
205 336 247 401 ‘16
488 333 629 390 oculu
646 332 941 390 musaeavuuc.

202 501 322 561 infinita
339 501 438 577 turba,
457 520 615 562 saevorum
633 521 753 579 quoque
771 504 803 562 et
819 503 1024 579 inperitorum.
1054 503 1119 578 ipsc
1136 505 1227 565 sumu

203 591 327 651 munim
349 592 450 651 tuudts
471 608 628 651 succensus
651 608 750 650 autore
772 590 942 656 Ascanius:
968 592 1033 669 ipse
1058 595 1152 654 etiam
1179 594 1226 653 in·

205 681 285 758 quit,
311 684 347 741 ut
372 683 405 740 in
432 680 631 740 commotione
658 683 689 739 et
715 681 796 740 malo
822 680 978 742 domestici
1000 682 1142 744 animalis
1163 703 1227 743 non

204 771 262 830 soli
275 789 363 830 canes
378 772 551 844 erraverint,
570 771 624 847 qui
640 769 720 828 feras
739 768 905 830 discernere
923 769 1095 847 inpediente
1113 773 1227 832 natura

204 863 235 920 et
256 859 356 919 furore
379 878 439 918 non
461 861 596 935 possent,
626 877 730 918 verum
754 859 846 918 etiam
867 862 933 937 ipse
955 860 1103 922 Ascanius
1134 864 1227 922 aesti-
1260 877 1274 919 s

203 952 317 1009 masset
334 951 490 1026 agrestem.
527 947 655 1025 denique
673 948 772 1008 laudis
792 968 892 1009 amore
909 952 1063 1026 raptatus,
1085 953 1122 1011 ut
1140 970 1227 1012 sunm

204 1041 305 1117 potius
328 1056 420 1114 quam
443 1056 550 1097 canum
573 1038 687 1097 faceret
709 1039 847 1115 gloriam,
874 1056 962 1098 curvo
985 1039 1092 1099 direxit
1108 1041 1227 1117 spicula

204 1146 310 1187 cornu:
331 1130 367 1186 ut
390 1128 520 1204 sagittae
542 1128 673 1188 volucris
698 1146 785 1188 cursu
809 1128 914 1206 fugam
932 1131 1013 1188 cervi
1035 1129 1228 1206 praeveniret

204 1219 235 1275 et
256 1218 412 1292 premeret,
436 1235 538 1276 arcum
562 1216 692 1293 arripuit
709 1219 740 1274 et
757 1218 829 1276 iecit
847 1219 998 1295 sagittam.
1036 1235 1089 1278 uec
1106 1219 1228 1279 &abac

203 1307 316 1364 moute·
334 1307 406 1365 deus
424 1307 517 1378 afuit:
539 1324 600 1364 non
618 1305 716 1364 defuit
735 1305 815 1380 deus,
834 1309 887 1383 qui
904 1309 1052 1367 mittentis
1072 1306 1228 1368 dexteram
1249 1324 1277 1365 ro

203 1395 271 1454 falli
293 1415 353 1455 nou
377 1397 495 1455 sineret
527 1393 616 1454 deum
639 1414 728 1470 quem
749 1394 890 1455 debemus
909 1396 1042 1473 accipere
1061 1397 1122 1456 nisi
1139 1416 1228 1459 eveu-

202 1489 281 1560 tum,
308 1486 362 1561 qui
383 1485 529 1544 humanos
552 1486 638 1544 actus
661 1487 715 1544 aut
736 1485 833 1561 inplet
856 1488 911 1544 aut
933 1484 1063 1545 deserit?
1103 1491 1230 1561 actaque

202 1576 293 1634 multo
307 1592 418 1649 perque
434 1577 550 1632 uterum
572 1575 670 1633 sautu
687 1576 871 1647 perpusillo
888 1577 967 1634 acuit
983 1575 1135 1635 harundo:
1157 1579 1230 1636 acta

141 1677 194 1727 500
202 1665 340 1724 harundo
354 1665 450 1723 multo
465 1665 567 1722 souitu
580 1665 716 1722 ventrem
729 1667 809 1724 cervi
821 1664 934 1740 iliaque
948 1667 1126 1742 penetravit.
1155 1684 1229 1726 sua·

203 1756 267 1813 cius
285 1759 317 1813 at
331 1753 499 1826 quadrupes
516 1756 587 1811 uota
604 1753 686 1811 into
704 1756 777 1812 tecta
794 1755 916 1828 refugit:
939 1753 1026 1831 quasi
1044 1756 1133 1814 sciret
1151 1757 1230 1832 quid
1250 1771 1277 1812 rs

202 1843 234 1901 in
252 1842 386 1919 periculo
405 1843 511 1901 salutis
525 1860 596 1901 suae
609 1842 707 1900 facere
727 1842 886 1918 debuisset,
908 1847 1012 1903 notam
1031 1844 1169 1923 confugit
1188 1846 1229 1906 ad

203 1932 333 1992 domum.
379 1934 452 1991 nota
474 1933 555 1991 tecta
578 1950 639 1990 non
661 1932 760 1990 solum
783 1951 842 2009 quo
870 1951 1001 1992 remeare
1029 1938 1229 1995 consueverat

204 2021 409 2098 accipiendum
432 2023 478 2081 est
499 2040 604 2081 verum
627 2022 720 2081 etiam
743 2040 871 2098 quorum
892 2022 1113 2082 humanitatem
1130 2023 1225 2104 longo

203 2113 335 2188 tempore
363 2111 583 2187 conprobasset.
625 2129 691 2170 ecce
715 2112 745 2168 et
769 2130 787 2170 a
809 2114 943 2188 tempore
969 2115 1111 2172 meritum
1134 2117 1226 2190 cervi,

202 2202 309 2277 utpote
337 2201 390 2276 qui
417 2202 522 2276 raptus
551 2201 589 2260 ab
616 2200 756 2260 uberibus
784 2202 890 2260 matris
913 2200 952 2259 ad
980 2201 1109 2261 formam
1131 2204 1228 2264 talem
1247 2218 1275 2258 so

203 2293 234 2349 et
263 2292 367 2349 tantae
398 2290 616 2367 magnitudinis
652 2308 766 2349 cornua
796 2292 988 2365 pervenisset.
1033 2293 1228 2367 successitque

201 2395 319 2453 penaeas
340 2379 479 2438 stabulis:
507 2382 561 2438 aut
578 2398 614 2438 ex
637 2379 739 2437 dolore
762 2381 932 2457 gravissimi
950 2380 1083 2440 vulneris
1102 2401 1227 2460 gemens

113 2510 118 2517 -
204 2471 258 2528 aut
275 2487 311 2527 ex
329 2467 489 2546 gemitibus
506 2467 642 2527 indicans
661 2467 777 2527 cladem
796 2487 894 2542 suam,
918 2488 1009 2545 quam
1027 2487 1099 2529 voce
1118 2471 1228 2531 testari

203 2577 264 2617 non
286 2558 414 2634 poterat.
460 2561 616 2631 questuque
639 2562 790 2616 macutus:
818 2558 946 2635 gemitus
969 2561 1033 2619 eius
1056 2560 1227 2621 existebant

204 2648 259 2721 sic,
281 2650 399 2706 utnon
423 2647 520 2705 solum
544 2646 643 2705 dolere
665 2666 770 2706 verum
793 2649 885 2707 etiam
904 2646 1046 2724 conqueri
1064 2648 1227 2725 videretur,
1245 2661 1269 2701 ’ὅ

204 2735 243 2794 ad
265 2737 471 2795 testimonium
493 2739 594 2796 autem
617 2736 710 2796 cladis
731 2739 871 2812 acceptae
893 2737 1081 2797 monstrabat
1104 2741 1134 2797 et
1157 2757 1226 2800 san·

204 2826 333 2902 guinem.
378 2829 463 2897 osque
484 2826 648 2899 inploranti
670 2826 791 2885 smilis:
813 2828 856 2885 sic
879 2844 922 2901 sc,
945 2828 1058 2902 inquit,
1082 2827 1227 2889 offerebat

204 2913 340 2990 singulis,
363 2917 399 2973 nt
421 2913 607 2975 defensorem
629 2917 787 2992 putaretur
808 2916 969 2991 inquirere.
1015 2919 1119 2975 tectum
1140 2935 1225 2977 osane

202 3002 346 3075 replebat:
374 3002 493 3062 nullum
520 3003 626 3063 domus
648 3004 812 3080 reliquerat
834 3005 934 3064 locum
956 3025 1047 3080 quem
1069 3025 1130 3065 non
1153 3026 1224 3083 qne·

203 3091 285 3151 rellis
303 3092 455 3169 inplesset.
487 3091 583 3151 Siluia
595 3093 699 3166 primo
717 3110 800 3152 soror
812 3094 926 3166 palmis
940 3111 1084 3167 percussa
1102 3096 1264 3156 lacertosos

204 3182 350 3241 caudium
378 3184 462 3240 occat
490 3185 516 3239 ct
547 3181 637 3240 duros
667 3182 829 3241 conclamat
860 3184 997 3258 agrestis:
1027 3186 1095 3259 ipsa
1125 3188 1224 3261 prima

204 3273 284 3331 cervi
311 3289 397 3331 casus
423 3272 572 3349 ingemuit
595 3290 671 3348 quae
697 3271 836 3347 pectebat
857 3272 1012 3349 ferumque
1040 3272 1165 3334 lavabat
1190 3276 1223 3334 in

203 3361 301 3435 fonte,
324 3379 401 3438 qnae
420 3378 532 3420 cornua
552 3362 616 3419 eius
635 3360 722 3419 sertis
741 3362 894 3422 intexebat
912 3364 955 3436 et,
974 3362 1055 3439 quod
1073 3364 1224 3439 patienter

276 3517 292 3564 6
317 3519 446 3581 reptatas
463 3511 489 3565 V
513 3519 611 3581 captiua
635 3512 679 3566 ed.
754 3519 768 3568 ‘1
794 3515 906 3582 specula
928 3512 961 3567 V.
1035 3518 1051 3566 9
1076 3516 1155 3571 accit
1178 3515 1222 3571 ed

194 3587 234 3632 10
250 3591 365 3638 manta
383 3583 415 3639 V.
491 3589 525 3639 1⁸
543 3590 607 3639 ueta
626 3585 753 3639 tarraco
777 3602 829 3638 om.
850 3584 893 3639 ed.
967 3590 1000 3638 15
1020 3602 1054 3639 uc
1071 3603 1122 3653 pro
1142 3594 1172 3642 at
1189 3585 1222 3640 V.

179 3655 220 3700 19
244 3656 327 3707 cetui
349 3654 376 3706 V
399 3674 422 3713 c.
445 3657 524 3715 dicit
547 3656 594 3715 ed.
674 3662 710 3712 ut
733 3662 899 3728 quamtuquc
915 3654 953 3708 V.
1023 3661 1059 3710 ‘lb
1081 3658 1173 3712 dolore
1189 3656 1223 3710 V.

165 3721 207 3769 30
225 3722 347 3780 heerta's
369 3726 402 3784 V.
483 3737 519 3789 33
538 3733 687 3791 intexeret
705 3729 730 3786 V
752 3729 797 3785 ed.
