2725 4150
568 321 751 388 uniames
770 323 795 377 x
1126 328 1190 395 371

175 512 236 555 eres
254 493 402 553 maximae
416 491 618 568 auct01itatis,
636 492 762 569 ideoque
779 492 866 570 fingit
881 493 1079 553 intentionem
1097 511 1193 570 suam,

174 586 208 643 ut
224 584 338 644 sentiat
349 582 488 660 Iuppiter
499 581 586 640 illam
608 582 737 642 Rutulos
753 581 853 643 ferere
867 581 1014 659 potuisse,
1031 581 1092 643 nisi
1103 583 1193 642 mari-

174 672 243 733 talis
257 672 370 751 vigoris
384 671 551 732 reverentia
563 670 743 748 prohiberet.
767 689 858 750 aegra
872 690 951 747 eum,
965 671 1078 749 inquit,
1093 673 1192 732 animo

173 765 203 822 et
215 760 435 840 aegritudinem
447 761 547 837 ipsam
560 758 649 820 dictis
661 760 738 836 tuis,
755 761 878 837 marite,
895 761 1098 838 conduplicas.
1126 762 1192 838 pul·

147 865 157 906 s
172 852 353 912 cherrimum
367 849 444 910 dixit
456 868 517 909 non
530 867 667 926 corpore,
681 849 733 911 sed
747 853 951 927 praestantem
965 851 1063 910 animo
1078 853 1109 910 et
1122 869 1194 911 vera

171 939 358 1019 benignitate
372 940 501 1018 pectoris
515 939 678 1017 insignem3
706 938 810 1000 debuit
828 939 907 998 enim
921 939 1081 1001 verborum
1094 938 1192 1001 officio

170 1030 288 1090 flectere
303 1049 392 1107 quem
404 1029 468 1089 iam
484 1027 607 1088 videbat
618 1029 816 1089 Troianorum
831 1047 894 1089 esse
908 1029 1065 1089 fautorem.
1094 1032 1125 1089 et
1138 1033 1194 1090 tua

170 1120 273 1180 tristia
292 1118 387 1194 dicta,
407 1119 441 1178 id
463 1119 510 1177 est
530 1117 694 1194 imperiose
713 1120 744 1177 et
763 1137 839 1195 quae
857 1118 1044 1195 prohibentis
1062 1119 1194 1180 habeant

169 1210 283 1285 minas3
301 1208 479 1268 meminerat
496 1208 592 1281 enim,
611 1209 647 1266 ut
663 1208 695 1266 in
712 1225 790 1267 nono
806 1207 883 1267 libro
897 1208 1033 1284 positum
1046 1212 1106 1285 est,
1119 1208 1193 1269 Irim

126 1317 153 1356 ro
170 1298 209 1358 ab
231 1297 300 1375 ipso
319 1297 357 1359 ad
375 1296 547 1357 semissem
566 1314 634 1355 cum
654 1295 805 1356 mandatis
820 1297 898 1355 haut
914 1297 1069 1373 mollibus,
1091 1300 1127 1357 ut
1149 1299 1194 1358 fa-

170 1407 274 1449 vorem
282 1386 466 1447 Rutulorum
474 1386 629 1446 desereret.
645 1380 1193 1469 sicenimpositumnovimus(9,803)

170 1477 309 1554 „aeriam
334 1476 419 1536 caelo
446 1495 517 1535 nam
539 1474 677 1552 Iuppiter
699 1474 773 1534 Irim
797 1474 916 1535 demisit
938 1494 1097 1553 germanae
1119 1477 1195 1537 haut

169 1566 277 1626 mollia
293 1565 377 1627 iussa
394 1567 551 1639 ferentem,
569 1567 602 1624 ni
612 1564 730 1624 Turnus
747 1563 835 1624 cedat
843 1564 1026 1625 Teucrorum
1038 1565 1194 1626 moenibus

171 1653 270 1717 altis“.
297 1673 332 1715 eo
351 1657 451 1715 autem
468 1655 688 1732 impetraturam
709 1672 740 1714 se
759 1655 855 1732 magis
873 1654 1012 1713 credebat
1030 1655 1148 1731 optata,
1167 1655 1194 1714 si

120 1762 151 1804 1⁶
171 1744 343 1806 ostenderet
356 1745 468 1805 auxilia
482 1762 539 1804 sua
551 1743 779 1820 prohibentibus
797 1743 900 1803 mariti
912 1743 1094 1803 iussionibus
1109 1744 1192 1819 quie·

170 1835 259 1896 visse.
291 1834 421 1904 similet,
444 1850 519 1908 prece
537 1833 686 1905 quondam
702 1833 803 1905 (caat
823 1850 967 1908 quamque
990 1850 1050 1893 ease
1068 1833 1193 1903 decebat,

169 1925 217 1984 cis
239 1924 273 1982 in
291 1940 390 1983 amore
411 1923 499 1996 foret,
521 1921 633 1982 blanda
655 1921 840 2000 obiurgatio,
861 1923 906 1983 ait
928 1924 1008 1982 enim
1031 1921 1057 1983 ei
1079 1923 1123 1982 sic
1145 1942 1193 1982 me

171 2031 303 2089 amares,
325 2015 362 2072 nt
379 2013 470 2089 soles,
489 2014 520 2072 et
536 2029 616 2071 nunc
632 2029 741 2091 usque,
759 2014 795 2071 ut
811 2011 878 2071 fieri
895 2011 1008 2089 decuit,
1031 2014 1193 2089 superioris

169 2101 315 2180 temporis
332 2104 450 2182 integer
467 2102 590 2162 duraret
603 2100 753 2176 adfectus,
771 2119 832 2161 non
845 2103 897 2162 tce
914 2104 987 2163 crite·
1004 2120 1131 2176 eamque
1144 2120 1193 2163 ae·

122 2210 153 2251 so
168 2210 271 2267 parce,
301 2193 497 2267 manipotena:
523 2192 599 2251 mihi
621 2210 690 2251 cum
713 2236 827 2250 .....
852 2191 925 2251 dicit
948 2212 1040 2269 quam
1062 2192 1193 2252 dilexisti
1203 2196 1255 2246 615

170 2284 276 2357 antea,
290 2282 365 2341 mihi
378 2280 466 2340 uxori
478 2282 563 2355 tuae,
578 2279 666 2356 mihi,
679 2281 801 2339 timenti
814 2282 897 2340 iussa
910 2284 970 2340 tua.
1002 2302 1107 2342 rerum
1122 2281 1193 2357 quia

171 2370 233 2432 dici
250 2372 350 2447 potuit
366 2370 556 2448 inpossibilia
578 2373 609 2430 et
630 2369 749 2430 inlicita
771 2369 905 2430 obtinere
924 2369 1093 2444 contendis,
1118 2370 1194 2431 dixit

170 2460 277 2521 Iovem
306 2461 558 2538 omnipotentem,
594 2478 632 2519 ne
654 2460 711 2519 hoc
735 2459 763 2519 ei
784 2459 922 2536 Iuppiter
943 2463 1046 2535 posset
1069 2458 1191 2518 obicere.

172 2551 227 2626 qui
246 2548 326 2608 enim
345 2550 533 2625 omnipotens
552 2566 615 2609 esee
629 2547 778 2608 diceretur
795 2548 884 2608 facile
898 2546 1001 2607 debuit
1013 2548 1100 2607 uxori
1115 2565 1192 2623 quae

124 2655 153 2697 as
170 2639 264 2700 vellet
287 2638 418 2700 officiose
435 2642 588 2716 praestare
612 2641 643 2698 et
661 2656 739 2714 quae
757 2637 812 2696 illa
830 2639 965 2714 cuperet,
987 2636 1072 2696 licita
1094 2636 1191 2695 inlici·

170 2731 255 2805 tave,
268 2728 436 2789 concedere.
459 2729 531 2801 quin
545 2731 571 2788 et
580 2743 701 2802 papnae
714 2725 873 2786 subducere
888 2727 1064 2785 Perseverat
1080 2726 1192 2785 Danao

165 2818 476 2892 praeeminebam
497 2834 617 2877 secare
633 2817 769 2890 parent:
792 2833 857 2875 ecce
879 2816 998 2891 aperuit
1016 2814 1096 2891 quod
1116 2814 1191 2874 dice-

172 2908 226 2965 bat
244 2908 369 2968 occulte.
400 2908 458 2967 nisi
476 2912 521 2982 te,
543 2905 656 2983 inquit,
679 2906 816 2966 timerem
836 2908 868 2965 et
884 2904 968 2964 iussa
985 2907 1040 2964 tua
1057 2923 1191 2964 reveren·

170 2996 215 3056 tia
239 2995 413 3074 planissima
436 2995 629 3071 custodirem,
652 2994 677 3055 si
701 2993 819 3055 vincera
841 2992 992 3053 inlicitum
1014 2996 1060 3054 est
1082 2993 1192 3068 Turno,

124 3102 153 3143 eo
169 3086 260 3145 illum
273 3087 376 3145 tamen
389 3088 420 3146 at
433 3084 589 3147 certamini
602 3084 766 3145 subducere
779 3082 867 3159 potui
881 3087 911 3144 et
921 3083 1102 3144 incolumem
1112 3084 1193 3160 patri

245 3226 258 3274 1
279 3222 398 3275 sanaim
411 3219 444 3275 V.
506 3224 522 3273 2
541 3221 676 3275 sententia
694 3216 745 3289 pro
763 3217 902 3273 seattatV
920 3220 953 3271 ut
972 3222 996 3285 9,
1012 3222 1063 3271 ‘187
1082 3218 1194 3272 sentiret

170 3293 215 3347 ed.
294 3298 310 3345 3
337 3292 440 3363 sipont
462 3290 488 3345 V
511 3290 554 3345 ed.
581 3292 702 3361 riparia?
732 3290 735 3362 t
770 3307 854 3360 capra
878 3288 984 3344 eamV
1009 3305 1120 3358 capram
1147 3288 1191 3343 ed.

170 3362 464 3419 8a‘demVs‘dested,
482 3363 485 3435 t
503 3362 676 3431 prohibentes
689 3360 768 3417 Ved.
823 3366 856 3416 10
875 3361 933 3415 aad
946 3359 979 3415 V.
1036 3365 1069 3413 12
1084 3376 1192 3415 aeream

171 3436 213 3505 (in
226 3434 265 3488 IX
280 3437 395 3501 ceriam)
409 3432 443 3490 V.
464 3434 468 3507 Ι
488 3436 547 3489 iam
560 3432 743 3503 (inIXnam)
757 3432 791 3489 V.
846 3437 879 3487 15
894 3433 978 3487 marti
986 3429 1020 3487 V.
1076 3436 1109 3485 18
1123 3432 1193 3486 solea

169 3506 255 3562 Ved.
274 3507 398 3562 sclebas?
419 3506 423 3579 Ι
443 3506 580 3574 imque
598 3503 643 3559 ed.
707 3508 741 3557 19
760 3503 907 3572 effesasv
926 3520 994 3558 corr.
1015 3502 1058 3558 ed.
1081 3506 1083 3569 t
1103 3502 1192 3556 bocV

169 3580 237 3634 hoec
259 3577 303 3632 ed.
377 3582 411 3631 20
429 3578 503 3633 dicit
522 3575 579 3630 ed:
602 3576 683 3643 dicit,
702 3575 778 3643 quod
795 3575 883 3629 habet
897 3574 933 3643 V„
949 3574 995 3629 bis
1013 3573 1201 3629 scribendum

169 3652 255 3719 pute,
274 3666 310 3704 ne
328 3666 390 3703 aare
407 3648 525 3717 epodosi
544 3649 640 3705 careat
660 3646 696 3704 cf.
716 3652 744 3720 1,
754 3652 812 3705 >tit
832 3664 873 3705 an
892 3650 934 3705 ait
953 3648 1044 3704 asara
1108 3649 1150 3695 ‘ab
1163 3657 1219 3723 ¹aa·

157 3724 240 3786 ffl‘ret
254 3718 281 3771 ν.
300 3719 467 3788 semesa
479 3721 525 3777 eo.
582 3728 618 3781 aa
637 3723 821 3784 marisaiv.
873 3728 913 3780 ao
931 3717 1067 3795 parmi
1093 3720 1179 3786 noma
1192 3707 1244 3759 ab·

1026 3825 1088 3885 bb*
