2725 4150
195 323 258 388 122
479 316 619 372 DONATI
637 315 930 371 susannavaac.

194 487 335 547 adversus
363 486 513 546 undarum
541 505 645 546 cursus
668 490 758 545 remis
785 504 907 562 superes
935 489 965 546 et
995 486 1077 545 omni
1099 490 1215 545 remoto

193 576 355 638 luctamine
388 576 426 635 ad
460 576 612 635 destinata
646 577 812 651 pervenias
866 575 991 635 dicendo
1019 579 1124 635 contra
1152 595 1215 635 am-

193 686 260 726 nem
286 685 349 726 asse
372 665 555 724 tendendum
578 664 699 724 edocuit
721 666 754 724 in
777 683 813 723 ea
840 669 926 741 parte
955 665 1135 725 constitutos
1158 665 1214 724 Ar·

193 756 280 815 cades
310 774 387 831 quae
417 755 536 814 flumini
565 756 657 831 caput
686 757 717 814 et
739 755 885 832 originem
908 754 1008 814 dabat.
1054 774 1091 813 ne
1115 758 1216 814 autem

193 865 227 905 eo
245 848 311 921 ipso
330 846 493 903 terreretur
506 845 633 919 Aeneas,
646 844 700 903 ille
717 845 827 920 ipsese
843 844 996 920 pollicitus
1015 846 1061 903 est
1078 844 1217 903 futurum
1251 860 1261 899 s

193 936 299 994 ducem
322 937 353 992 et
372 932 509 1011 difficilia
528 936 628 993 omnia
646 937 840 993 remotarum.
873 950 961 1007 surpc
980 951 1040 1007 upa,
1060 937 1128 992 uate
1146 934 1217 992 deu:

193 1044 281 1102 surge
305 1026 335 1082 et
359 1042 414 1100 age
437 1023 588 1082 hortantis
609 1025 680 1082 sunt
697 1023 798 1099 potius
818 1042 909 1097 quam
927 1022 1066 1082 iubentis.
1095 1024 1216 1096 primis-

194 1130 248 1185 que
282 1112 453 1171 cadentibus
487 1114 589 1181 astris,
624 1113 681 1171 hoc
716 1115 762 1172 est
793 1115 956 1188 antequam
988 1111 1064 1170 lucis
1096 1115 1217 1171 exortus

149 1214 183 1263 60
194 1202 295 1260 omnia
332 1204 413 1260 astra
449 1205 614 1276 removeat,
650 1202 763 1260 quoui
792 1202 839 1273 fer·
864 1201 920 1259 rite
944 1218 1062 1273 preces:
1091 1203 1218 1261 noverat

193 1293 273 1350 enim
296 1292 402 1367 utpote
427 1290 499 1349 deus
523 1294 621 1367 ipsam
644 1291 782 1350 Troianis
805 1290 897 1349 fuisse
914 1290 1070 1349 infestam:
1093 1291 1217 1367 proinde
1237 1308 1261 1346 ra

193 1380 372 1458 placandam
396 1380 515 1439 dicebat
538 1382 569 1439 et
588 1381 742 1457 potentem
759 1380 913 1437 inimicam
932 1379 1047 1439 devotis
1067 1380 1217 1456 obsequiis

193 1469 371 1530 leniendam.
404 1488 469 1529 ecce
489 1471 519 1527 et
537 1471 594 1529 iste
612 1469 644 1528 in
664 1488 700 1527 aa
718 1468 868 1528 sententia
887 1468 982 1527 estin
1004 1488 1065 1544 qua
1083 1469 1216 1528 Helenus

193 1562 265 1634 fuit,
286 1559 338 1619 sed
357 1560 535 1635 oportunius
558 1559 608 1617 hic
630 1558 738 1618 suadet
759 1557 939 1635 rogandam,
959 1558 1101 1633 quoniam
1124 1577 1218 1635 supra

194 1650 271 1709 dixit
298 1654 421 1724 „tumor
449 1648 545 1707 omnis
573 1650 604 1707 et
630 1648 694 1706 irae
721 1666 891 1708 concessere
920 1646 1038 1706 deum“.
1084 1650 1218 1720 iramque

192 1741 348 1810 uiuasque
370 1739 552 1811 supplicibus
575 1755 684 1810 supera
707 1738 796 1795 uotis:
818 1737 884 1795 sola
906 1737 1019 1796 mansit
1045 1737 1077 1795 in
1100 1741 1217 1796 tumore
1237 1752 1261 1793 rs

195 1827 301 1900 animi,
329 1827 478 1904 placanda
507 1825 564 1885 tibi
592 1829 650 1900 est,
678 1828 714 1884 ut
741 1826 847 1885 ceteris
875 1826 942 1903 ipsa
970 1846 1089 1903 quoque
1117 1830 1217 1885 animo

193 1915 377 1993 promptiore
396 1916 572 1974 consentiat.
602 1918 632 1975 et
649 1915 830 1991 placandam
843 1914 989 1974 Iunonem
1009 1916 1110 1975 docuit
1128 1916 1218 1976 sacri-

193 2006 330 2063 ficiorum
357 2004 508 2081 obsequiis
537 2007 567 2063 et
594 2006 777 2065 matutinum
806 2008 925 2082 tempus
952 2006 1084 2064 ostendit
1107 2005 1217 2065 divinis

193 2094 356 2154 honoribus
381 2096 547 2169 convenire,
570 2098 606 2153 ut
628 2095 701 2154 fecit
728 2095 789 2153 alio
817 2097 883 2155 loco
905 2096 1037 2171 Aeneas3
1066 2097 1110 2154 sic
1138 2097 1218 2154 enim

193 2185 326 2261 positum
356 2186 402 2242 est
430 2176 556 2265 (11‚4):
587 2188 677 2259 „vota
707 2183 797 2243 deum
826 2187 924 2261 primo
955 2186 1052 2244 victor
1082 2185 1261 2244 solvebatis

193 2271 289 2333 Eoo“.
322 2273 522 2349 supplicibus,
539 2275 653 2350 inquit,
672 2274 751 2334 votis
771 2293 893 2350 supera3
916 2277 1085 2351 potentium
1105 2278 1217 2351 quippe

193 2362 370 2422 inimicitiae
394 2362 582 2439 obsequendo
606 2363 708 2440 potius
732 2383 824 2439 quam
842 2364 1007 2424 resistendo
1026 2365 1217 2440 franguntur.

192 2454 266 2511 mibi
288 2454 378 2512 uictu
400 2453 538 2511 bouorciu
557 2455 720 2527 persolues:
743 2473 811 2512 cum
834 2455 961 2514 senseris
980 2453 1123 2512 beneficia
1141 2473 1218 2528 mea,

194 2562 261 2602 cum
284 2543 383 2602 laetus
407 2542 443 2601 de
466 2542 620 2602 effectibus
644 2543 752 2617 fueris,
779 2545 852 2602 tunc
881 2544 956 2602 mihi
979 2543 1216 2619 repraesentabis

194 2652 271 2708 quae
295 2651 410 2691 mereor
432 2634 555 2709 propter
577 2633 655 2692 hanc
678 2651 809 2691 causam.
852 2633 987 2708 oportuit
1008 2633 1132 2691 Aenean
1156 2633 1217 2691 cvi·
1237 2644 1261 2686 11

193 2722 312 2780 dentius
335 2740 422 2780 nosse
450 2722 516 2797 quis
544 2722 596 2780 ille
622 2725 700 2782 esset
723 2724 753 2780 et
776 2721 850 2781 scire
874 2723 923 2781 cui
946 2725 1107 2797 pertenta
1130 2722 1217 2781 bene-

193 2811 261 2868 ficia
291 2810 389 2870 factus
416 2813 493 2870 esset
524 2811 682 2885 obnoxius,
712 2811 768 2870 sub
799 2830 860 2888 qua
888 2812 1042 2870 occasione
1071 2815 1101 2871 et
1128 2811 1217 2870 deum

194 2899 363 2958 adverteret
384 2901 565 2959 monitorem
587 2903 619 2960 et
640 2901 745 2959 fideret
769 2900 848 2977 quod
872 2921 926 2976 per
949 2901 1012 2960 cius
1037 2921 1156 2959 amnem
1179 2902 1217 2960 ad

194 2989 300 3063 optata
330 2988 442 3047 auxilia
471 2993 573 3064 posset
601 2990 769 3066 pervenire:
800 3007 849 3064 epo
879 3008 958 3058 sum,
990 2991 1102 3066 inquit,
1128 2992 1217 3063 prlcuo

194 3095 278 3150 quatu
306 3079 432 3147 flumina
462 3080 556 3137 caruis
586 3080 773 3153 striupautcu
805 3080 890 3152 ripas
922 3084 949 3138 ct
975 3081 1103 3153 piupuiu
1139 3081 1217 3138 cultu
1237 3091 1261 3130 3⁰

266 3217 281 3265 3
307 3229 362 3267 esse
382 3211 408 3264 V
434 3215 515 3267 ctiam
544 3213 587 3267 ed.
623 3213 626 3285 4
661 3219 829 3268 constructos
848 3212 875 3265 V
898 3213 941 3266 ed.
970 3215 1130 3267 constitutos
1157 3231 1216 3269 nos.

194 3290 210 3338 5
235 3285 282 3338 itia
307 3286 365 3352 ipsc
385 3283 411 3337 V
433 3286 452 3339 i.
472 3285 490 3338 i.
512 3300 540 3338 se
562 3301 613 3338 nos
638 3286 684 3339 iiii
705 3287 762 3352 ipsi
784 3284 827 3338 cd.
907 3289 922 3336 9
948 3291 1103 3339 reuioocuut
1123 3284 1149 3337 V
1173 3286 1216 3339 ed.

195 3362 227 3410 11
251 3357 394 3410 iuimicuu
416 3357 519 3410 deuotis
539 3355 565 3408 V
588 3356 666 3410 deaut
688 3358 745 3424 piis
768 3356 811 3410 ed.
890 3362 923 3409 15
947 3372 1048 3423 supera
1066 3359 1148 3423 uotis,
1168 3357 1217 3412 sed

193 3427 268 3481 infra
285 3429 356 3482 cotis
373 3444 474 3496 supera
487 3426 520 3482 V.
543 3428 546 3499 l
566 3430 700 3482 remeauit
718 3426 772 3482 ΗΟ
792 3427 836 3481 ed.
902 3433 935 3481 16
956 3430 1045 3482 autrici
1058 3428 1084 3480 V
1102 3446 1127 3481 a.
1144 3430 1218 3483 quo

193 3516 263 3566 quac
282 3499 325 3553 ed.
348 3499 351 3570 l
372 3501 471 3568 ipsa-
483 3504 516 3553 lt
532 3501 701 3554 coiacutium
719 3500 763 3553 ed.
784 3516 853 3553 corr.
873 3499 916 3552 cd.
935 3502 1008 3568 post.
1076 3504 1109 3552 19
1128 3502 1217 3555 siccu-

191 3573 312 3637 positum
340 3577 379 3626 est
401 3570 427 3624 V
452 3573 493 3626 sie
520 3572 592 3625 cuim
617 3572 738 3639 positum
766 3588 787 3625 e.
816 3587 867 3625 nos
899 3572 948 3625 ubi
975 3572 1079 3625 dictum
1107 3579 1146 3627 est
1172 3573 1216 3626 ed.

194 3647 226 3693 ‘11
246 3644 317 3696 cotis
334 3659 435 3711 supera
451 3641 477 3695 V
495 3659 554 3710 sup.
575 3644 645 3697 uotr's
666 3644 709 3712 (ut
730 3643 761 3696 in
781 3641 914 3697 lemmate
933 3642 968 3712 V)
988 3643 1031 3696 ed.
1106 3649 1140 3698 25
1163 3646 1217 3698 cui-

238 3714 321 3768 »tibus
339 3713 384 3768 ed.
441 3719 475 3768 26
494 3720 520 3769 et
536 3716 617 3769 sciret
629 3713 655 3767 V
668 3714 713 3769 cd.
733 3720 759 3769 ct
776 3716 844 3769 scire
863 3731 913 3768 nos
932 3721 964 3769 ut
981 3716 1062 3770 sciret
1080 3715 1123 3769 ed.
1143 3717 1216 3783 post.
