2725 4150
455 365 460 373 .
554 323 738 381 curemus
756 325 809 380 ιιιι
1125 329 1190 396 567

169 493 263 554 variis
294 491 399 570 ermis,
429 491 503 570 quic
529 493 715 554 divemurum
736 497 886 554 terrerum
907 495 966 554 riri
992 514 1053 554 non
1082 494 1193 555 similia

169 603 256 644 urmu
272 583 444 660 portabunt
480 583 524 642 sic
542 584 644 642 eutem
665 581 806 643 instructi
822 583 1000 662 pergebant,
1024 585 1112 660 quest
1133 584 1194 661 ipsi

169 675 270 733 essent
288 672 429 733 continuo
443 671 621 750 pugnaturn
644 675 735 732 cautu
752 672 884 749 provisio
903 675 939 732 ut
956 674 1035 733 ferro
1053 673 1194 734 instructi

169 764 343 841 pergerent,
371 780 408 821 ne
438 764 624 821 commutate
649 760 707 821 fide
736 761 951 822 invaderentur
980 762 1017 822 eb
1047 762 1193 823 hostibus.

134 869 223 912 suec
244 869 317 921 uon,
346 852 403 911 hoc
429 853 476 910 est
502 851 555 911 sed
581 853 625 926 et,
650 852 757 910 mediis
778 852 812 909 iu
838 852 958 911 mitibus
980 852 1039 925 ipsi
1062 853 1194 912 ductores

169 957 245 1001 auro
258 941 383 1000 colitant
398 944 530 1013 ostroque
548 940 658 999 decori:
676 941 749 1018 quie
763 941 942 1018 generaliter
956 940 1093 1001 ductores
1108 940 1194 1018 dixit,

168 1029 279 1106 incipit
290 1029 479 1108 singulorum
491 1031 615 1089 nomine.
627 1048 798 1106 percurrere
812 1032 843 1088 et
856 1049 959 1090 eorum
972 1031 1071 1090 cultus
1081 1032 1193 1108 speciu-

168 1120 241 1179 liter
263 1116 375 1179 diceret
407 1123 434 1178 et
452 1135 546 1194 penus
567 1116 714 1178 Assaraci
735 1119 907 1178 Mnestheus
935 1124 962 1178 et
981 1121 1068 1193 fortis
1089 1119 1195 1180 Asilas
1244 1133 1247 1139 '

169 1213 197 1268 et
223 1209 385 1283 Messapus
414 1225 518 1282 equus
548 1207 680 1278 domim
711 1208 864 1282 Neptusaia
889 1209 1001 1282 proles,
1034 1210 1194 1288 utriusque

121 1317 151 1357 ιι
169 1299 317 1357 exercitus
340 1298 428 1357 duces
452 1296 642 1376 significarit.
672 1301 760 1372 utque
778 1298 846 1356 stato
863 1299 947 1373 sipcu
964 1299 1064 1372 spatie
1081 1301 1115 1357 iu
1137 1317 1195 1359 sua

169 1388 291 1461 quisque
312 1388 441 1456 recessit,
465 1386 518 1446 ubi
540 1387 674 1463 separati
697 1388 769 1446 eunt
790 1390 821 1446 et
842 1386 874 1446 in
897 1407 954 1448 sun
976 1388 1078 1464 spatie
1099 1406 1193 1448 reces-

169 1478 286 1551 serunt,
310 1475 441 1551 defipuut
461 1476 559 1535 telluri
576 1477 679 1535 basias
701 1480 729 1535 et
749 1480 832 1535 scuta
854 1477 1014 1536 reclinarat:
1035 1477 1091 1536 boc
1114 1476 1194 1537 enim
1205 1486 1256 1537 130

168 1567 268 1626 tecue
291 1564 456 1624 debuerunt
485 1565 538 1643 qui
567 1584 628 1625 non
658 1563 698 1625 eil
727 1565 924 1644 pugnandum
954 1569 1110 1641 venerunt,
1143 1566 1194 1626 sed

169 1655 334 1733 pugnantis
362 1655 537 1732 spectaturi
568 1658 631 1713 trun
652 1654 749 1714 studio
772 1656 883 1728 effusae
909 1659 1018 1715 matres
1041 1659 1068 1715 et
1088 1655 1195 1730 culpus

126 1766 151 1806 u
168 1745 317 1803 inermum
333 1744 514 1819 invalidique
531 1760 615 1803 seces
632 1745 724 1803 turris
743 1747 770 1802 et
786 1747 860 1803 tectu
877 1744 1029 1803 uacum
1050 1745 1194 1814 obsedere,

169 1833 225 1893 atii
243 1834 340 1908 portis
366 1834 542 1893 sublimibus
568 1833 703 1892 αάείαιιίε
735 1851 800 1892 ecce
829 1835 954 1893 rentum
984 1836 1030 1893 est
1059 1834 1099 1892 ed
1128 1852 1195 1893 eum

166 1925 301 2000 purtem,
328 1923 364 1981 ut
386 1921 562 1982 ostenduurr
584 1942 646 1999 qne
668 1942 705 1980 ex
728 1940 819 1981 cause
847 1940 970 1998 campus
993 1924 1130 2000 provisus
1154 1924 1196 1983 sit

168 2014 241 2072 ente
265 2010 420 2071 civitatem
442 2010 633 2072 constitutus.
665 2013 762 2087 uetus,
784 2010 897 2090 inquit,
920 2012 1040 2072 inbellis
1059 2015 1089 2072 et
1107 2031 1193 2072 sexus

168 2101 261 2161 simul
285 2102 379 2161 effinse.
396 2104 479 2178 sunt,
502 2101 603 2161 studio
621 2102 736 2163 scilicet
754 2100 857 2177 ductu,
879 2103 1033 2177 mulieres,
1056 2121 1141 2163 senes
1164 2107 1195 2163 et

125 2210 150 2253 eo
167 2192 264 2269 pueri.
295 2190 350 2250 slii
367 2210 481 2268 muros,
499 2194 602 2268 portus
621 2190 687 2266 ulii,
706 2190 761 2250 ulii
777 2193 937 2250 tenuerent
950 2191 1041 2252 turris
1060 2196 1094 2252 uc
1112 2195 1194 2252 tectu

167 2279 267 2341 visuri
290 2279 326 2339 de
349 2298 464 2340 summo
488 2279 631 2341 certantis
654 2283 686 2340 et
708 2283 848 2340 eventum
870 2279 950 2339 circu
973 2282 1100 2340 ultorum
1124 2301 1194 2359 pro·

167 2369 274 2429 buturi
295 2368 442 2429 fortemne.
487 2370 544 2430 hoc
566 2372 613 2430 eet
635 2368 717 2446 quod
739 2369 853 2429 dictum
880 2371 926 2429 est
948 2369 1048 2429 studio
1071 2370 1195 2447 effusos,

167 2457 314 2519 volebant
330 2459 409 2519 enim
427 2478 514 2519 nosse
533 2478 611 2535 quue
630 2460 760 2519 diximus
778 2460 917 2518 monente
936 2458 1038 2519 furore
1060 2478 1120 2535 quo
1140 2459 1194 2518 alii

167 2548 315 2609 ferebant
336 2548 469 2625 Aeneae,
492 2548 546 2607 alii
569 2548 685 2626 Turno,
706 2548 740 2607 in
762 2549 875 2626 populo
899 2549 1010 2625 quippe
1032 2567 1093 2607 non
1116 2548 1193 2608 iudi·

117 2639 287 2699 sociorum
309 2656 415 2715 genere
438 2638 553 2717 egitur,
576 2638 628 2697 sed
651 2637 776 2697 libidine
800 2656 871 2697 eune
894 2638 1070 2697 voluntatis.

242 2724 285 2785 At
311 2727 391 2787 Iuno
418 2744 453 2787 ec
479 2744 593 2787 smumo
619 2729 670 2801 qui
697 2744 776 2786 uuae
801 2724 942 2786 Albanus
967 2726 1091 2786 babetur
1119 2726 1256 2800 (truuleo

167 2833 263 2890 neque
284 2833 390 2875 aoruca
412 2821 475 2876 erat
492 2833 583 2889 uepue
600 2816 691 2875 lunas
709 2820 762 2876 aut
777 2816 874 2891 ptoric
890 2816 995 2889 moreti)
1009 2815 1194 2889 prospiciens

167 2906 282 2966 tumulo
305 2923 441 2979 carupucu
463 2906 631 2979 aspectabat
653 2909 680 2964 et
702 2907 806 2965 cautas
823 2904 1010 2964 Laurentum
1029 2906 1195 2978 Trcuauque

228 3082 260 3131 2
278 3078 334 3147 ipsi
351 3092 405 3131 om.
420 3075 464 3130 ed
519 3081 536 3129 4
554 3090 606 3131 eon
618 3081 697 3130 muta
710 3074 735 3127 V
752 3080 917 3130 commutata
930 3074 975 3129 ed.
989 3090 1026 3128 un
1041 3080 1192 3130 commotu?

169 3146 383 3204 SasanaceV
439 3145 645 3215 tmesapusV
702 3145 1003 3202 nauseaveris
1019 3145 1062 3201 ed.
1077 3152 1195 3202 ensuut

168 3218 340 3273 delendum?
387 3223 561 3359 ltvpudpucut
561 3234 588 3273 es
597 3219 767 3287 expectatum
776 3216 802 3271 V
811 3219 967 3287 pupuautis
975 3219 1125 3285 spectaturi
1133 3234 1192 3271 noe

169 3296 206 3345 15
220 3298 246 3346 et
249 3289 401 3429 {mire
357 3307 391 3345 ae
504 3291 614 3344 mutere
628 3288 716 3344 nolui.
760 3293 793 3342 19
808 3288 1013 3344 semetVsimul
1028 3289 1070 3343 ed.
1084 3288 1193 3361 {effusa

166 3368 236 3419 auc
328 3367 493 3417 usueeu-
500 3360 659 3416 euctaei!
715 3361 979 3415 24Aeueaeetalu
995 3359 1037 3415 ed
1065 3361 1068 3432 Ι
1095 3375 1193 3429 rupo·

163 3431 276 3505 puloV
293 3435 361 3489 uti
377 3449 407 3502 p.
422 3432 466 3487 ed
490 3432 494 3504 l
519 3434 618 3502 quippe
631 3430 657 3485 V
671 3449 716 3501 pu
731 3434 916 3500 uuusquisque
930 3431 973 3486 ed.
998 3432 1001 3503 l
1026 3432 1193 3486 iudiciorum

166 3511 312 3633 pgperetur
331 3504 357 3559 V
379 3504 484 3559 iudicio
506 3510 642 3574 pereretw
664 3501 708 3558 ed.
732 3504 900 3558 iudiciorum
899 3519 1012 3627 pfeuere
1027 3504 1193 3629 ιιῆιίιινὰωη
1142 3518 1192 3555 nos

168 3576 656 3705 gffissfflfflffltssssssm
678 3574 904 3701 {bsgtusgmgrscg
896 3592 927 3698 iii
940 3592 974 3699 V
984 3590 1025 3628 es
1048 3650 1081 3699 27
1104 3574 1194 3700 iocum

164 3717 286 3777 bautV.
360 3723 394 3773 28
416 3719 595 3787 adspectabat
612 3720 651 3788 (et
669 3716 755 3787 infre)
769 3717 803 3785 V,
823 3717 873 3771 sed
893 3716 964 3772 olibi
981 3732 1040 3787 asp
