2725 4150
203 292 268 359 376
487 280 628 346 ΒΟΝᾸΤῙ
643 289 814 345 INTERPR.
827 288 936 345 VERG.

202 457 370 519 feriendum
400 477 455 519 nec
485 457 680 538 intellegebat
707 456 809 518 omnia
834 459 908 519 baec
936 459 969 517 in
995 461 1102 520 ventos
1132 458 1219 536 exire,

201 549 258 608 hoc
286 551 332 610 est
358 547 547 609 manicasse
570 550 602 608 et
622 565 719 609 uacua
741 567 818 624 quae
841 547 999 609 clamabat.
1048 551 1124 622 forte
1146 550 1220 612 rotis

202 638 271 698 celsi
292 639 447 699 conimeto
468 637 615 712 crepidine
632 637 700 697 soei
717 638 854 712 expositis
870 638 969 698 stabat
984 637 1075 698 scotis
1092 641 1120 698 ct
1132 642 1221 714 poeste

197 730 321 802 pareto:
342 727 450 787 umbra
471 725 526 786 illa
545 745 613 786 cum
630 727 758 805 fugeret,
775 725 883 787 habuit
900 727 1024 787 fortuna
1041 730 1221 804 procurante

202 815 438 894 oportunitatem
460 816 560 891 navis,
583 833 676 892 quam
699 819 801 893 posset
824 814 994 893 ascendere,
1020 816 1070 877 vel
1091 818 1222 878 maxime
1248 833 1258 875 s

203 905 274 982 quia
296 905 404 965 babuit
425 905 627 966 substantiam
649 906 764 982 pontis3
786 925 857 966 nam
884 905 986 966 stabat
1011 906 1099 966 iuxta
1127 906 1221 984 crepi-

202 995 303 1054 dinem
329 993 402 1055 saxi
453 993 634 1071 crepidinem
662 994 796 1072 accipere
823 1013 984 1072 possumus
1010 997 1131 1072 partem
1158 995 1223 1057 saxi

202 1103 279 1161 quae
300 1083 424 1161 respicit
444 1102 538 1159 mare;
562 1102 634 1142 nam
655 1082 725 1143 huic
748 1101 818 1142 saxo
842 1083 1003 1163 colligatus
1021 1084 1123 1145 fuerat
1141 1084 1222 1147 funis

141 1183 192 1232 655
203 1172 255 1250 qui
269 1191 377 1233 navem
389 1173 521 1233 tenebat.
553 1191 612 1247 pue
629 1189 681 1232 ree
702 1170 833 1232 Clusinis
851 1173 988 1233 advectu
1007 1171 1131 1233 ciuus
1149 1175 1223 1235 orie:

202 1262 258 1321 hac
282 1263 355 1323 nari
378 1281 396 1323 a
419 1260 549 1323 Clusinis
571 1261 680 1321 finibus
703 1264 806 1323 uectus
830 1262 993 1322 advenerat
1015 1260 1139 1324 Osinius
1161 1284 1224 1325 rex.
1241 1283 1264 1324 u

201 1351 258 1410 baec
278 1368 341 1411 sese
362 1351 478 1426 trepido
498 1350 617 1410 Aeneae
633 1351 776 1410 ceoddis
792 1351 889 1426 tropo
907 1352 1012 1412 conicit
1028 1352 1061 1411 in
1079 1352 1225 1414 uanae

201 1441 269 1516 huc,
286 1441 319 1501 id
337 1441 432 1501 estin
449 1459 566 1514 nauem,
585 1439 765 1500 contendeus
778 1439 862 1500 velut
875 1439 994 1502 Aeneae
1011 1441 1112 1520 imago
1131 1443 1224 1520 trepi-

202 1529 302 1591 dantis
326 1548 390 1591 sese
412 1529 535 1591 latebris
558 1528 650 1589 dedit.
699 1546 752 1589 nec
780 1530 902 1589 Turnus
923 1530 1040 1605 sepum
1060 1531 1155 1591 eiectat
1175 1549 1225 1592 cu·

201 1623 360 1696 reparatque
380 1636 481 1680 moros
504 1623 530 1678 et
546 1619 647 1693 pontis
669 1619 800 1679 taudlit
821 1619 910 1678 altos:
932 1618 1051 1679 Turnus
1069 1620 1102 1679 in
1120 1638 1224 1683 asceu-

202 1708 299 1769 deudo
313 1727 373 1769 nou
387 1708 447 1768 fuit
460 1709 575 1786 seguis3
589 1728 660 1768 uam
673 1708 821 1785 superatis
836 1707 974 1768 omuibus
988 1708 1080 1769 moris
1098 1713 1225 1787 pontem
1241 1726 1265 1770 re

201 1800 268 1858 tota
290 1797 442 1861 celeritate
465 1796 658 1858 transcendit.
707 1798 758 1856 etc
780 1815 905 1872 proram
932 1799 1080 1873 adiperot,
1108 1799 1225 1876 statim,

201 1887 316 1964 inquit,
338 1889 374 1947 ut
395 1887 513 1947 Turnus
536 1888 623 1947 navis
646 1885 749 1965 tetigit
778 1904 912 1964 proram,
939 1887 1051 1961 recapit
1076 1885 1225 1949 Saturnio

141 1979 316 2050 teotonem,
351 1977 543 2049 aaronque
575 1977 657 2050 rapit
689 1975 822 2036 reuoluto
851 1992 908 2050 per
942 1993 1071 2049 aequom
1101 1994 1225 2039 moerus

203 2065 284 2144 quod
313 2064 390 2125 dixit
411 2066 527 2145 rumpit
547 2066 663 2143 ffiuem,
686 2084 745 2126 nou
769 2063 873 2141 solvit,
902 2066 932 2124 et
954 2065 1091 2126 avulsam
1112 2065 1224 2146 inquit

203 2174 263 2214 uon
285 2155 463 2233 simpliciter
485 2159 655 2232 separatam
679 2175 698 2215 a
719 2173 800 2230 sexo,
820 2154 953 2215 ostendit
969 2174 1112 2234 maguam
1129 2155 1224 2217 inter·
1241 2174 1266 2215 so

202 2245 317 2305 venisse
341 2244 558 2306 necessitatem.
604 2244 773 2304 adhibenda
801 2243 913 2321 quippe
940 2244 1021 2305 iacto
1045 2244 1146 2306 fuerat
1167 2244 1224 2322 vis,

203 2352 262 2410 quo
281 2333 371 2395 citius
388 2335 473 2396 fieret
490 2333 571 2411 quod
588 2336 690 2394 fuerat
702 2333 912 2410 necessarium,
925 2337 1088 2410 antequam
1102 2334 1224 2396 Turnus

203 2423 371 2484 adverteret
396 2422 486 2483 inane
513 2441 577 2484 esse
604 2423 685 2501 quod
713 2424 846 2501 gesserat
868 2425 899 2482 et
920 2423 1039 2483 rediret.
1087 2423 1224 2484 ubicum-

203 2532 260 2590 que
282 2515 374 2589 poeta
394 2512 497 2592 posuit
519 2532 656 2590 rumpere
680 2511 812 2573 ostendit
835 2511 980 2573 maiorem
1004 2513 1224 2574 necessitatem

202 2600 329 2678 denique
354 2602 400 2661 ait
423 2603 455 2662 in
480 2601 557 2661 libro
580 2602 669 2663 tertio
693 2594 788 2684 (639)
812 2603 925 2677 „atque
948 2601 985 2661 ab
1009 2601 1097 2662 litore
1119 2602 1225 2663 funem
1240 2617 1264 2660 ss

201 2689 366 2768 rumpite“,
388 2710 425 2750 ne
447 2690 663 2752 interveniente
691 2690 900 2753 solvendorum
923 2690 1111 2751 vinculorum
1137 2710 1225 2754 mora

202 2779 341 2839 manibus
369 2778 534 2857 Cyclopum
560 2780 684 2859 navigia
710 2783 897 2855 tenerentur3
925 2781 1000 2840 item
1027 2799 1094 2840 cum
1117 2780 1225 2859 fugam

203 2868 274 2928 Osci
303 2868 337 2929 in
369 2871 476 2930 octavo
508 2869 585 2930 libro
615 2862 712 2950 (225)
742 2868 934 2943 describeret,
966 2871 1011 2928 ait
1042 2870 1224 2948 „ruptisque
1273 2912 1274 2915 κ

201 2957 321 3019 inmane
344 2957 457 3018 catenis
481 2958 589 3019 deiecit
611 2957 749 3035 saxum“‚
777 2958 906 3019 sienim
929 2960 1043 3018 solvere
1066 2959 1224 3036 voluisset,

202 3046 360 3107 velocitate
391 3050 572 3124 praeventus
602 3047 740 3109 Herculis
771 3066 882 3126 poenas
912 3047 1032 3107 facilius
1065 3047 1164 3125 daret,
1197 3048 1266 3110 siu

203 3136 360 3212 speluncae
383 3140 578 3214 occuparetur
604 3137 765 3216 ingressus.
810 3138 872 3197 talu
899 3140 945 3197 est
971 3139 1003 3197 et
1028 3136 1123 3214 rapit3
1150 3156 1224 3198 uam

202 3226 258 3286 hoc
281 3244 399 3303 quoque
422 3226 605 3287 celeritatem
628 3227 703 3287 facti
725 3226 884 3305 significat.
921 3226 946 3285 si
970 3228 1049 3285 enim
1071 3226 1224 3304 paulatim

275 3395 446 3465 terepe'dtui
458 3395 492 3450 V.
563 3394 694 3465 dqudV
712 3412 782 3465 pecc
800 3396 843 3450 ed.
863 3397 930 3465 quic
948 3412 1006 3450 noer
1077 3400 1110 3450 10
1129 3414 1149 3451 a
1167 3413 1223 3452 om.

203 3468 246 3522 ed.
275 3468 278 3540 4
308 3468 409 3523 clusini
428 3465 462 3522 V.
490 3466 494 3539 t
522 3483 573 3523 reo
595 3483 649 3522 om.
668 3466 713 3523 ed.
787 3473 819 3521 11
838 3466 1010 3522 emicatieV
1026 3466 1070 3522 ed.
1088 3468 1226 3538 fusim

203 3539 287 3609 Verg.
305 3537 380 3594 libri.
453 3544 487 3594 12
505 3539 665 3594 idcetom.
680 3538 725 3593 ed.
799 3543 832 3592 19
850 3556 886 3593 ru
912 3540 928 3593 't
946 3537 990 3593 ed.
1014 3538 1017 3611 t
1042 3538 1226 3609 iuquitVid

193 3610 297 3668 ested,
366 3609 548 3684 upotae'tV
640 3610 719 3666 ted.
785 3612 878 3666 isaie
934 3610 1021 3666 ried.
1090 3611 1226 3668 todcret

177 3687 254 3750 post
270 3685 428 3756 epelmrece
446 3685 553 3761 repetit
594 3730 602 3745 .
674 3687 712 3741 tt
728 3681 830 3741 aaut
851 3699 919 3737 acm
936 3688 962 3736 ct
978 3681 1026 3735 ed.
