2725 4150
190 345 254 411 124
473 341 614 396 ΒΟΝΑΤΙ
631 341 801 396 INTERPR.
816 340 923 397 VERG.

187 510 302 586 effudit,
316 512 412 571 claras
436 511 551 571 scilicet
573 514 604 569 et
626 511 712 570 latas.
758 511 912 585 nymphae,
935 510 1103 569 Laurentes
1125 526 1210 584 aym

183 602 271 675 pleae,
291 618 385 675 penas
407 602 545 660 amnibus
566 601 645 659 unde
668 604 723 658 est:
745 600 794 658 hic
816 618 919 660 versus
947 599 1080 658 diversas
1107 601 1210 674 potest

186 691 447 767 pronuntiationes
470 691 637 750 admittere.
682 687 807 748 dicimus
830 706 901 767 ergo
924 708 1016 749 unam
1039 689 1098 748 sic:
1123 708 1208 765 nym-

186 782 264 856 phae
287 780 460 853 Laurentes,
484 778 626 855 quoniam
647 778 782 854 ipsarum
809 797 899 838 causa
925 777 1158 854 praedicabatur
1178 780 1209 837 et

186 871 270 945 ipsae
296 871 330 927 in
356 875 489 944 tempore
517 868 638 926 fuerant
665 866 862 943 necessariae,
886 867 1015 926 secundo
1039 866 1210 926 addendum
1240 880 1252 921 s

187 959 350 1035 nymphae,
380 976 475 1035 genus
504 956 640 1016 amnibus
669 956 749 1015 unde
777 959 836 1032 ost,
863 959 898 1014 ut
926 957 1076 1033 nymphae
1098 955 1209 1016 Italiae

187 1047 334 1106 universis
357 1046 496 1105 amnibus
519 1064 612 1124 genus
636 1045 751 1105 dedisse
775 1047 947 1120 videantur;
972 1048 1046 1105 item
1068 1045 1131 1104 alia
1153 1045 1208 1105 sic:

187 1137 337 1212 nymphae
365 1134 529 1194 Laurentes
557 1136 720 1212 nymphae,
748 1137 784 1193 ut
806 1134 972 1211 duplicatio
996 1134 1126 1194 nominis
1149 1134 1209 1213 sig-

187 1225 311 1283 nificans
324 1227 506 1300 potestatem
519 1224 719 1284 cumulaverit
735 1223 994 1284 honorificentiam
1012 1224 1210 1299 deprecantis,

188 1314 294 1372 dehinc
331 1313 489 1373 dicendum
521 1332 614 1390 genus
652 1313 790 1372 amnibus
823 1313 902 1372 unde
935 1315 993 1387 est,
1028 1312 1121 1372 tertia
1152 1312 1210 1373 sic:
1227 1327 1251 1368 ro

187 1405 346 1480 nymphae,
365 1405 396 1462 et
413 1403 644 1478 subsistendum,
662 1405 698 1461 ut
715 1404 862 1479 iucipiens
881 1403 1109 1481 generalitatem
1128 1401 1210 1462 vide·

188 1496 259 1552 atur
275 1493 437 1570 ingressus,
455 1492 562 1551 dehinc
580 1496 713 1551 correcta
732 1511 767 1550 ea
786 1491 824 1551 ad
843 1493 973 1569 speciem
986 1491 1090 1552 redeat
1108 1491 1209 1552 dicens

188 1582 353 1642 Laurentes
381 1583 544 1658 nymphae,
573 1583 716 1657 quoniam
742 1581 826 1658 ipsae
850 1583 956 1641 ceteris
979 1582 1102 1640 fuerant
1124 1600 1210 1657 prae·

187 1671 352 1748 ponendae,
372 1690 447 1748 quas
465 1670 593 1749 rogabat
611 1674 642 1730 et
659 1689 788 1746 quarum
805 1670 837 1729 in
861 1670 1012 1747 praesenti
1033 1670 1211 1730 beneficium

189 1764 330 1821 senserat.
376 1780 446 1838 ergo
477 1780 546 1819 cum
576 1779 677 1820 omnes
706 1759 837 1819 habeant
859 1762 1008 1819 rationem
1032 1762 1250 1835 suam,aut1⁵

187 1850 299 1908 iudicio
329 1850 457 1927 legentis
488 1849 626 1927 eligenda
656 1851 702 1907 est
731 1847 838 1907 melior
866 1853 919 1909 aut
948 1849 1117 1925 sequendae
1140 1851 1211 1909 sunt

189 1957 299 1998 omnes.
337 1943 435 2010 taque,
459 1955 475 1996 o
496 1939 618 2014 Thybri,
643 1943 700 2007 tuo,
722 1939 843 2012 yecttor,
868 1940 1210 2009 annumeraretur,

189 2029 309 2101 acupile
332 2025 471 2087 Aeaeae:
500 2029 666 2107 genitorem
696 2026 842 2104 Thybrim
872 2031 924 2088 aut
950 2028 1110 2087 honorifice
1135 2027 1212 2088 dixit

190 2121 243 2177 aut
266 2136 367 2192 suum,
390 2118 534 2193 quoniam
557 2118 595 2177 ad
619 2117 848 2177 similitudinem
870 2118 989 2193 paterni
1008 2118 1118 2177 amoris
1142 2136 1211 2177 con·

189 2206 269 2265 sulta
299 2206 361 2265 eius
393 2209 556 2283 acceperat.
605 2206 721 2266 interea
744 2207 898 2267 videamus
927 2225 979 2266 cur
1005 2208 1102 2282 primo
1125 2226 1210 2283 nym-
1228 2217 1251 2260 a

189 2297 264 2372 phas
287 2296 437 2355 induxerit
456 2300 487 2355 et
506 2296 634 2355 secundo
652 2297 719 2355 loco
737 2295 938 2356 nominaverit
956 2296 1101 2372 Thybrim
1121 2314 1211 2372 quem

189 2384 286 2461 primo
305 2385 409 2444 debuit
427 2388 570 2445 venerari.
607 2404 687 2444 nunc
705 2385 857 2444 sciendum
876 2387 921 2444 est
939 2387 1055 2462 partem
1074 2387 1211 2445 secutum

189 2473 361 2534 laudativae
379 2476 522 2534 materiae
540 2476 572 2533 in
592 2494 652 2550 qua
669 2474 857 2534 retinendum
875 2476 922 2533 est
939 2477 974 2533 ut
991 2477 1131 2550 parentes
1145 2474 1210 2535 cius

189 2564 397 2640 praeferantur
419 2563 473 2640 qui
495 2564 573 2622 forte
592 2563 760 2623 laudandus
780 2566 835 2622 est.
871 2582 939 2622 cum
956 2563 1050 2641 igitur
1067 2564 1132 2641 ipse
1150 2564 1211 2624 ista

190 2652 322 2727 dixisset,
345 2654 504 2729 nymphae,
528 2671 621 2731 genus
645 2652 783 2712 amnibus
806 2653 884 2711 unde
908 2655 962 2726 est,
984 2671 1045 2711 non
1067 2652 1127 2712 fuit
1147 2654 1211 2713 eius
1228 2662 1252 2705 ὓ

188 2742 302 2800 iniuria
332 2741 385 2819 qui
415 2742 543 2801 secundo
574 2743 638 2801 loco
669 2746 716 2801 est
745 2742 875 2819 positus3
898 2742 992 2818 ipsius
1016 2742 1097 2801 enim
1119 2743 1211 2802 etiam

188 2829 266 2888 illud
285 2830 346 2888 fuit
365 2831 445 2906 quod
467 2832 565 2908 primo
588 2830 745 2891 laudatum
769 2833 822 2890 est.
855 2831 1009 2909 colligitur
1032 2831 1212 2891 desiderium

189 2920 324 2997 rogantis
348 2921 405 2979 sic:
429 2939 496 2997 vos,
519 2923 684 2998 nymphae,
708 2922 738 2980 et
758 2925 807 2995 tu,
826 2920 968 2997 Thybris,
987 2923 1040 2979 tuo
1058 2940 1106 2979 me
1125 2921 1211 2982 alveo

189 3009 341 3085 suscipite.
373 3014 426 3069 tuo
446 3011 527 3086 quod
545 3011 622 3069 dixit
640 3010 678 3069 ad
698 3009 843 3086 Thybrim
861 3012 1002 3087 pertinet,
1025 3010 1096 3087 quia
1114 3009 1211 3088 ipsius

189 3098 289 3156 fuerat
324 3098 448 3173 flumen,
485 3100 611 3176 accipite
645 3102 748 3159 autem
778 3100 817 3158 ad
844 3101 940 3159 omnis
971 3117 1044 3175 quos
1074 3099 1212 3177 rogabat
1228 3110 1253 3151 ὓ

189 3192 216 3246 ct
238 3188 355 3246 tandem
378 3192 471 3246 arcete
488 3190 624 3260 periclis:
652 3192 683 3248 et
706 3188 883 3265 aliquando,
901 3190 1015 3264 inquit,
1033 3188 1125 3248 liceat
1147 3190 1211 3248 sine

190 3277 322 3352 periculo
353 3276 496 3354 navigare
527 3280 557 3336 et
587 3278 625 3336 ab
653 3279 736 3337 omni
758 3278 929 3338 discrimine
953 3296 1017 3337 esse
1040 3277 1211 3338 discretum

264 3525 324 3573 let
342 3516 587 3574 lotaeVAeucae
604 3519 648 3573 ed.
722 3524 793 3575 Sat
813 3536 866 3574 om.
886 3518 941 3573 ΗΟ
961 3519 1005 3573 ed.
1078 3523 1212 3575 teremu-

181 3590 257 3640 lam't
273 3589 316 3643 ed,
384 3596 421 3645 13
439 3592 494 3661 pred
506 3588 530 3642 V
550 3591 682 3660 quomodo
702 3589 756 3645 ΗΟ
776 3591 820 3646 ed.
839 3592 969 3659 quoniam
987 3607 1047 3645 uos.
1112 3596 1145 3645 18
1166 3606 1212 3646 ac·

165 3658 246 3719 ‘'W'l
257 3676 316 3725 Pto
334 3664 459 3732 compete
474 3662 506 3719 V.
572 3667 607 3719 19
627 3661 770 3721 amortsV
790 3664 874 3719 moria
890 3662 935 3716 ed.
997 3666 1032 3715 ‘28
1049 3659 1212 3730 roqautieV

151 3722 311 3784 laudantes
331 3734 375 3788 ed.
410 3737 419 3810 s
452 3738 548 3811 Tybri
565 3738 613 3795 ed.
693 3742 727 3793 ai
747 3738 814 3793 licet
831 3734 879 3791 ed.
