2725 4150
540 341 724 397 Arsames
742 341 795 397 ΧΠ
1111 348 1176 413 589

153 513 370 588 inperatorio
382 512 490 571 reiecit
501 511 689 584 nidoremque
704 513 840 572 maeoseu
853 512 945 571 dedit:
963 512 1041 572 duae
1056 512 1179 574 fuerunt

154 601 341 677 occasiones,
363 620 426 661 una
448 602 528 678 ignis
551 601 664 678 sumpti
687 619 722 660 ex
745 618 812 677 ara,
834 601 931 661 altera
954 601 1027 678 quia
1049 605 1179 662 occurrit

154 692 250 752 facies
279 710 357 767 quae
384 690 495 750 barbae
522 690 627 749 fomite
655 693 810 766 exceptum
839 690 970 751 nutriret
998 691 1178 751 incendium.

153 797 247 855 sopor
271 781 336 853 ipse
362 784 478 840 scortes
504 780 664 838 caesariem
694 780 780 839 loeoo
808 781 919 839 tortari
945 781 1064 854 corripit
1089 782 1180 840 tostis

122 871 346 943 sinpressoooe
369 887 448 944 penu
469 869 566 928 nitere
592 872 687 928 terroe
714 869 844 943 oetptr'eot
869 871 980 942 rosum,
1013 871 1057 929 se'o
1084 870 1179 944 rtpo‘do

154 960 237 1018 latus
250 975 318 1019 erue
330 959 413 1033 ferit:
430 960 630 1036 posteaquam
641 957 764 1017 flamma
779 959 915 1018 turbavit
927 958 1078 1018 hominem
1092 959 1179 1036 eique

154 1049 271 1126 eripuit
292 1050 460 1124 aspectum,
490 1046 646 1107 advolavit
676 1047 729 1106 ille
760 1047 959 1125 inplicuitque
988 1049 1051 1108 eius
1079 1067 1178 1108 comus

154 1138 246 1199 laeva
268 1139 300 1197 et
320 1139 419 1197 nitens
441 1157 519 1216 genu
542 1138 716 1212 superatum
739 1137 778 1195 ad
795 1141 909 1197 terram
926 1157 1021 1215 usque
1039 1138 1181 1216 perduxit

153 1227 358 1304 inpressitque
376 1226 466 1287 lateri
488 1226 552 1286 eius
570 1224 704 1304 rigidum
724 1226 859 1304 gladium
876 1228 932 1286 hoc
955 1230 1001 1287 est
1019 1228 1093 1288 satis
1112 1247 1179 1288 acu·

107 1334 137 1374 ro
154 1319 232 1376 tum
267 1316 440 1375 Podalirius
461 1313 582 1384 Alsum,
605 1319 757 1388 pastorem
780 1317 937 1390 muroque
964 1317 1026 1376 oete
1044 1335 1101 1392 per
1123 1319 1241 1378 retusos

153 1409 301 1475 motem,
319 1422 387 1464 erese
405 1421 527 1479 sequens
544 1403 624 1464 oudo
642 1405 866 1478 mocorono,
884 1406 934 1464 olle
951 1407 1047 1464 sectori
1062 1407 1180 1466 adeost

153 1494 285 1554 medium
306 1496 432 1567 frontem
457 1497 643 1566 montaneae
668 1494 789 1553 reducto
814 1495 926 1554 dissicit
948 1498 974 1552 et
995 1512 1100 1568 sparso
1124 1497 1180 1555 late

153 1585 235 1658 ripat
264 1601 351 1643 orreo
378 1600 494 1642 maore:
519 1581 692 1642 Podalirius
719 1582 790 1641 dum
812 1583 920 1642 Alsum
941 1586 1093 1660 pastorem
1115 1603 1180 1660 per-

155 1673 308 1749 sequitur,
326 1674 484 1749 propterea
502 1671 583 1748 quod
601 1689 693 1732 ausus
712 1675 790 1732 esset
808 1674 840 1731 in
859 1673 956 1749 prima
975 1674 1038 1733 acie
1057 1675 1180 1749 versari,

109 1779 136 1820 rs
153 1762 207 1822 ille
230 1781 267 1821 ex
290 1761 415 1822 adverso
433 1760 555 1821 veniens
577 1760 693 1820 inimici
715 1761 763 1821 sui
784 1761 915 1820 mediam
932 1763 1062 1822 frontem
1085 1763 1181 1822 securi

153 1851 306 1928 percussit
326 1853 413 1910 tanto
430 1850 575 1926 pondere,
597 1853 745 1928 utusque
764 1850 802 1910 ad
824 1854 960 1910 mentum
979 1852 1042 1911 eius
1062 1851 1180 1912 descen·

154 1941 247 2001 deret.
280 1940 362 2017 quod
383 1939 484 2017 ipsum
502 1940 618 1998 factum
641 1942 687 1999 est
710 1943 774 2000 arte
797 1940 944 2016 ferientis,
967 1942 1021 2018 qui
1044 1945 1114 2018 post
1135 1942 1179 2000 in-

154 2029 270 2091 flictam
284 2029 403 2090 eaedem
416 2028 537 2090 reduxit
545 2028 711 2106 dexteram
724 2030 846 2090 veniens
860 2029 938 2089 enim
948 2032 1060 2092 securis
1073 2031 1180 2092 intulit

154 2121 280 2199 plagam
307 2122 339 2179 et
364 2119 490 2182 reducta
513 2119 677 2197 geminavit
706 2119 786 2195 quod
813 2120 931 2180 fecerat.
968 2124 1038 2198 post
1062 2125 1180 2182 tantam

109 2226 136 2266 su
155 2212 258 2269 autem
284 2208 347 2269 vim
376 2210 551 2270 consecutus
581 2209 703 2286 sanguis
733 2210 812 2268 caesi
840 2228 923 2268 arma
953 2211 1093 2286 perfudit.
1130 2211 1181 2271 olli

154 2300 235 2359 droa
264 2299 346 2371 metes
375 2299 473 2358 oeulos
502 2302 529 2357 et
557 2300 672 2371 ferreos
693 2302 777 2373 serpet
805 2316 937 2368 somnos,
968 2300 1002 2357 tro
1031 2304 1180 2359 aetenam
1189 2309 1241 2359 310

155 2388 323 2448 conarentur
345 2388 460 2447 turnino
482 2390 609 2458 noctem
638 2389 685 2446 est
711 2387 791 2445 enim
818 2389 903 2464 quies
931 2388 993 2446 alia
1019 2408 1079 2448 non
1105 2388 1180 2449 dura

156 2481 187 2537 et
203 2496 266 2536 non
284 2476 397 2537 ferreus
416 2495 538 2537 somnus
556 2478 585 2535 et
604 2495 663 2535 nox
681 2495 741 2534 non
761 2478 898 2551 aeterna,
922 2477 1031 2553 quibus
1051 2480 1180 2537 utuntur

157 2566 195 2627 ad
216 2569 337 2643 tempus
362 2566 415 2644 qui
437 2566 566 2625 salutem
587 2565 769 2625 ineolumem
790 2565 929 2626 retinent.

112 2670 138 2712 es
228 2653 271 2714 At
279 2656 352 2729 pius
365 2653 484 2714 Aeneas
499 2655 632 2714 deutrum
650 2655 784 2714 noerae
800 2656 940 2715 inermem
957 2656 1068 2714 nodato
1087 2657 1181 2729 coorto

157 2748 243 2819 otone
265 2761 335 2803 suos
358 2744 483 2805 elamore
505 2745 642 2803 ooeobot:
664 2763 733 2803 cum
755 2743 803 2802 illi
824 2746 898 2804 haec
920 2764 980 2803 non
1003 2744 1066 2804 sine
1090 2746 1179 2804 sacri-

156 2835 231 2912 legii
247 2832 370 2893 crimine
389 2835 535 2911 gererent,
549 2833 697 2892 Troianae
711 2853 780 2893 vero
795 2837 894 2910 partes
909 2834 1066 2894 resistendi
1080 2833 1179 2893 studio

157 2923 348 2997 ducerentur,
371 2924 492 2983 emersit
513 2922 593 2982 idem
615 2922 680 2998 ipse
703 2922 820 2983 Aeneas
843 2926 911 3000 pius
933 2924 966 2983 id
988 2927 1034 2983 est
1057 2924 1181 2983 deorum

157 3013 256 3074 cultor
277 3012 358 3071 nudo
382 3012 481 3089 capite
504 3015 596 3088 atque
621 3012 728 3071 inermi
750 3012 867 3089 dextra,
896 3016 932 3073 ut
954 3015 1181 3092 cognosceretur

115 3115 140 3157 so
157 3102 257 3162 asnis
281 3102 335 3161 aut
352 3120 389 3161 ne
407 3102 472 3178 ipse
490 3121 609 3177 quoque
627 3104 729 3161 reatus
748 3101 898 3180 particeps
917 3105 1006 3178 esset,
1029 3105 1056 3163 si
1074 3104 1181 3163 fuisset

157 3194 302 3251 armatus.
346 3192 464 3250 locutus
487 3193 533 3250 est
556 3192 657 3249 autem
687 3191 725 3250 ad
748 3209 818 3250 suos
841 3192 970 3251 clamore
992 3211 1115 3269 magno,
1143 3212 1180 3251 ne

157 3281 252 3341 secuti
274 3281 407 3340 hostium
430 3279 668 3358 desperationem
690 3279 750 3356 ipsi
773 3299 891 3356 quoque
917 3281 1067 3359 sacrilegii
1090 3282 1180 3341 scele-

230 3452 360 3505 linceus
373 3449 407 3504 V.
458 3449 744 3519 aquiquoooted.
796 3455 830 3504 10
848 3452 950 3505 salsum
964 3450 997 3505 V.
1049 3457 1081 3504 11
1102 3458 1180 3506 tuen-

157 3528 209 3577 tem
235 3522 279 3575 ed.
362 3521 604 3577 ruotrudem.
688 3524 919 3591 reposceretur
938 3522 965 3577 V
989 3523 1111 3591 sequitur
1136 3523 1179 3577 ed.

159 3599 192 3648 15
210 3594 257 3648 aar
269 3592 296 3647 V
310 3610 379 3648 corr.
394 3593 438 3648 ed.
495 3598 528 3647 16
547 3594 717 3648 deeceoderet
730 3593 756 3646 V
774 3594 937 3649 distendnet
955 3593 998 3647 ed.
1052 3599 1085 3647 22
1105 3595 1180 3649 oloro-

157 3665 264 3719 dwntur
282 3664 323 3718 ed.
379 3670 414 3719 24
431 3666 483 3734 qor'
498 3665 597 3735 inepte
615 3665 820 3737 transposes.
837 3666 848 3740 t
867 3664 1017 3721 satutean
1041 3667 1133 3718 attam
1150 3665 1201 3715 aa.

151 3736 181 3785 et
198 3736 334 3801 transpos.
409 3741 446 3791 32
465 3738 527 3807 epse
541 3738 568 3794 V
583 3756 657 3797 corr.
673 3740 719 3797 ed.
