2725 4150
175 344 183 359 '
204 338 270 403 336
487 335 628 390 DONATI
645 335 816 391 INTERPR.
830 334 939 391 VERG.

204 506 305 562 autem
326 503 405 562 hunc
427 504 527 563 notari
549 503 678 582 Vergilii
701 503 894 580 carminibus,
921 524 981 564 non
1009 503 1082 580 quia
1110 502 1225 565 adolea-

203 592 297 652 centis
327 611 427 652 amore
457 596 595 670 raptatus
625 597 686 667 est,
716 593 799 669 quod
827 596 900 653 tunc
928 592 1044 653 licitum
1076 593 1152 669 fuit,
1174 592 1226 654 sed

204 683 276 756 quia
297 680 351 740 illo
375 683 440 741 loco
460 685 550 758 atque
568 682 622 740 illo
640 685 773 758 tempore
793 682 829 741 de
848 683 945 743 salute
964 682 993 741 ei
1009 683 1114 759 potius
1134 701 1227 761 quam

203 769 239 829 de
261 769 395 830 libidinis
418 772 522 831 morbo
550 773 650 830 fuerat
678 771 873 850 cogitandum
900 774 930 831 et
958 771 1029 849 quia
1056 772 1226 833 iuventutis

203 858 337 918 studium
363 861 545 939 flagitiosum
572 862 605 918 in
633 861 726 919 aliam
756 881 875 937 quoque
905 863 1035 921 aetatem
1064 861 1226 922 inhonesta
1251 874 1262 917 e

203 950 428 1009 continuatione
465 950 653 1027 perduxerat.
718 950 844 1027 denique
880 951 929 1009 bic
965 949 1227 1027 reprehensionem

202 1039 301 1114 ipsum
324 1039 491 1099 evidentius
515 1040 645 1115 aperuit,
669 1039 723 1098 ubi
744 1040 848 1116 posuit
870 1058 948 1099 nova
971 1038 1085 1118 gaudia
1112 1042 1145 1099 st
1172 1038 1227 1117 qui

202 1128 344 1186 iuvenum
367 1127 425 1187 tibi
448 1147 564 1205 semper
586 1131 680 1188 erant.
721 1148 834 1188 novum
857 1129 936 1188 enim
958 1129 1020 1187 fuit
1040 1130 1077 1187 ut
1098 1129 1225 1190 maturi·

202 1216 261 1276 oris
291 1217 400 1277 aetatis
430 1217 555 1277 auderet
584 1217 664 1294 quod
694 1217 835 1276 iuvenum
862 1217 930 1277 fuit.
975 1219 1010 1276 tu
1033 1219 1150 1293 autem,
1173 1218 1225 1293 aii,

202 1307 326 1365 iuventa
347 1309 502 1366 transacta
523 1307 556 1365 in
579 1307 712 1366 eiusdem
734 1306 934 1384 turpitudinis
957 1325 1057 1366 amore
1075 1308 1226 1368 mandati
1241 1322 1263 1364 u

203 1394 352 1456 ordinatio
374 1395 462 1456 istius
486 1397 545 1455 loci
566 1396 637 1455 talis
661 1398 720 1455 est:
743 1399 777 1456 tu
797 1416 929 1473 quoque,
949 1394 1053 1473 Cydon
1070 1395 1180 1456 infelix
1197 1400 1228 1457 et

202 1484 382 1560 miserande,
406 1485 479 1544 dum
502 1483 636 1561 Clytium
658 1486 818 1545 flaventem
840 1486 939 1562 prima
961 1484 1105 1563 lanugine
1129 1486 1226 1547 malas

203 1591 336 1649 securus,
358 1593 437 1634 nova
460 1593 596 1634 amorum
618 1574 745 1653 gaudia,
768 1575 915 1650 sequeris,
944 1575 997 1651 qui
1020 1592 1139 1635 amores
1162 1594 1227 1637 esee

202 1664 346 1723 iuvenum
374 1664 484 1740 solent,
513 1665 625 1723 iaceres
655 1666 769 1724 stratus
798 1663 953 1722 Dardania
981 1663 1112 1724 dextera.
1160 1682 1227 1725 ecce

203 1752 313 1811 dicitur
344 1772 396 1811 cur
428 1771 488 1811 non
520 1754 560 1812 sit
592 1753 720 1812 occisus:
756 1754 789 1811 ni
820 1754 950 1825 fratrum
983 1754 1094 1826 stipata
1124 1754 1228 1815 cohors
1243 1766 1264 1809 n

201 1843 277 1913 feret
298 1843 396 1911 odoia,
424 1843 531 1901 Phorci
552 1844 715 1916 properatae.
762 1842 892 1902 ostendit
916 1840 1081 1918 Cydonem,
1103 1842 1228 1904 libidini

202 1931 378 1989 etiamtum
398 1930 532 1990 deditum
550 1951 618 1990 cum
636 1932 745 1991 salutis
763 1931 899 2007 pericula
917 1933 1135 2007 tractarentur,
1154 1950 1228 1993 casu

201 2019 301 2095 potius
325 2020 442 2081 Aeneae
465 2021 604 2080 manibus
637 2040 728 2099 quam
755 2021 878 2098 propria
907 2021 1019 2081 virtute
1046 2019 1228 2100 liberatum,

202 2128 272 2167 nam
295 2128 330 2169 eo
353 2114 503 2171 momento
526 2112 671 2187 temporis
690 2130 750 2187 quo
769 2110 871 2169 Aenea
888 2113 1084 2187 persequente
1103 2115 1229 2187 poterat

201 2198 324 2258 interire
343 2218 486 2259 emersere
504 2199 560 2259 filii
573 2199 682 2259 Phorci
696 2200 814 2259 densati
828 2200 919 2259 simul
933 2200 1081 2276 simulque
1096 2201 1227 2262 collecti
1243 2215 1265 2258 ss

140 2301 192 2351 330
202 2292 309 2361 septem
342 2307 476 2360 numero,
505 2293 679 2363 septenaque
714 2289 772 2348 teto
801 2289 959 2348 coniciam:
995 2287 1165 2365 periculum
1193 2291 1227 2352 in

202 2378 248 2435 bis
273 2382 303 2437 et
325 2378 532 2454 manifestum
562 2380 629 2453 quis
660 2379 740 2437 enim
768 2379 937 2453 unanimes,
968 2380 1166 2456 congregatos
1196 2383 1228 2440 et

201 2466 282 2525 tanti
303 2469 421 2526 numeri
444 2487 504 2526 non
526 2468 645 2527 timeret
670 2486 730 2527 uno
755 2468 820 2527 ictu
844 2471 958 2543 septem
980 2467 1042 2526 tela
1063 2467 1227 2530 iacientis‘?

203 2555 359 2615 consilium
386 2556 481 2635 igitur
508 2557 568 2616 fuit
597 2559 784 2616 contemnere
810 2556 930 2616 iuterim
954 2554 1084 2632 Cydonis
1111 2577 1227 2635 necem,

202 2648 239 2702 ut
260 2645 341 2705 hosti
363 2646 487 2706 collecto
510 2646 542 2705 in
561 2648 713 2706 catervam
731 2647 921 2705 resisteretur
939 2648 1092 2722 primitus,
1110 2647 1146 2706 in
1165 2667 1226 2726 quo
1241 2659 1263 2703 a

202 2735 298 2792 maior
315 2735 361 2794 vis
379 2735 506 2812 periculi
524 2736 583 2793 fuit
601 2738 640 2810 et,
658 2737 686 2795 si
703 2736 830 2795 favisset
847 2739 979 2810 eventus,
993 2753 1104 2813 magna
1122 2740 1227 2813 posset

203 2822 238 2880 de
261 2822 397 2899 pluribus
420 2824 547 2884 victoria
569 2826 735 2901 provenire.
768 2826 881 2898 partim
901 2825 988 2899 palca
1011 2825 1158 2898 clipeoque
1179 2843 1225 2886 rc·

202 2912 314 2971 saltant
334 2913 441 2973 inrita:
464 2913 625 2974 veniebant
648 2913 770 2990 quidem
792 2912 869 2972 ictus
894 2915 1026 2973 omnium
1051 2915 1083 2972 in
1102 2912 1225 2975 Aeneae

203 3004 321 3060 scutum
343 3005 374 3062 et
396 3003 527 3081 galeam,
551 3003 602 3063 sed
621 3002 757 3062 laedendi
775 3002 907 3080 corporis
926 3003 1010 3063 nulla
1028 3003 1226 3079 proveniebat

274 3160 290 3207 2
304 3161 418 3223 aptatae
426 3154 478 3208 VR
491 3162 588 3224 captus
602 3155 645 3210 ed.
697 3160 713 3209 3
728 3157 754 3209 ci
767 3171 820 3209 om.
836 3154 879 3209 ed.
930 3161 947 3208 4
961 3155 1226 3212 concidendumVR

202 3226 417 3281 contendendum
431 3226 474 3281 ed.
490 3228 665 3297 copitaedam
679 3243 738 3281 nos.
798 3232 814 3279 6
824 3227 996 3295 perduxerat
1005 3226 1056 3280 VR
1067 3233 1227 3295 protexerat

203 3296 245 3349 ed.
260 3304 423 3365 porrexerat
436 3297 562 3366 adpost.
618 3297 758 3352 sueva
771 3301 868 3366 (supra
881 3297 906 3351 R
920 3298 989 3366 tior).
1011 3299 1013 3368 ξ
1040 3304 1100 3353 erut
1112 3297 1166 3353 VR
1179 3300 1226 3355 ed.

203 3371 236 3420 10
251 3384 368 3423 ammom
377 3369 429 3423 VR
443 3386 511 3423 corr.
523 3369 566 3423 ed.
619 3375 651 3423 12
667 3370 716 3438 qai
729 3371 795 3423 dum
804 3369 856 3424 VR
869 3369 913 3423 ed.
928 3371 976 3438 qui
990 3368 1089 3452 delevi.
1137 3375 1171 3425 1a
1184 3387 1227 3428 aa·

201 3438 921 3584 cattralbcaesultuut
935 3447 1010 3565 un
1024 3441 1227 3581 ltvtttlt

201 3598 270 3636 corr.
281 3600 303 3636 r.
356 3588 388 3637 18
402 3586 529 3639 anatem
539 3583 590 3637 VR
605 3601 671 3638 corr.
684 3583 727 3639 ed.
779 3588 813 3637 20
826 3582 936 3652 filiisl'.
954 3583 957 3654 l
974 3583 1144 3638 densetiVit
1158 3591 1185 3642 ct
1198 3586 1226 3642 d.

190 3654 235 3710 ed.
242 3655 268 3784 ἅ
283 3656 374 3714 abael
382 3655 434 3713 VR
447 3662 515 3715 ucat
527 3655 571 3712 ed.
621 3661 657 3711 ‘li
675 3655 854 3712 acervat.
869 3655 1009 3710 etiamad.
1060 3656 1228 3714 remeen-

178 3732 224 3784 tes
263 3728 299 3788 R.
349 3738 385 3790 26
400 3731 584 3805 faomsetVR
599 3729 700 3802 fuisset
713 3728 759 3785 cd.
796 3731 833 3781 ‘lb
846 3724 994 3780 tuomssl„
1024 3729 1061 3774 ‘as
1076 3727 1234 3789 corpses&
