2725 4150
201 305 268 370 344
487 301 937 358 nouaurmrarranaaa.

200 454 312 530 tuendo
335 470 500 530 certamina
525 469 586 547 ipsi
613 490 732 548 quoque
755 472 844 547 quasi
865 469 966 530 subita
992 470 1139 532 instructi
1162 474 1225 533 arte

201 562 245 620 ire
268 562 300 619 in
323 560 440 620 hostem
462 563 493 620 et
515 564 637 636 repente
659 560 789 638 gloriam
811 578 954 636 quaerere
976 559 1160 621 didicerunt

139 659 191 710 400
275 651 352 709 Tama
377 649 482 709 Paltos
505 649 612 724 bttupts
637 649 797 724 sapientem
823 649 951 709 Rhoetea
973 654 1096 725 praeter
1117 651 1224 721 maisit

201 741 254 798 boc
275 739 404 812 spatium
426 741 595 811 taatmnqae
616 755 717 797 morae
737 739 798 814 fact
817 739 874 798 ra.
905 739 953 798 ra
975 756 1106 813 mamque
1119 740 1227 814 procat

202 829 334 888 validam
356 828 503 887 direxerat
523 828 653 895 testam,
677 844 766 900 quam
783 829 898 888 medias
915 828 1060 888 Rhoeteus
1077 829 1228 905 mterctpr
1248 841 1259 884 r

203 919 307 991 optime
330 921 440 975 teutra:
462 916 582 976 hastam
603 915 729 976 miserat
750 916 868 994 Pallas,
886 919 922 977 ut
938 917 1028 976 illum
1044 921 1226 994 percutemt,

203 1007 254 1066 sed
284 1006 388 1065 eodem
416 1009 567 1066 momento
597 1008 700 1066 vectus
728 1004 838 1085 biiugis
867 1005 1034 1066 transiebat
1060 1007 1227 1082 Rhoeteus,

203 1115 262 1171 quo
286 1095 402 1154 factum
424 1098 469 1156 est
487 1099 522 1156 ut
539 1094 654 1155 medius
671 1095 737 1172 ipse
756 1097 919 1173 excepisset
935 1094 1030 1155 ictum
1046 1096 1081 1155 in
1099 1097 1227 1158 alteriue

203 1184 331 1243 eiectum
353 1184 518 1244 interitum.
563 1186 664 1244 teutra
691 1185 898 1261 accipiendum
925 1187 984 1260 est,
1010 1187 1046 1244 ut
1072 1186 1227 1247 veteribus

202 1272 329 1349 placuit,
351 1274 435 1333 velut
457 1276 583 1334 scutum.
620 1291 765 1349 curruque
786 1275 902 1334 rotatas
925 1274 1019 1334 caedit
1039 1275 1262 1336 smrtammriea

202 1362 379 1420 Ratatorrm
403 1363 532 1422 calcibus
554 1380 645 1422 orca:
666 1381 837 1439 percussus,
859 1363 972 1440 inquit,
998 1363 1160 1425 revolutus
1182 1367 1228 1427 est

203 1470 293 1510 curru
320 1453 363 1527 et,
392 1470 461 1510 cum
489 1452 585 1511 adhuc
612 1455 730 1529 partem
758 1453 893 1530 aliquam
920 1452 1045 1530 spiritus
1071 1453 1228 1530 retineret,

203 1541 335 1617 spatium
368 1542 466 1600 terrae
500 1541 581 1617 qnod
618 1542 681 1600 eius
718 1542 845 1619 pedibus
882 1541 1055 1602 subiacebat
1091 1543 1227 1605 calcibus

204 1629 326 1689 caedere
349 1628 520 1706 videbatur3
543 1630 731 1690 semianimas
754 1632 835 1690 enim
857 1631 900 1690 sie
922 1631 1051 1707 faciunt,
1074 1630 1150 1692 dum
1173 1634 1228 1695 aii·

141 1728 293 1796 torquem
326 1719 424 1778 adhuc
465 1719 599 1779 dolorem
630 1721 772 1779 sentiunt.
827 1738 863 1780 ac
893 1721 971 1779 cetat
1001 1724 1099 1794 optato
1131 1723 1263 1783 ventas

204 1811 312 1868 aestate
330 1809 433 1866 coortis
450 1808 586 1882 dispersa
598 1809 717 1868 inmittit
733 1810 817 1868 sitris
834 1811 972 1870 incendia
986 1813 1105 1885 pastor:
1122 1830 1228 1889 quem·

205 1897 365 1956 admodum
395 1897 485 1973 solet,
513 1898 627 1974 inquit,
656 1893 727 1958 'roto
757 1898 914 1974 provenire
943 1897 1059 1975 pastori
1081 1900 1118 1958 ut
1142 1900 1229 1961 adiu·

204 1991 312 2046 ventur
334 1988 424 2046 vento
446 1986 584 2046 incendia
606 2005 685 2063 quae
707 2007 761 2065 per
780 2006 868 2066 agros
887 1991 1039 2064 sparserit,
1057 1988 1181 2049 addidit
1196 1992 1229 2050 at

205 2076 328 2136 aestatis
351 2078 484 2153 tempus,
508 2096 567 2153 qno
590 2078 708 2137 nullum
729 2078 964 2154 inpedimentum
987 2098 1023 2137 ex
1051 2097 1160 2158 umore
1181 2081 1228 2140 in·

204 2165 316 2225 cendiis
339 2165 475 2226 fovendis
499 2166 620 2226 accedit.
657 2168 796 2242 correptis
817 2170 912 2228 sabito
933 2168 1038 2227 mediis
1060 2170 1230 2229 mancam
1244 2189 1268 2231 rs

204 2272 267 2314 arra
289 2254 411 2313 torrida
430 2272 486 2329 per
509 2256 583 2315 latos
606 2258 683 2315 actes
712 2257 859 2317 Vatcarer'a
886 2274 1018 2330 campos:
1046 2259 1076 2315 et
1102 2258 1230 2320 incensa

205 2346 327 2421 repente
357 2342 517 2404 medietate
547 2344 693 2404 silvarum
723 2348 813 2421 atque
846 2348 1024 2422 consumpta
1055 2347 1231 2408 extenditur

205 2454 260 2510 per
288 2433 452 2492 inmensam
484 2433 675 2493 latitudinem
705 2434 834 2495 flamma.
887 2438 958 2513 quia
985 2434 1020 2494 de
1048 2436 1175 2512 proeliis
1197 2442 1231 2498 et

206 2522 450 2582 dimicationibus
480 2523 673 2599 loquebatur,
704 2523 799 2583 aciem
828 2524 1009 2583 Vulcaniam
1039 2519 1117 2583 dixit
1143 2526 1228 2586 flam·

205 2631 323 2671 marum
355 2629 432 2688 quae
464 2632 518 2688 par
554 2612 644 2671 silvas
682 2614 833 2690 dispersae
870 2614 1118 2690 comparabantur.
1179 2616 1231 2676 rae
1245 2632 1268 2675 rs

205 2702 309 2761 sedeas
326 2701 417 2759 mm
434 2702 572 2771 flammas
586 2702 731 2775 despectat
744 2704 873 2762 ocaretr's:
886 2706 991 2779 pastor
1004 2705 1106 2763 autem
1120 2703 1229 2766 sedens

207 2794 237 2849 et
259 2788 393 2868 gaudens
416 2789 495 2850 votis
518 2791 579 2850 suis
601 2790 741 2850 incendia
768 2793 940 2871 suffragari,
968 2792 1117 2852 dominari
1143 2794 1230 2853 videt

207 2882 238 2939 et
261 2880 447 2955 triumphare
469 2878 605 2939 flammas
628 2881 660 2939 in
684 2900 786 2940 eorum
810 2881 934 2941 exitium
956 2902 1033 2958 quae
1060 2884 1126 2958 ipse
1150 2883 1230 2944 desi·

144 2968 324 3027 moderavit
347 2966 509 3027 absumere.
554 2986 614 3028 moa
636 2970 722 3029 attter
744 2970 855 3030 scotum
876 2972 971 3031 cirtae
994 2972 1049 3031 cett
1070 2972 1168 3032 mnata
1194 2974 1229 3033 ἐκ

280 3121 402 3176 laedite
420 3121 463 3174 ed.
490 3120 493 3192 t
522 3128 582 3176 arte
599 3123 640 3177 ire
653 3120 705 3175 VR
723 3124 828 3178 anteire
846 3123 889 3177 ed.
948 3124 1058 3194 asapit
1075 3124 1113 3179 m
1126 3122 1153 3177 V
1171 3124 1230 3193 fait

207 3193 256 3247 tito
274 3192 307 3246 R.
380 3198 396 3246 6
420 3193 519 3260 optime
541 3192 611 3247 Don.
630 3211 681 3262 pro
706 3193 839 3248 adverbio
858 3194 991 3249 habuisse
1008 3195 1167 3321 videtinp
1193 3197 1229 3252 de

207 3270 297 3318 teutra
314 3281 338 3317 v.
358 3262 473 3331 interpr.
500 3264 503 3335 t
531 3270 555 3319 te
572 3264 682 3334 septaes
699 3265 865 3334 fratremque
886 3268 978 3337 Tyren
998 3267 1064 3321 add.
1083 3266 1127 3322 ed.
1168 3270 1230 3323 aest

207 3336 237 3388 in
256 3334 308 3389 VR
325 3350 416 3403 neque
435 3334 600 3403 explicatur.
658 3342 673 3390 ‘t
694 3337 784 3392 ecdem
802 3354 856 3392 om.
876 3338 967 3406 spatio
986 3338 1085 3394 relicto
1103 3338 1129 3392 R
1146 3340 1230 3396 ettam

208 3406 326 3460 inseruit
339 3424 361 3460 r.
380 3408 383 3477 Ι
403 3412 495 3461 remae
507 3407 533 3459 R
545 3407 676 3463 eentuaV
691 3425 745 3463 om.
760 3408 803 3463 ed.
822 3409 825 3480 t
841 3410 1051 3464 transiebatVR
1066 3410 1228 3477 0212164.

211 3483 243 3531 10
261 3478 433 3533 simeammee
447 3477 498 3531 VR
516 3495 585 3533 corr.
604 3497 626 3534 r.
683 3485 716 3534 18
734 3486 812 3535 reato
827 3479 878 3534 VR
894 3486 955 3535 eote
973 3482 1016 3536 ed.
1073 3486 1107 3534 20
1125 3498 1229 3538 corree-

208 3552 244 3603 tr's
262 3549 295 3604 R.
367 3555 400 3603 21
419 3551 532 3605 balaami
545 3550 604 3605 VR.
677 3557 712 3605 24
734 3552 910 3607 dimicatione
932 3551 975 3605 ed.
1006 3552 1009 3624 Ι
1038 3554 1164 3620 flammas
1183 3554 1228 3610 ed.

204 3626 240 3675 25
259 3621 387 3693 deiparae
400 3620 458 3676 VR.
530 3627 563 3676 26
582 3629 694 3679 ovantes
706 3623 765 3678 VR.
834 3629 868 3677 27
887 3624 995 3679 uidetur
1013 3623 1057 3679 ed.
1126 3629 1160 3678 29
1180 3627 1229 3683 ab·

191 3712 305 3753 sumere
321 3694 373 3753 VR
386 3696 523 3772 propredt
542 3695 586 3755 ad.
