2725 4150
185 313 251 379 442
467 309 609 365 DONATI
625 307 919 363 muneramus.

184 479 366 558 praestantis
394 497 490 555 neque
518 476 644 552 alienos,
674 475 727 535 sed
756 495 840 553 suos,
870 495 1000 554 quorum
1026 477 1211 540 tractatibus

184 569 295 631 instrui
312 567 440 626 fideliter
457 568 572 642 posset,
590 565 680 626 iussit
699 565 802 643 acciri3
825 569 945 643 poterat
962 565 1042 626 enim
1059 565 1092 626 id
1109 567 1210 629 faeere

184 660 238 736 qui
262 657 424 736 cogebatur
446 655 623 715 necessitate
646 655 769 732 publica
797 658 827 715 et
850 657 903 732 qui
924 655 1026 734 regiae
1048 657 1211 733 potestatis

185 749 314 808 eulmine
337 744 503 804 fruebatur.
536 745 613 819 alta,
635 744 749 822 inquit,
770 744 852 804 intra
870 745 976 805 limina
998 744 1094 826 cogit:
1116 745 1209 807 inter-

183 837 277 895 iorem
301 835 405 893 domus
428 833 579 912 siguificat
597 837 715 911 partem
733 852 801 893 cum
819 833 893 894 dicit
911 834 974 894 alta
992 835 1074 894 intra
1091 835 1209 897 limina.
1242 859 1255 900 s

184 921 208 1004 †
227 923 358 985 ostendit
371 926 461 1000 poeta
478 941 510 995 se
528 925 723 982 inmemorem
741 925 790 983 sui
808 926 839 983 et
856 925 889 982 in
905 921 1103 1001 descriptione
1117 927 1210 985 vesti·

184 1014 248 1073 buli
270 1013 371 1090 regiae
395 1013 500 1072 domus
523 1032 554 1072 se
577 1012 686 1074 dixisse
717 1012 831 1073 curiam
856 1012 901 1072 ibi
923 1013 1017 1073 solere
1041 1015 1210 1092 conrogari.

184 1100 236 1164 sed
258 1103 314 1162 tali
332 1105 466 1179 tempore
490 1105 521 1161 et
541 1101 575 1160 in
596 1103 653 1161 tali
672 1121 763 1162 causa
785 1121 846 1161 non
863 1102 915 1161 ille
935 1103 1018 1162 locus
1036 1103 1137 1163 iuerat
1157 1122 1209 1163 ne-

185 1193 344 1268 cessarius,
368 1193 422 1269 qui
444 1192 527 1268 pacis
549 1209 632 1251 more
651 1192 784 1251 consiliis
803 1193 954 1269 prosperis
973 1191 1117 1252 celebrari
1139 1210 1209 1252 con·

184 1281 336 1355 sueverat,
356 1281 407 1340 sed
421 1280 516 1339 multo
531 1282 673 1341 secretior
687 1284 718 1339 et
731 1281 938 1358 suscipiendae
952 1284 1072 1357 praeter
1085 1281 1209 1343 solitum
1230 1306 1256 1347 re

184 1369 375 1429 multitudini
404 1371 479 1429 satis
512 1369 696 1446 aptissimus.
742 1372 819 1429 certe
850 1389 917 1430 cum
945 1370 1117 1445 concilium,
1147 1391 1210 1432 nou

184 1460 269 1519 curia
290 1461 458 1537 ingrueret,
481 1478 542 1519 uon
565 1460 625 1518 loci
643 1459 842 1533 sollemnitas,
867 1460 919 1519 sed
937 1459 1089 1537 capacitas
1107 1461 1211 1521 fuerat

184 1548 359 1608 necessaria.
405 1549 487 1626 cogit
510 1547 624 1624 inquit:
651 1549 685 1607 in
713 1566 748 1607 eo
776 1548 857 1625 quod
884 1549 961 1608 dixit
987 1550 1070 1627 cogit
1096 1548 1210 1626 duplex

183 1640 283 1715 potest
296 1637 467 1697 intellectus
482 1639 647 1714 occurrere;
665 1636 785 1698 videtum
802 1638 882 1697 enim
899 1638 966 1698 ideo
985 1639 1098 1698 dictum
1116 1641 1210 1717 cogit,

185 1728 257 1804 quia
284 1727 363 1805 regis
391 1726 531 1803 imperio,
560 1746 621 1787 uon
648 1728 755 1803 sponte
782 1727 955 1804 veniebaut3
985 1730 1086 1804 potest
1111 1728 1211 1789 videri
1229 1749 1254 1792 re

184 1819 216 1876 et
229 1818 406 1894 congregat,
424 1816 569 1892 quoniam
582 1816 709 1876 concilio
723 1815 860 1875 habendo
874 1817 1038 1876 multitudo
1047 1816 1210 1878 hominum

184 1907 335 1965 com'muni
361 1906 538 1964 necessitate
571 1905 704 1964 omnium
731 1907 857 1983 urgente
887 1906 1111 1985 congerebatur.
1157 1907 1211 1967 oue

184 2012 340 2054 couoeuere
361 1997 513 2066 fluantque
540 1995 581 2053 od
602 1995 685 2069 repta
703 1995 802 2068 plenis
824 1999 895 2054 tectu
912 1997 983 2055 otis:
1009 1995 1134 2056 moralis
1158 1996 1208 2056 de·

184 2085 321 2160 scriptio,
335 2087 491 2159 venerant,
505 2084 620 2160 inquit,
634 2085 725 2144 acciti
741 2088 771 2144 et
788 2085 885 2161 plenis
899 2086 971 2161 riis,
988 2087 1045 2146 hoc
1060 2088 1106 2146 est
1123 2086 1209 2163 vicis,

184 2174 373 2234 confluebant
396 2174 434 2233 ad
452 2172 556 2233 Latini
572 2173 700 2252 regiam,
722 2173 886 2234 multitudo
904 2174 1150 2253 inaestimabilis,
1172 2179 1209 2237 ut
1227 2197 1254 2238 ro

183 2282 244 2322 nou
261 2263 416 2323 hominum
439 2264 646 2341 congregatio,
669 2263 722 2323 sed
743 2262 892 2323 undarum
914 2265 947 2322 in
967 2266 1048 2324 tecta
1069 2264 1139 2342 ipsa
1157 2264 1208 2325 de·

183 2353 274 2412 fluere
288 2353 447 2413 videretur.
473 2353 603 2411 faciebat
616 2352 672 2412 hoc
686 2353 887 2430 periculorum
900 2353 1105 2414 communium
1111 2354 1208 2417 moles

184 2445 214 2500 et
236 2444 370 2502 humana
392 2441 565 2517 curiositas3
587 2444 702 2502 vocatis
722 2443 803 2501 euim
820 2443 958 2518 patribus
975 2443 1209 2522 intellegebatur

183 2549 246 2590 esse
270 2530 387 2609 aliquid
409 2551 553 2609 maguum
576 2534 607 2590 et
632 2532 730 2610 magis
760 2552 815 2607 pro
846 2533 990 2609 temporis
1013 2535 1131 2593 ratione
1157 2552 1208 2595 su-

182 2622 317 2695 spectum
336 2620 416 2696 quod
430 2620 612 2697 prudentum
625 2621 751 2680 consilia
764 2621 924 2698 flagitaret.
956 2622 1084 2681 sedetur
1101 2623 1209 2684 mediis
1227 2641 1254 2683 ss

183 2712 210 2767 et
231 2711 379 2768 mucimus
402 2727 472 2769 aeuo
500 2714 526 2768 ct
543 2711 663 2783 primus
685 2712 806 2784 sceptris
827 2711 901 2770 baut
925 2711 1002 2770 lactu
1024 2712 1120 2784 fronte
1142 2712 1207 2773 Lu·

183 2799 277 2857 tinus:
300 2798 376 2858 dixit
399 2798 473 2858 duas
497 2817 603 2859 causas
627 2818 755 2875 quarum
777 2800 884 2859 merito
907 2799 1035 2860 Latinus
1057 2802 1208 2864 universis

183 2889 367 2948 extrinsecus
394 2888 545 2948 stantibus
572 2889 655 2949 solus
682 2888 800 2948 adesset
828 2890 860 2948 in
889 2889 1001 2949 medio:
1038 2892 1069 2949 et
1096 2892 1209 2968 aetate,

182 2976 297 3054 inquit,
333 2977 531 3053 praecedebat
560 2977 657 3037 omnis
689 2981 720 3037 et
751 2981 901 3055 potestate
932 2979 1042 3057 regali,
1079 2978 1209 3041 adversa

183 3067 285 3125 omnia
307 3066 399 3126 etiam
421 3066 532 3126 tacitus
555 3067 698 3127 nuntians
721 3068 875 3127 maestitia
902 3071 1073 3128 contractae
1096 3069 1208 3131 bortis
1226 3088 1253 3129 so

183 3158 214 3213 et
242 3157 289 3214 sui
316 3155 420 3216 vultus
446 3159 576 3233 aspectu.
623 3161 708 3229 atque
730 3157 777 3216 bic
804 3158 911 3232 legatos
938 3158 1043 3218 Aetola
1072 3176 1106 3217 cu
1133 3161 1209 3219 urbe

255 3348 272 3395 4
289 3343 430 3409 ferebatur
442 3342 468 3398 V
482 3343 526 3398 ed.
543 3344 691 3410 fruebatur
708 3360 766 3399 nos.
823 3351 838 3399 θ
857 3348 974 3401 ostendit
987 3346 1012 3401 V
1026 3347 1069 3400 ed.
1084 3363 1143 3403 uon
1156 3356 1208 3405 ost.

183 3412 362 3468 scribendum
383 3416 454 3483 puto
477 3418 593 3483 propter
614 3416 662 3470 sed
684 3416 737 3471 tuli
754 3418 806 3471 etc.
836 3417 839 3489 l
869 3418 1046 3473 describtioue
1063 3417 1090 3472 V
1107 3419 1152 3475 ed.
1174 3422 1208 3475 in

183 3484 290 3539 addidi.
347 3488 488 3541 trunam
506 3486 557 3540 iV
575 3504 597 3542 c.
616 3488 658 3542 ilu'
675 3504 726 3541 uos
744 3489 776 3542 iu
794 3490 900 3543 curium
919 3489 961 3544 ed.
989 3489 992 3560 Ι
1020 3491 1208 3560 corruperiV

174 3558 344 3632 concrepari
368 3558 411 3614 ed.
492 3563 525 3611 16
551 3565 697 3629 eouprepat
716 3558 742 3612 V
767 3562 839 3630 cogit
862 3560 906 3614 ed.
987 3566 1019 3615 17
1046 3564 1209 3620 accurtato

163 3631 314 3692 Murrum
331 3632 359 3691 V
375 3653 403 3694 u.
423 3633 550 3692 orarium
567 3629 640 3688 eol.
658 3630 667 3706 l
685 3631 914 3702 educebaturV
931 3634 1147 3703 congregabatur
1159 3635 1207 3693 ed.

156 3711 195 3761 18
213 3713 282 3770 sues
296 3729 357 3785 pro
377 3712 435 3772 citis
448 3709 485 3771 V.
561 3714 596 3767 ‘23
617 3702 790 3780 frutectosi
814 3704 941 3774 tumlti
958 3703 1004 3754 VV-
