2725 4150
170 334 215 400 56
454 329 595 385 uenam
612 329 908 385 muuuruvunc.

170 500 260 560 lirum
288 497 405 559 obsedit
432 491 575 579 (tacitum
601 497 678 557 dixit
706 497 769 559 sine
797 497 927 575 strepitu
954 488 1085 580 aliquo),

170 590 234 648 iam
261 587 354 648 fiebat
382 588 536 648 fortunam
560 587 640 648 filiae
670 590 702 647 et
729 587 855 664 optabat
877 588 1013 647 Turnum
1038 586 1126 665 poc·
1182 600 1229 615 ·“·

170 677 259 756 iungi
281 696 374 755 quum
395 676 563 756 Phrygium
584 678 697 752 virum,
720 676 849 753 denique
876 676 1067 736 cruciabatur
1091 682 1168 733 a·

171 784 245 827 cure
266 767 358 827 simul
385 765 547 844 doloreque
570 769 728 826 commota.
769 767 897 826 tacitum
919 767 1012 825 limen
1034 766 1159 827 elim*
1183 786 1212 805 ··

170 875 329 933 possumus
347 856 471 931 sentire,
493 857 609 915 utnon
626 855 719 914 limen
738 854 847 915 dixerit
863 856 1004 931 tacitum,
1025 854 1078 915 sed
1094 856 1134 913 lv·
1153 874 1193 895 -ι

170 945 295 1005 Furiam
325 946 451 1005 tacitam
482 944 646 1020 obsedisse,
683 946 719 1004 ut
750 945 870 1005 facilius
902 942 1047 1004 nescienti
1077 956 1127 1005 w
1156 970 1199 1005 ·η

172 1035 321 1112 obrepere.
367 1033 456 1093 facile
484 1037 583 1093 autem
610 1033 670 1092 fuit
697 1034 789 1094 etiam
815 1035 901 1093 nulla
922 1035 954 1094 vi
978 1032 1152 1094 adhibite·
1167 1064 1231 1089 w·

171 1126 267 1183 tinere
290 1122 353 1182 eius
377 1123 512 1183 animum
529 1122 580 1183 eui
597 1123 718 1183 Aeneae
736 1123 798 1182 iam
816 1123 986 1184 coniunctio
1005 1122 1133 1201 displice
1150 1154 1218 1177 ι...

171 1213 330 1273 consilium
361 1215 464 1272 tumen
495 1211 651 1289 probabile
684 1212 843 1272 videbutur
872 1214 1029 1273 inventam
1058 1218 1149 1273 mut·
1176 1254 1188 1267 .

172 1303 323 1361 cumulare
354 1301 543 1377 sententiam,
572 1304 608 1361 ut
638 1302 769 1362 efficeret
797 1304 844 1363 vis
871 1303 969 1362 muicr
995 1321 1033 1362 ne
1061 1320 1159 1363 ccum
1183 1344 1214 1361 .„

171 1394 251 1451 taret
267 1393 399 1450 mentem
417 1393 449 1450 et
469 1389 502 1449 in
521 1390 613 1450 aliem
631 1394 749 1469 partem
768 1410 854 1452 sexus
873 1391 1001 1451 forsitan
1023 1390 1152 1451 mobilia·
1185 1438 1196 1449 .

171 1482 322 1541 transiret.
367 1481 436 1540 baie
464 1480 521 1540 dec
550 1481 691 1540 caeruleis
722 1499 816 1539 eurem
842 1482 878 1540 de
907 1482 1039 1540 crinibus
1067 1498 1152 1555 ωιμ
1177 1530 1231 1545 ...

172 1572 276 1630 cenail
297 1572 385 1644 teque
407 1571 507 1630 unum
519 1571 698 1643 praecordia
721 1571 762 1630 cel
783 1572 890 1629 intime
907 1570 1018 1639 subdit,
1042 1586 1099 1643 pree
1116 1586 1215 1643 pk„

172 1661 274 1720 baeda
296 1661 415 1719 demean
436 1663 565 1718 morestre
583 1660 760 1733 permisceat
785 1677 912 1720 emnem:
941 1659 1066 1718 Furium
1086 1676 1150 1737 poa
1166 1708 1206 1731 ..,,

172 1751 216 1809 sic
244 1750 378 1828 fingrmt,
411 1747 491 1824 quod
521 1766 634 1826 angues
663 1769 719 1825 pro
753 1748 884 1808 crinibus
913 1748 1025 1808 habeat
1053 1748 1085 1807 et
1113 1768 1160 1825 qi..

172 1838 237 1897 eius
264 1838 396 1898 ministri
423 1838 498 1910 sint,
528 1856 598 1896 cum
625 1838 730 1914 aliqua
757 1838 783 1897 ei
811 1839 893 1897 mela
919 1836 1100 1914 perficienda
1121 1856 1165 1901 a.
1204 1902 1213 1913 „

172 1946 226 1986 nos
249 1930 351 1986 tamen
370 1926 499 1986 Amatae
522 1945 582 1985 non
601 1946 744 2006 anguem,
767 1927 820 1986 sed
838 1928 1068 1987 commotionem
1084 1946 1142 1987 mer

172 2016 340 2076 inmensam
359 2016 499 2076 debemus
523 2017 670 2096 accipere,
694 2018 728 2076 ut
747 2017 902 2095 conposite
916 2015 1019 2077 Latini
1038 2015 1186 2094 volunta..
1210 2087 1224 2094 η

171 2106 426 2183 perturbarentur.
471 2106 577 2183 itaque
611 2107 684 2166 licet
718 2108 792 2166 haee
824 2108 870 2166 itu
903 2106 977 2182 sint,
1012 2123 1231 2188 expensum

172 2196 337 2255 secundum
359 2197 481 2272 poetam
504 2214 580 2271 quae
604 2196 685 2256 dicta
708 2198 786 2255 sunt.
831 2197 902 2255 huic
929 2195 1042 2272 iuquit,
1069 2196 1128 2256 hoc
1149 2227 1172 2260 u

172 2284 310 2344 Amatae.
357 2284 444 2343 deam
467 2285 591 2344 Fmiam
615 2286 693 2344 dixit
714 2289 750 2345 ut
773 2304 865 2362 supra
888 2278 997 2366 (324);
1021 2286 1094 2345 deos
1115 2303 1170 2356 am
1187 2347 1220 2374 m

173 2374 304 2450 deasque
327 2376 442 2436 veteres
465 2377 650 2451 putaverunt
672 2374 726 2449 qui
748 2377 847 2434 essent
870 2375 997 2435 alicuius
1018 2365 1226 2460 virtutium..¹

172 2464 307 2524 homines
330 2465 480 2540 potestate
503 2467 686 2540 superarent
729 2464 873 2523 caeruleis
896 2485 990 2522 unum
1008 2463 1044 2524 de
1063 2463 1180 2532 crinib„

174 2573 303 2631 unguem
325 2552 448 2612 conicit:
477 2553 597 2628 quaudo
625 2574 719 2612 unum
743 2554 782 2612 ad
805 2552 1001 2629 perditionem
1026 2554 1177 2629 quietare.
1203 2621 1214 2628 ..

173 2662 273 2702 rerum
298 2642 446 2702 arbitrata
471 2646 517 2701 est
540 2661 629 2718 posse
655 2643 804 2716 sufficere,
832 2642 905 2717 quid
932 2644 964 2702 in
991 2641 1183 2706 eversioniba

172 2734 294 2808 poterat
317 2751 408 2808 quam
430 2733 478 2791 tot
501 2733 592 2791 etiam
615 2731 732 2790 funerei
755 2750 867 2810 angues
891 2730 1067 2792 armabant?
1103 2733 1179 2808 inq-i

173 2820 274 2880 sinum
310 2820 485 2898 praecordia
517 2820 556 2879 ad
587 2821 696 2881 intima
732 2820 847 2881 subdit:
884 2823 967 2881 sinus
1000 2821 1111 2881 dicitur
1141 2843 1182 2898 q..
1221 2813 1228 2826 ’

172 2911 274 2986 potest
296 2908 414 2986 aliquid
437 2910 570 2986 excipere
594 2915 624 2971 et
646 2914 756 2970 tenere.
801 2910 894 2969 Furia
921 2912 1015 2989 igitur
1041 2911 1074 2970 in
1097 2909 1230 2990 sinu„

174 3002 204 3059 et
233 2997 408 3075 praecordia
438 3017 568 3078 anguem
597 3000 681 3060 misit
711 3000 751 3058 ed
779 2999 847 3076 ipsa
876 3001 993 3060 intime.
1039 3000 1169 3078 subiunp

174 3106 229 3147 cur
245 3088 302 3148 boc
320 3088 438 3147 fecerit:
462 3107 521 3164 quo
541 3088 705 3148 furibunda
723 3089 845 3148 demum
863 3093 998 3150 monstro
1019 3089 1192 3166 permisces.

174 3195 305 3253 omnem,
327 3176 422 3236 idest
443 3180 481 3236 ut
502 3178 559 3237 hcc
581 3181 716 3238 monstro
736 3198 790 3255 per
812 3179 929 3253 puellae
948 3185 1075 3239 matrem
1099 3182 1192 3240 totae

174 3267 296 3326 domum
322 3266 473 3342 misceret,
501 3267 615 3327 scilicet
645 3272 681 3327 ut
708 3268 852 3328 subverse
880 3269 1014 3328 omnium
1041 3269 1195 3336 voluntau
1222 3337 1229 3344 ¹

246 3514 263 3562 4
282 3516 414 3565 commota
432 3526 486 3564 om.
501 3509 544 3564 ed.
601 3515 616 3562 7
636 3516 728 3564 eutem
746 3527 799 3563 om.
815 3511 858 3566 ed.
915 3519 949 3566 15
969 3513 1040 3582 quod
1059 3513 1099 3580 (et
1111 3509 1183 3566 inire

174 3577 349 3647 Vexpeetee
369 3588 408 3636 ut.
436 3581 441 3654 l
472 3582 633 3637 criminibus
651 3579 685 3633 V.
759 3586 793 3635 18
818 3586 884 3650 post
906 3587 1045 3640 volentate
1064 3584 1124 3638 inte
1176 3581 1194 3636 l.
1221 3609 1224 3614 ·

151 3652 276 3713 nuptiae
294 3652 339 3707 ed.
400 3659 436 3708 24
455 3655 526 3725 quia
539 3650 688 3710 etaremv
703 3653 859 3724 quietorum
875 3673 928 3709 nes
943 3654 1110 3711 buruuellQ
1151 3653 1195 3710 ed.

138 3716 179 3763 80
196 3718 316 3777 mum
339 3722 370 3779 V.
451 3733 488 3783 31
511 3728 588 3786 idem
606 3726 632 3782 V
653 3725 700 3783 cd.
719 3726 753 3781 id
772 3732 812 3781 est
829 3742 891 3780 noe.
1227 3727 1231 3742 '
