2725 4150
550 319 805 376 musmosxn
1122 326 1186 391 601

169 490 283 566 equites
300 489 363 548 iam
380 490 507 550 aderant
519 492 641 549 tantum
653 489 791 565 proximi,
809 493 845 549 ut
863 490 978 567 spicula
992 511 1069 567 quae
1088 493 1188 552 mitte-

168 577 239 638 bant
251 579 285 637 in
298 578 399 638 media
412 581 511 639 castra
525 578 744 639 descenderent.
768 579 833 638 ibat
847 583 948 639 autem
961 581 1057 640 tristis
1076 581 1189 641 clamor

167 667 204 726 ad
226 668 358 744 caelum,
386 687 488 728 eoram
515 668 630 729 seilicet
657 669 711 744 qni
740 669 901 728 cernebant
923 667 1043 729 evidens
1066 671 1189 746 malum,

165 759 322 817 eteorum
345 757 508 817 audiebant
534 755 664 836 gemitus
687 756 741 835 qui
763 758 918 818 cadebant.
964 760 1061 819 omnis
1085 758 1191 819 aderat

136 846 334 924 sdesperatio
362 849 393 906 et
420 847 586 924 apparebat
608 847 681 922 quid
709 851 827 924 tempus
855 848 999 923 adferret,
1026 849 1059 907 ni
1081 849 1190 909 fuisset

163 935 284 996 Aeneae
307 935 496 997 subventum.
534 939 647 1012 quanta
669 936 697 995 ei
719 936 785 996 laus
812 937 860 997 his
884 937 1041 1016 generibus
1065 937 1188 997 dieitur!

163 1025 247 1086 solus
270 1024 357 1085 abest
374 1045 411 1084 ex
429 1044 520 1085 eausa
538 1026 685 1085 vulneris:
709 1027 739 1085 et
762 1026 836 1087 alios
857 1029 990 1085 extrema
1008 1030 1189 1103 presserunt,

163 1115 241 1174 alios
263 1113 327 1173 iam
348 1115 414 1191 ipse
435 1118 525 1194 urget
545 1114 695 1174 interitus.
817 1136 824 1148 ·

235 1203 299 1262 Hic
326 1203 425 1262 Versus
457 1205 579 1279 iudano
608 1205 673 1264 uati
702 1221 844 1263 mucussa
873 1204 971 1264 dolore
1000 1206 1068 1280 ipsa
1096 1224 1190 1265 mauu

115 1310 145 1350 ro
159 1293 295 1368 penetriu
315 1293 443 1352 Dictaea
465 1295 561 1366 carpit
587 1294 625 1353 ab
642 1294 704 1353 Ida
727 1295 890 1366 puberibus
917 1295 1030 1353 cautem
1056 1294 1137 1370 sotiis
1165 1299 1191 1355 et

160 1381 236 1453 flore
258 1385 418 1440 matera
438 1400 604 1456 purpureo:
635 1381 813 1442 admiranda
835 1382 961 1444 neonus
984 1384 1132 1460 inventio,
1154 1389 1191 1445 ut

160 1469 221 1530 tali
242 1473 378 1548 tempore
401 1469 485 1530 etin
508 1471 566 1532 tali
588 1490 690 1547 censa,
712 1473 745 1531 in
767 1473 856 1530 tanta
878 1471 1098 1549 desperatione,
1127 1493 1189 1533 om-

160 1559 252 1619 nibus
283 1578 402 1637 quoqne
431 1563 462 1619 et
490 1562 557 1638 ipso
587 1561 718 1620 Aseamo
747 1561 986 1637 lacrimantibus,
1019 1561 1189 1639 trepidante

160 1648 280 1709 medico
303 1651 334 1708 et
355 1647 453 1726 ipsius
475 1650 639 1710 medicinae
659 1650 813 1710 deficiente
841 1651 1013 1711 substantia
1042 1651 1190 1712 adfuisset

115 1754 142 1796 rs
160 1741 262 1798 mater
280 1756 359 1815 quae
376 1739 523 1799 solacium
539 1741 603 1799 filio
622 1742 653 1798 et
669 1739 835 1799 remedium
853 1740 959 1816 ferret,
981 1759 1073 1817 quam
1090 1742 1189 1818 ipsam

160 1827 361 1905 posteriorem
383 1828 469 1904 fecit,
497 1830 533 1888 nt
556 1829 700 1888 emineret
721 1828 766 1887 fili
790 1829 932 1888 meritum
955 1834 986 1890 et
1007 1831 1118 1889 matris·
1137 1829 1189 1888 ad·

161 1917 270 1977 fectus.
300 1915 346 1976 ait
366 1917 464 1995 igitur
485 1917 534 1978 hie
555 1918 657 1979 Venus
679 1917 804 1996 indigno
826 1920 893 1978 nati
916 1937 1059 1979 conemsa
1077 1919 1189 1996 dolore,

162 2025 224 2066 non
247 2025 308 2083 quo
337 2007 378 2066 sit
404 2006 516 2085 aliquis
539 2007 625 2067 dolor
652 2007 762 2087 dignus
784 2007 928 2084 filiorum,
958 2009 1010 2068 sed
1038 2008 1111 2087 quia
1133 2029 1188 2087 pro

163 2096 266 2155 animo
289 2099 449 2174 parentum
471 2096 629 2176 indignum
652 2101 699 2157 est
717 2096 861 2174 quioquid
883 2098 939 2157 filii
962 2098 1074 2158 fuerint
1094 2101 1189 2177 passi:

120 2200 146 2239 so
163 2206 223 2246 non
245 2185 322 2244 tulit
337 2186 412 2246 haee
430 2205 553 2247 causam
570 2186 615 2245 fili
633 2186 676 2247 sie
696 2187 892 2246 inefficaciter
909 2188 1003 2263 trahi,
1027 2188 1190 2249 admodum

164 2274 278 2352 quippe
301 2274 462 2336 videbatur
485 2275 682 2355 incongruum
711 2278 741 2335 et
762 2276 851 2335 illum
873 2275 916 2336 sio
937 2276 1034 2336 teneri
1055 2279 1188 2339 vulneris

165 2382 255 2425 eausa
279 2364 310 2422 et
336 2365 449 2440 inpune
471 2366 638 2441 periculum
662 2384 800 2426 crescere.
832 2367 936 2441 itaque
954 2386 973 2426 a
993 2366 1119 2426 Dictaea
1133 2366 1189 2427 Ida

166 2453 289 2514 sustth
311 2453 372 2513 suis
394 2453 534 2515 manibus
557 2455 680 2514 casdem.
714 2454 838 2515 Dictaea
856 2473 1020 2533 cognomen
1043 2459 1089 2515 est
1107 2456 1188 2533 Idae,

166 2545 199 2601 nt
220 2541 282 2601 alio
306 2542 371 2601 loco
394 2538 440 2621 (3,
457 2536 536 2625 171)
559 2545 708 2620 „Dictaea
731 2547 823 2623 negat
844 2544 902 2603 tibi
924 2545 1060 2622 Iuppiter
1084 2545 1188 2605 arva“.

131 2640 153 2681 ²⁶
168 2632 246 2707 quod
273 2631 319 2691 ait
344 2651 438 2691 manu
467 2633 578 2709 carpit,
610 2636 641 2691 et
669 2634 775 2693 matris
806 2633 940 2693 animum
969 2635 1125 2710 expressit,
1152 2638 1189 2694 ut

167 2722 262 2797 ipsam
293 2718 405 2780 diceret
437 2740 529 2798 opera
558 2741 615 2782 sua
643 2742 819 2798 procurasse
847 2723 929 2800 qnod
956 2741 1063 2782 sanare
1092 2723 1189 2783 filium

165 2808 314 2885 potuisset
336 2812 367 2869 et
388 2829 449 2869 non
471 2811 563 2886 ferro,
593 2814 717 2888 propter
738 2812 916 2887 remedium,
945 2812 998 2872 sed
1020 2831 1114 2871 manu
1136 2812 1187 2872 ad·

165 2901 278 2958 sereret
300 2916 363 2959 esse
390 2899 552 2960 sublatum.
594 2900 719 2960 dubium
741 2901 821 2960 enim
843 2921 902 2960 non
926 2904 972 2960 est
994 2904 1075 2962 certo
1098 2902 1187 2961 modo

237 3074 252 3122 1
282 3069 400 3124 ueterum
422 3069 448 3123 V
475 3076 555 3125 eraut
582 3071 626 3125 ed.
704 3076 720 3124 4
748 3073 900 3127 audiebant
921 3071 948 3125 V
972 3073 1091 3127 -bautur
1116 3071 1186 3127 edV.

166 3144 182 3193 9
205 3140 282 3195 dieta
304 3158 417 3196 mauuu
443 3141 471 3211 (i.
487 3158 510 3195 e.
529 3142 709 3210 dictamnum)
731 3145 855 3213 peuetrr'a
875 3150 963 3198 cretea
979 3143 1012 3210 V,
1031 3143 1081 3197 sod
1100 3158 1134 3197 ex
1151 3142 1187 3197 iis

166 3228 239 3280 quae
265 3214 421 3280 sequuntur
446 3215 566 3282 apparet
588 3214 730 3267 Donatum
755 3214 830 3268 hanc
852 3214 1002 3270 lectionem
1025 3232 1081 3267 non
1104 3214 1187 3268 modo

166 3298 222 3336 non
246 3283 386 3352 recepisse
412 3284 462 3338 sed
486 3285 654 3339 nominatim
677 3285 852 3353 improbasse
875 3287 1024 3355 ipsumque
1042 3285 1187 3353 scripsisse

166 3356 228 3478 ipiea
245 3372 333 3438 usauu
349 3357 474 3480 pearatlrlsa
487 3356 619 3483 Drgtaea:
636 3356 691 3439 hoc
710 3373 777 3481 ezgo
797 3357 1024 3482 substissuendum
1043 3359 1105 3411 erat
1124 3373 1188 3481 aar?

167 3441 380 3564 dffdettsldledtm
424 3434 756 3567 ldebouraottowtitmtdprd
775 3445 908 3570 magt.
921 3499 963 3553 ed.
981 3435 1015 3483 16
1034 3430 1187 3567 eatdoedttdbue

167 3585 186 3621 a
211 3569 302 3623 dieue
323 3567 357 3623 V.
444 3575 478 3624 28
511 3570 586 3625 dicte
618 3586 766 3641 oopuoraeu
793 3572 819 3626 V
842 3571 895 3625 edI
931 3572 1035 3626 dictum
1064 3588 1086 3626 e.
1115 3570 1186 3626 edb'.

164 3640 352 3763 Zoloeoyrgs'dci
369 3656 403 3696 ea
415 3641 442 3695 V
460 3643 476 3697 l.
496 3642 566 3697 dieat
578 3641 699 3699 Dictaea
712 3643 758 3699 ed.
829 3647 866 3698 ab
885 3660 942 3699 esse
959 3660 1017 3697 om.
1028 3642 1111 3711 ebt
1132 3644 1198 3694 aab·

220 3728 248 3764 m
336 3753 342 3765 .
