2725 4150
547 339 731 396 AENEIDOS
749 339 788 396 lX
1112 341 1177 408 269

161 531 195 572 ea
223 530 300 589 quae
328 509 427 572 colitis
453 509 634 570 recensendo
662 509 821 586 convolv03
850 528 905 568 nec
931 509 1071 568 inmerito
1099 509 1179 567 enim

159 601 267 660 Idaeae
289 602 395 660 matris
419 618 505 660 sacra
528 599 693 660 sectamini.
729 598 784 675 ite,
803 599 913 659 saltate
931 617 999 658 cum
1016 599 1179 675 tympanis,

159 690 275 750 habetis
293 689 358 750 illic
375 689 572 750 amoenitates
591 708 627 747 ex
644 687 737 764 buxo,
755 687 882 764 potestis
898 707 1005 748 vacare
1028 679 1075 747 his
1101 705 1179 764 quae

160 783 277 840 vestrae
294 797 438 856 personae
456 778 650 856 moribusque
669 777 857 838 conveniant
892 777 980 838 sinite
1002 794 1089 837 arma
1105 776 1180 835 airis

130 872 188 929 set
209 869 298 929 cedite
319 871 414 942 ferro:
439 868 558 929 habetis
583 887 659 946 quae
682 885 736 929 vos
758 867 791 926 in
813 866 881 945 ipsa
907 867 1005 945 magis
1028 883 1181 926 sacrorum

160 957 361 1019 sollemnitate
385 960 594 1035 corrumpant,
621 955 763 1035 patimini
785 957 866 1016 viros
890 973 975 1015 arma
997 957 1127 1016 tractare
1150 956 1182 1014 et

160 1047 285 1122 ferrum,
316 1047 398 1122 qnod
426 1045 500 1107 viris
529 1048 670 1125 paratum
698 1048 745 1106 est
771 1064 807 1105 ao
829 1043 914 1106 vobis
944 1064 1005 1105 non
1032 1042 1180 1123 congruit,

160 1137 270 1214 ponite.

233 1226 323 1285 Talia
344 1226 501 1284 iactamem
523 1225 608 1284 dictis
631 1241 667 1284 aa
689 1225 758 1284 dira
781 1227 931 1283 canentem
952 1240 1013 1284 non
1035 1223 1101 1282 tntit
1122 1220 1181 1282 As·

117 1331 143 1370 ro
161 1316 281 1375 canina:
315 1316 395 1374 recte
432 1313 508 1375 facit
538 1315 628 1391 poeta
660 1313 752 1373 verba
788 1311 985 1372 obtrectantis
1017 1311 1182 1387 abscidere,

160 1423 256 1483 neque
288 1405 368 1464 enim
402 1404 620 1481 expectandum
651 1402 713 1462 fnit
742 1401 886 1462 irascenti
913 1404 949 1462 ut
977 1401 1029 1461 ille
1059 1401 1183 1461 adderet

160 1494 256 1554 multo
279 1491 391 1569 peiora.
435 1493 607 1569 loquentem
629 1491 725 1570 igitur
746 1494 778 1552 et
800 1491 896 1551 adhuc
920 1489 1068 1551 deteriora
1089 1490 1181 1549 medi·

160 1586 277 1643 tantem
299 1601 360 1641 non
384 1585 429 1641 est
451 1583 533 1642 ultra
555 1599 661 1659 passus
685 1580 842 1642 Ascanius.
877 1596 1022 1655 caccone
1043 1581 1182 1640 obaesus

161 1674 264 1746 equino
288 1672 433 1731 contendit
458 1672 546 1731 toturn
573 1672 746 1744 diansaqne
768 1670 905 1731 anaia
927 1669 1036 1729 ducens
1058 1662 1184 1728 constitit

116 1776 142 1815 rs
161 1766 229 1821 ante
259 1761 362 1820 Ionem
392 1762 516 1835 suppleo
541 1778 599 1836 per
629 1764 698 1820 octa
724 1764 878 1835 neonus:
915 1759 987 1838 quia
1018 1757 1183 1835 primordia

160 1852 296 1925 fuerunt,
325 1849 433 1910 merito
463 1854 588 1928 rogatus
618 1853 664 1909 est
693 1848 831 1928 Iuppiter
858 1851 895 1910 nt
923 1849 1052 1909 faveret:
1083 1849 1183 1908 cetera

161 1940 392 2016 descriptionem
423 1943 527 2000 tenent
562 1940 708 2018 sagittam
739 1938 884 1999 missuri.-
924 1937 1038 2014 stabat,
1074 1936 1183 2014 inquit,

160 2031 265 2090 tenens
280 2048 383 2089 arcum
396 2028 556 2090 habentem
573 2048 700 2091 nervum
713 2028 865 2106 equinum,
884 2028 978 2089 latere
994 2046 1055 2088 nno
1073 2029 1182 2088 retror-

161 2139 228 2180 sum
246 2138 345 2194 verso,
364 2120 478 2197 sagitta
495 2118 642 2197 inposita,
663 2118 794 2179 brachiis
813 2120 846 2178 in
865 2117 1017 2180 diversum
1035 2117 1183 2192 adductis,

116 2225 143 2265 ao
160 2207 335 2268 huiusmodi
356 2227 474 2285 precem
496 2208 632 2268 fundens.
677 2207 814 2282 lappner
840 2210 1033 2284 mancones,
1062 2208 1245 2270 nadad-eas

162 2300 217 2357 bns
239 2298 338 2358 adnue
361 2298 482 2371 coeptis:
507 2298 652 2358 hocloco
675 2297 750 2357 bene
773 2297 876 2375 posuit
898 2298 1101 2373 omnipotens,
1130 2297 1183 2373 qui

162 2388 243 2448 enim
274 2390 394 2465 poterat
426 2387 527 2447 omnia
559 2390 590 2447 et
620 2387 698 2447 illud
729 2386 851 2446 valebat
882 2386 1010 2463 inplere,
1042 2389 1078 2445 ut
1109 2403 1184 2462 puer

162 2480 308 2537 sterneret
329 2477 494 2537 fortiorem.
529 2478 593 2550 ipse
611 2478 663 2535 titi
686 2476 727 2536 ad
749 2480 801 2535 tna
822 2475 931 2549 tempta
952 2477 1049 2549 {eran
1071 2473 1184 2533 satiem-

161 2568 215 2625 nia
244 2565 324 2625 dona
353 2569 380 2625 et
408 2569 537 2625 stainam
566 2569 634 2625 ante
663 2583 737 2625 oras
766 2568 875 2640 anrata
904 2566 1001 2637 fronte
1028 2564 1184 2622 inaencnm

117 2669 143 2709 as
163 2655 333 2714 candentem
347 2656 517 2728 paritnqne
535 2659 624 2729 capnt
641 2672 707 2713 carn
725 2658 819 2713 rnatre
835 2656 988 2727 ferentem,
1011 2653 1075 2711 iana
1092 2668 1183 2710 corna

158 2747 242 2818 petat
263 2747 289 2803 et
306 2744 434 2818 pedibas
461 2745 511 2818 qni
533 2747 656 2819 sparpat
676 2744 834 2802 harenam:
860 2741 892 2800 in
915 2740 1058 2817 obsequio
1080 2740 1183 2800 istius·

161 2832 245 2893 modi
271 2834 394 2910 plenum
417 2833 504 2894 debet
526 2833 658 2892 officium
686 2830 832 2907 exhiberi,
860 2831 941 2908 quod
963 2830 1132 2892 ostenditur
1153 2835 1184 2889 et

163 2922 310 2999 probatur
323 2924 356 2981 in
369 2923 466 2999 ipsius
479 2922 596 2983 hostiae
611 2922 762 2982 oblatione
781 2922 935 3000 signatum
950 2920 1063 2980 animal
1081 2920 1183 2994 sacris,

163 3012 272 3071 sinon
299 3013 394 3071 macie
418 3012 466 3072 vel
493 3013 593 3071 aetate
620 3010 798 3071 conlectum.
842 3009 917 3070 haec
940 3029 1010 3089 ergo
1034 3010 1183 3070 Ascanius

117 3115 144 3155 ao
163 3100 279 3178 tetigit,
316 3100 424 3175 feram,
460 3100 574 3177 inquit,
613 3101 652 3161 ad
684 3099 798 3176 templa
828 3102 884 3159 tna
916 3098 995 3160 dona
1026 3099 1184 3159 sollemnia

165 3183 277 3271 (noluit
300 3191 379 3250 dona
401 3192 469 3266 ipsa
496 3189 653 3250 sollemnis
675 3188 847 3268 specialiter
873 3188 983 3264 dicere,
1011 3207 1048 3248 ne
1071 3189 1184 3248 faceret

162 3272 303 3361 moram),
322 3278 469 3339 adducam
488 3279 526 3339 ad
546 3298 613 3340 aras
631 3283 700 3340 tuas
718 3279 825 3338 bovem
843 3280 995 3353 invenem,
1014 3276 1183 3352 candidum,

163 3387 286 3429 vaccam
315 3388 433 3446 qnoque
460 3371 601 3428 matrem:
629 3388 690 3428 non
716 3367 835 3428 iuvenci
860 3370 987 3428 matrem
1014 3366 1104 3441 dixit,
1131 3366 1183 3427 sed

236 3524 368 3577 isaitate
381 3521 407 3575 V
421 3522 534 3590 psallite
553 3521 597 3576 ed.
666 3521 733 3574 tin
752 3537 805 3575 om.
820 3520 865 3576 ed.
934 3520 1121 3589 spatiamini
1139 3520 1183 3575 ed.

164 3598 180 3646 9
199 3594 283 3648 adira
296 3593 330 3648 V.
391 3598 424 3648 10
443 3593 580 3648 abscidere
593 3591 619 3645 V
634 3592 669 3646 cf.
686 3596 710 3658 6,
725 3596 777 3646 328
796 3592 959 3648 abscindens
977 3591 1020 3647 ed.
1077 3596 1110 3645 1⁷
1128 3598 1184 3646 sta

157 3664 372 3800 lbantlvdcom.
396 3664 439 3719 ed.
514 3670 546 3719 21
575 3665 624 3735 qni
650 3662 676 3721 V
704 3665 730 3722 is
759 3662 804 3722 ed.
876 3668 913 3720 aa
943 3660 1145 3733 contestani
1181 3675 1208 3712 a

175 3753 233 3789 aar
262 3752 303 3789 e.
