2725 4150
195 312 241 376 24
481 307 623 362 nonan
639 306 932 362 mrsapaunac.

194 477 325 553 primum
361 496 413 535 rex
447 476 563 536 advena
598 495 698 555 regem
731 476 791 536 loci
822 476 950 536 eredidit
981 475 1217 555 adgrediendum

194 584 292 641 neque
320 586 389 625 eum
419 567 452 625 in
480 565 649 644 superbiam
677 565 764 624 duxit
790 584 942 626 successus
973 566 1026 625 ille
1058 565 1113 644 qui
1144 566 1216 626 fatis

195 655 429 732 suffragantibus
453 656 625 716 debebatur.
666 652 750 714 misit
772 656 889 733 legatos
909 659 1029 716 centum
1050 656 1216 732 placituros

195 747 226 803 et
262 746 382 804 nomine
418 745 578 824 legationis
615 747 647 804 et
681 763 806 803 numero
842 746 1012 822 legatorum
1048 747 1079 804 et
1118 745 1215 822 magis

196 833 338 910 obsequia
379 852 434 893 sua
475 833 684 893 commendans
722 832 884 893 ambitione
920 834 1093 894 multorum.
1143 833 1216 894 talis
1248 847 1260 888 ⁶

196 926 299 982 autem
323 924 435 1001 delegit
458 925 540 982 omni
563 923 680 994 ordine,
704 922 761 982 hoc
789 927 836 982 est
859 943 894 982 ex
917 925 999 983 omni
1021 923 1217 983 multitudine

195 1033 249 1088 per
286 1012 460 1072 electionem
498 1015 665 1088 separatos,
703 1013 756 1088 qui
792 1012 953 1090 legationis
989 1013 1086 1089 ipsius
1120 1014 1216 1090 partis

195 1120 325 1178 congrue
353 1100 490 1176 conplere
518 1102 695 1177 potuissent.
738 1105 951 1162 coronarentur
981 1105 1083 1161 autem
1115 1120 1217 1162 omnes

196 1191 269 1250 oleis
299 1191 392 1250 ramis
424 1192 455 1248 et
487 1189 553 1249 visu
585 1191 687 1268 potius
720 1210 813 1267 quam
844 1191 943 1250 verbis
974 1209 1079 1268 pacem
1110 1192 1218 1267 procul

134 1293 185 1341 155
195 1277 365 1337 videntibus
384 1277 567 1338 nuntiarent.
605 1280 739 1353 Quaque
756 1281 835 1353 ferre
852 1282 933 1338 uiro:
955 1299 992 1338 ne
1010 1280 1074 1339 sine
1095 1299 1218 1339 munere
1237 1293 1262 1333 10

121 1357 124 1363 ’
195 1369 273 1426 esset
294 1367 454 1444 legationis
478 1368 618 1427 officium.
660 1386 821 1442 pacemque
848 1386 999 1442 capescere
1023 1369 1159 1427 Teucris:
1187 1372 1220 1429 et

195 1457 305 1516 oblatis
328 1457 501 1516 muneribus
524 1475 630 1535 pacem
654 1458 776 1517 Teucris
799 1460 997 1518 neeessariam
1020 1457 1219 1534 postularent,

195 1540 236 1605 ne'
251 1547 319 1622 quis
338 1565 388 1606 eos
406 1548 529 1623 putaret
547 1549 663 1606 venisse
681 1548 837 1607 violenter.
874 1547 947 1606 iuut
963 1565 1055 1615 mora,
1074 1547 1220 1620 festiuuut

195 1638 285 1694 iussi:
325 1635 369 1695 sic
399 1637 432 1695 in
469 1636 622 1695 celeritate
663 1636 908 1712 explicandorum
944 1637 1154 1696 mandatorum
1188 1639 1220 1696 et

195 1723 325 1784 iubentis
344 1726 508 1784 auctoritas
526 1729 557 1784 et
575 1725 757 1801 obsequendi
775 1725 910 1783 studium
927 1725 1121 1801 probabatur,
1136 1727 1218 1802 quod
1238 1745 1263 1786 rs

195 1834 255 1874 non
289 1816 387 1873 solum
417 1814 630 1874 ostendebatur
658 1815 691 1872 in
721 1815 802 1873 facto
832 1835 937 1875 verum
967 1815 1059 1874 etiam
1088 1815 1120 1873 in
1149 1815 1218 1891 ipsa

195 1905 406 1979 properatione
435 1903 657 1963 cumulabatur.
701 1903 874 1976 rapidisque
902 1904 1040 1977 feruutur
1059 1906 1218 1977 passibus:

195 2011 256 2051 non
292 1995 412 2052 tantum
444 1993 544 2053 studio
581 1993 740 2069 conplendi
777 1993 911 2071 adgressi
948 1996 1019 2052 sunt
1054 1993 1219 2071 peragendi

195 2101 313 2157 munus,
331 2083 384 2141 sed
396 2084 455 2142 iter
469 2102 588 2161 quoque
602 2084 702 2160 ipsum
720 2083 871 2142 festinatis
885 2084 1036 2161 gressibus
1050 2084 1218 2162 agitabant.

196 2172 333 2231 festinati
352 2191 471 2249 gressus
491 2173 615 2231 fuerunt
632 2173 714 2246 iden,
733 2175 768 2231 ut
786 2176 892 2249 optata
909 2174 1057 2232 maturius
1081 2173 1217 2249 proveni·
1237 2193 1263 2232 ao

195 2265 270 2320 rent.
321 2262 384 2333 ipse
412 2262 517 2319 iuuenili
553 2262 688 2336 desipuut
717 2264 834 2320 uocuiu
869 2262 967 2335 fossa:
1001 2263 1074 2321 haec
1108 2262 1217 2340 legatis

196 2349 355 2428 agentibus
383 2369 444 2409 non
474 2352 595 2427 putavit
621 2350 722 2410 Ansam
750 2351 913 2410 differenda
945 2370 1069 2428 operum
1102 2355 1219 2428 coepta,

197 2441 290 2499 donec
321 2459 498 2516 responsum
535 2441 660 2499 referret
695 2441 786 2499 missa
814 2441 935 2518 legatio.
982 2440 1104 2518 gerebat
1138 2440 1218 2500 enim

195 2529 329 2588 fatorum
357 2529 508 2603 fiduciam,
537 2549 614 2606 quae
641 2530 690 2587 illi
716 2529 852 2605 ipsarum
879 2534 1027 2589 terrarum
1051 2530 1218 2590 dominium

196 2618 348 2678 dederant.
394 2620 458 2695 ipse
493 2618 600 2677 humili
635 2618 775 2696 designat
810 2621 930 2678 moenia
961 2619 1055 2692 fossa,
1085 2620 1142 2678 hoc
1172 2622 1219 2679 est
1237 2637 1261 2677 as

195 2726 256 2764 non
286 2726 414 2784 magnae
445 2707 615 2768 altitudinis
643 2708 747 2767 futura
774 2709 893 2767 moenia
920 2707 1098 2785 designabat
1124 2727 1219 2767 manu

195 2814 266 2869 sua3
294 2795 350 2854 hoc
373 2798 453 2855 enim
476 2798 524 2855 vel
547 2799 619 2856 vota
642 2796 796 2857 condentis
820 2798 868 2857 vel
891 2797 1027 2872 auspicia
1050 2798 1219 2875 exigebant.

194 2885 376 2958 Moliturque
404 2886 510 2953 uuum,
539 2887 596 2945 hoc
623 2889 669 2945 est
697 2886 842 2962 disponit,
869 2887 1043 2960 primusque
1075 2888 1108 2945 iu
1136 2888 1218 2946 litore
1278 2958 1279 2961 Ἴ

195 2974 277 3032 sedes
300 2977 463 3032 castrorum
485 2975 519 3033 iu
540 2992 649 3033 morem
678 2977 781 3048 piuuis
808 2980 894 3047 utque
921 2993 1024 3051 appare
1051 2977 1153 3050 ciupit:
1185 2978 1218 3035 in

195 3064 338 3139 auspiciis
364 3063 642 3123 constituendorum
664 3065 817 3124 moenium
838 3066 900 3123 tale
919 3084 1012 3144 genus
1032 3066 1129 3141 operis
1149 3084 1217 3124 con·
1236 3081 1261 3121 sc

134 3164 186 3212 160
195 3152 309 3211 locavit
322 3153 403 3228 quod
419 3152 622 3213 defensionem
639 3154 800 3230 sponderet
817 3154 1022 3214 conditoribus
1041 3154 1111 3214 suis.
1143 3156 1218 3214 ium-

196 3259 250 3314 quc
272 3243 327 3300 iter
350 3243 459 3301 cunensi
481 3243 573 3301 turris
595 3260 631 3302 uc
649 3246 722 3302 tectu
740 3243 919 3302 Lutiuoruui
942 3243 1040 3301 ardua
1063 3245 1219 3303 cuuebuut

269 3418 283 3465 1
312 3428 372 3481 repe
398 3413 431 3465 iu
452 3410 478 3464 V
505 3428 594 3481 repam
621 3412 664 3465 ed.
748 3417 763 3465 6
791 3413 888 3467 ordiue
909 3410 935 3464 V
964 3414 1141 3468 multitudiue
1173 3414 1217 3468 ed.

196 3484 435 3537 8corouubautsu
452 3483 496 3537 ed.
570 3484 671 3538 tolera
689 3482 714 3535 V
732 3484 855 3538 olearum
874 3483 917 3538 ed.
946 3482 949 3553 Ι
977 3489 1003 3538 ct
1020 3485 1082 3538 uisu
1101 3483 1124 3535 V
1142 3492 1174 3539 ut
1192 3503 1217 3539 u.

191 3554 234 3606 ed.
289 3560 325 3607 u
341 3554 407 3609 aiV
425 3556 466 3610 ste
479 3554 522 3609 ed.
575 3559 607 3609 19
626 3554 803 3622 festinatisV
821 3555 984 3621 festiuuutcr
997 3554 1040 3608 ed.
1090 3560 1124 3608 20
1142 3556 1217 3623 festi-

176 3623 248 3674 nati
266 3623 293 3675 V
313 3628 417 3682 selues
441 3626 486 3683 ed.
518 3637 523 3698 Ι
558 3632 682 3699 optutum
704 3625 739 3682 V.
815 3632 851 3680 24
873 3626 1009 3692 fanorum
1027 3626 1053 3679 V
1071 3627 1124 3680 edI
1146 3630 1218 3694 fato·

159 3705 229 3742 rum
249 3694 325 3749 edl’.
406 3705 447 3755 32
466 3702 560 3758 meust
576 3718 631 3773 pro
651 3700 755 3759 cmcusi
769 3697 808 3754 V.
