2725 4150
205 307 248 372 ῃ
488 301 628 358 oculu
644 301 814 356 munera.
829 300 937 356 vaso.
1003 309 1006 317 ·

202 470 258 531 bus
282 469 484 532 saevientibus
501 471 599 546 fieret,
622 469 744 531 odorem
763 468 844 529 cervi
861 468 900 528 ed
923 489 1027 530 eorum
1051 470 1134 530 naris
1156 490 1224 547 per·

202 562 305 620 venire
336 560 421 636 feeit,
457 563 494 619 ut
523 561 695 620 invenirent
724 559 785 636 ipsi
817 578 906 634 quem
938 559 1067 620 forsitan
1099 563 1224 635 euentus

202 649 303 709 fuerat
325 653 505 710 servaturus.
551 666 625 724 qaae
643 649 746 722 prima
771 649 905 707 taboram
931 665 1025 708 caasa
1050 649 1123 722 frit:
1149 649 1224 709 haec

203 739 319 799 oeeasio
346 738 614 816 praetermittenda
640 756 702 797 non
728 737 802 812 fuit,
830 756 906 813 quae
934 737 1043 797 idonea
1064 737 1224 798 ridebatur

202 831 239 888 ut
265 829 353 889 initio
385 828 458 886 belli
483 827 613 904 primam
638 827 752 886 faeeret
778 845 907 888 eausam.
954 827 1081 900 bellaque
1108 828 1223 887 areirrras
1250 839 1260 880 ⁶

203 920 335 978 accendit
356 917 493 992 aprestis:
515 935 577 975 non
598 915 730 975 inaniter
747 916 850 992 posuit
868 915 983 976 animos
1003 916 1145 995 agrestis,
1167 917 1224 976 hoe

204 1011 250 1067 est
268 1025 389 1084 asperos
404 1007 435 1065 et
447 1007 594 1082 inperitos
609 1006 735 1080 animos,
748 1005 879 1082 primum
893 1007 1039 1066 excitatos
1050 1006 1083 1064 in
1096 1004 1222 1082 bellum3

203 1096 304 1156 nullus
328 1097 408 1154 enim
430 1094 548 1171 sapiens
577 1095 620 1154 sie
646 1095 761 1154 moveri
788 1095 936 1171 potuisset
962 1096 998 1153 ut
1024 1095 1073 1154 illi
1099 1096 1223 1155 excitati

203 1187 287 1259 sunt,
314 1187 349 1243 ut
371 1185 495 1261 propter
516 1183 656 1244 vilissimi
678 1182 817 1244 animalis
844 1183 985 1243 iniuriam
1008 1183 1118 1259 levem,
1147 1203 1223 1262 quae

202 1273 395 1350 inprudentia
426 1273 514 1350 pueri
546 1274 686 1332 venantis
723 1272 843 1332 defendi
878 1275 1030 1350 potuerat,
1066 1275 1223 1351 proprium
1240 1287 1263 1328 ro

203 1362 382 1440 sanguinem
412 1364 506 1421 daret.
551 1363 642 1421 huius
680 1363 759 1421 cervi
790 1363 935 1438 quoniam
971 1364 1097 1422 noverat
1132 1365 1224 1441 poeta

203 1452 320 1511 nullum
341 1453 485 1511 meritum
506 1452 599 1512 fuisse
627 1452 675 1512 vel
702 1450 845 1527 pretium,
874 1471 909 1510 ex
933 1451 1001 1511 aliis
1028 1452 1224 1529 prosequitur

202 1542 336 1616 laudem,
365 1542 490 1618 ut·ipsi
519 1560 640 1617 quoque
671 1543 803 1618 agrestes
834 1559 889 1617 pro
918 1540 1052 1599 naturali
1079 1540 1224 1617 inperitia

202 1632 288 1690 velut
318 1631 397 1690 iuste
429 1630 572 1690 exarsisse
604 1629 771 1688 videantur.
818 1630 975 1704 exequitur
1001 1631 1095 1708 igitur
1123 1630 1223 1708 qualis

202 1721 255 1778 ille
278 1720 371 1780 fuerit
394 1738 498 1779 cervus
522 1721 553 1778 et
571 1719 660 1778 huius
679 1719 817 1793 formam,
834 1737 931 1779 mores
949 1719 1223 1778 mansuetudinem·
1242 1732 1264 1774 u

203 1829 260 1885 que
284 1809 480 1868 commendat.
521 1825 623 1866 caras
646 1813 710 1867 erat
731 1811 829 1881 forma
847 1810 1015 1882 praestanti.
1038 1812 1064 1867 et
1086 1810 1223 1868 caradas

201 1899 319 1972 irpeas:
347 1898 407 1957 duo
429 1896 537 1956 habuit
559 1915 689 1973 summa,
716 1898 843 1956 formam
867 1899 999 1974 eorporis
1023 1900 1054 1957 et
1075 1915 1223 1957 cornuum

202 1988 455 2064 magnitudinem,
478 2005 539 2062 qua
562 1987 720 2046 sublimior
738 1986 930 2046 efficiebatur.
967 2005 1033 2046 ecee
1052 2005 1112 2046 non
1125 1987 1223 2064 ipsius

202 2076 319 2155 generis
339 2076 495 2152 exequitur
509 2078 659 2151 meritum,
678 2076 761 2152 quod
779 2077 896 2135 nullum
915 2077 1022 2151 fuerat,
1035 2076 1088 2136 sed
1105 2080 1222 2156 magni·

201 2166 338 2224 tudinem
360 2165 424 2225 eius
444 2168 475 2224 et
493 2166 746 2243 pulchritudinem
767 2166 906 2242 praefert.
947 2167 1004 2225 hoc
1027 2186 1098 2244 ergo
1121 2166 1265 2226 fueratis

201 2256 347 2331 primum,
380 2255 462 2331 quod
494 2256 620 2333 pulcher
651 2258 682 2314 et
708 2273 835 2333 magnus
864 2254 1005 2331 quodque
1028 2257 1151 2315 ornatus
1176 2275 1222 2316 ar·

201 2343 299 2405 boreis
323 2345 471 2404 cornibus.
517 2345 681 2419 Tyrrhidae
703 2345 793 2417 paeri
820 2361 904 2416 quera
932 2345 1037 2403 matris
1067 2346 1105 2404 ab
1134 2346 1223 2404 abere

140 2445 192 2494 485
201 2438 322 2507 raptura
343 2435 496 2492 actitaret
519 2434 707 2508 Tyrrhusque
725 2437 827 2507 pater:
851 2434 900 2492 hie
922 2452 1025 2493 versus
1047 2432 1139 2493 habet
1162 2454 1222 2495 non

202 2543 329 2600 parvam
361 2522 579 2597 contusionem,
612 2524 639 2581 si
665 2541 861 2599 personarum
892 2522 971 2582 ratio
999 2523 1102 2583 lateat.
1148 2542 1222 2583 non·

202 2613 280 2671 nulli
307 2614 388 2671 enim
415 2612 458 2671 sic
484 2612 696 2688 pronuntiant,
725 2614 762 2670 ut
784 2610 887 2671 dicant
909 2630 1012 2672 cervus
1036 2616 1102 2672 erat
1124 2612 1222 2672 forma
1240 2628 1264 2670 re

201 2702 369 2777 praestanti
387 2704 418 2760 et
436 2701 574 2761 cornibus
592 2701 698 2780 ingens
718 2701 884 2777 Tyrrhidae
900 2700 995 2776 pueri.
1033 2701 1114 2778 quod
1133 2703 1159 2761 si
1177 2702 1222 2762 ita

201 2791 379 2849 remanserit
400 2791 562 2866 reliquum,
585 2808 645 2848 non
666 2790 855 2866 apparebunt
878 2791 929 2866 qui
953 2810 1021 2849 eum
1043 2792 1223 2851 retraxerint

201 2878 341 2938 uberibus
363 2880 478 2940 matris.
520 2878 644 2956 proinde
667 2897 811 2955 personae
836 2879 1061 2939 constituendae
1079 2884 1164 2954 sunt,
1187 2885 1223 2941 ut

201 2968 372 3027 intellectus
395 2968 451 3027 fiat
471 2968 628 3028 illustrior.
670 2968 797 3027 dicimus
816 2969 968 3044 Tyrrhum
985 2969 1062 3029 filios
1082 2969 1221 3030 habuisse

200 3057 280 3116 iuter
311 3058 424 3117 eeteros
457 3057 635 3133 Tyrrhidem
671 3060 702 3116 et
734 3056 874 3131 Silvium,
910 3060 1082 3119 inventores
1119 3061 1220 3118 autem
1238 3074 1263 3115 so

201 3148 283 3206 cervi
302 3146 393 3205 fuisse
415 3165 524 3223 pueros
543 3146 708 3223 Tyrrhidae
722 3142 746 3225 †
760 3165 832 3226 ergo
855 3168 915 3223 em,
937 3149 994 3208 hoo
1017 3151 1063 3207 est
1085 3149 1220 3208 homines

201 3236 380 3312 Tyrrhidae:
417 3254 471 3295 noe
502 3237 644 3295 miremur
675 3255 785 3313 pueros
817 3236 926 3311 dictos,
963 3256 1031 3296 oum
1063 3237 1121 3297 alio
1154 3238 1220 3298 loco

273 3412 289 3460 2
313 3406 431 3475 perfecit
448 3405 473 3460 V
493 3405 536 3459 ed.
565 3422 615 3474 per
643 3404 735 3460 delevi
761 3408 794 3460 ut
822 3406 1033 3475 dittographon.
1119 3413 1137 3461 4
1164 3425 1220 3463 aare

202 3494 255 3531 om.
280 3478 323 3532 ed.
353 3495 401 3533 aee
427 3494 478 3546 pro
505 3478 572 3531 haee
599 3476 643 3532 ed.
666 3479 739 3545 post.
818 3483 833 3530 6
857 3479 1078 3547 noa—aprestr's
1102 3495 1156 3533 om.
1176 3478 1219 3533 ed.

199 3553 237 3601 20
246 3551 382 3616 praefices
395 3549 448 3603 VH
463 3549 586 3619 praefert
600 3564 651 3602 nos
666 3550 856 3616 praestantiae
870 3547 946 3604 Oed.
962 3555 1029 3603 ·tera
1043 3548 1077 3603 U.
1128 3556 1161 3604 21
1177 3567 1219 3605 or·

183 3618 308 3672 adeatur
329 3620 356 3672 V
375 3627 497 3677 meatus
519 3620 563 3677 ed.
638 3625 672 3675 2⁵1
693 3621 866 3691 apparebunt
883 3618 908 3673 V
928 3621 1075 3688 apparebit
1093 3620 1136 3675 ed.
1157 3639 1220 3675 oum

169 3683 231 3736 alia
256 3688 459 3750 distinctione.
539 3700 573 3751 31
600 3711 665 3769 erpo
686 3711 728 3751 em
744 3691 771 3747 V
797 3699 823 3748 et
841 3690 1009 3763 perterret.
1027 3706 1089 3758 erpo
1107 3698 1227 3757 amnui
