2725 4150
145 323 210 388 472
428 321 570 377 DONATI
586 320 757 377 INTERPR.
770 318 879 375 Vnae.

144 484 229 565 dixit,
242 490 296 551 sed
308 510 363 568 pro
377 490 497 551 vilibus.
530 491 696 550 stememur
714 486 836 565 campis,
854 507 909 564 per
928 488 1023 548 omnis
1043 506 1167 566 campos

143 578 306 641 iacebimus
329 579 398 640 fusi.
442 579 600 638 inhumata
621 577 784 656 infletaque
807 577 910 653 turba,
938 596 1000 636 non
1021 576 1167 637 habentes

144 669 291 728 solacium
308 668 502 728 lacrimarum
516 671 571 727 aut
586 667 762 727 beneficium
781 667 960 744 sepulturae.
993 686 1086 744 quam
1104 668 1168 727 vim

142 756 254 818 habeat
275 757 459 817 humationis
478 756 691 816 detrimentum
709 756 777 817 aliis
796 754 870 817 locis
888 758 979 833 poeta
997 756 1167 832 perdocuit:

142 866 216 924 uno,
240 866 308 907 cum
326 847 492 923 Euryalum
512 848 609 904 mater
631 846 746 906 doleret
769 845 900 905 occisum
922 840 969 925 (9,
983 842 1072 924 485),
1093 847 1168 921 „ali
1199 863 1210 905 e

142 937 245 1012 tibus,
256 937 369 1014 inquit,
387 937 523 1013 linquere
541 935 613 995 feris
632 938 686 994 aut
704 935 823 1014 gurgite
840 953 972 994 mersum
990 935 1072 993 unda
1090 936 1169 996 feret

142 1027 299 1104 piscesque
312 1026 428 1104 inpasti
440 1024 567 1084 vulnera
580 1023 746 1085 lambent“.
774 1024 857 1100 „hen
868 1027 951 1084 terra
967 1026 1073 1102 ignote
1086 1026 1168 1085 cani·

143 1115 200 1187 bus
230 1115 300 1175 date
333 1113 445 1192 praeda
474 1112 592 1173 Latinis
625 1113 809 1190 alitibusque
841 1113 922 1174 iaces
953 1132 1008 1172 nec
1036 1116 1081 1190 te,
1114 1117 1168 1173 tua

142 1205 252 1263 funera
264 1206 362 1262 mater
378 1203 507 1280 produxi
525 1202 657 1280 pressive
677 1203 780 1263 oculos
799 1206 853 1263 aut
866 1203 990 1263 vulnera
1003 1203 1068 1262 lari
1085 1206 1168 1263 veste

142 1291 270 1370 tegens“
285 1285 373 1374 (haec
386 1291 413 1352 si
427 1293 616 1368 omittantur,
630 1291 669 1352 ad
682 1292 814 1368 corporis
831 1290 973 1352 iniuriam
986 1286 1168 1373 pertinent)3
1186 1313 1211 1353 ro

143 1382 240 1441 altero
263 1380 398 1442 adseruit
420 1381 494 1458 quid
516 1381 590 1440 mali
619 1382 743 1442 accedat
770 1382 862 1441 etiam
885 1383 1003 1441 animae
1025 1383 1090 1441 eius
1114 1383 1169 1459 qui

142 1471 285 1530 humatus
303 1489 364 1529 non
383 1469 436 1546 sit3
458 1489 519 1530 non
537 1472 618 1530 enim
634 1472 762 1531 fluvium
779 1470 890 1531 transit
907 1472 1072 1546 infernum,
1091 1471 1169 1531 sicut

142 1559 177 1619 in
199 1562 282 1620 sexto
302 1559 380 1620 libro
403 1552 499 1642 (325)
522 1560 633 1620 lectum
657 1579 721 1621 esse
743 1560 932 1620 meminimus
955 1561 1098 1636 loquente
1123 1559 1168 1620 Si·

142 1647 229 1725 bylla
257 1651 287 1707 et
308 1648 432 1707 Aenean
459 1648 584 1709 docente
612 1651 668 1710 hoc
695 1649 798 1708 modo:
827 1651 924 1726 „haec
951 1649 1047 1709 omnis
1075 1669 1168 1726 quam

143 1737 240 1798 cernis
263 1739 350 1814 inops
372 1737 590 1815 inhumataque
612 1739 703 1798 turba
725 1740 784 1814 est;
809 1739 938 1815 portitor
960 1738 1011 1798 ille
1035 1736 1167 1816 Gharon3
1186 1757 1210 1799 u

142 1826 177 1886 hi
200 1845 275 1904 quos
298 1827 381 1887 vehit
403 1827 486 1887 unda
508 1829 633 1906 sepulti,
657 1846 713 1886 nec
734 1826 816 1902 ripas
841 1828 929 1887 datur
950 1827 1116 1888 horrendas
1138 1831 1169 1889 et

143 1935 238 1977 rauca
259 1916 374 1976 fluenta
395 1918 601 1993 transportare
623 1916 707 1994 prius
732 1935 824 1993 quam
847 1917 966 1976 sedibus
992 1935 1060 1977 ossa
1083 1919 1167 1995 quie·

143 2009 229 2084 runt,
249 2009 370 2066 centum
387 2010 489 2066 errant
507 2025 600 2066 annos
619 2006 809 2082 volitantque
828 2005 901 2065 haec
918 2007 1010 2066 litora
1028 2007 1169 2067 circum.“

142 2096 200 2156 hae
220 2099 293 2157 sunt
309 2097 534 2156 inhumatorum
551 2115 679 2173 poenae,
697 2098 734 2154 ut
752 2114 855 2155 eorum
873 2115 998 2173 corpora
1015 2098 1169 2158 lanientur

144 2189 176 2245 et
199 2185 324 2247 diversis
348 2185 524 2246 subiaceant
549 2185 654 2246 bestiis
685 2187 715 2243 et
743 2204 846 2244 eorum
875 2185 1006 2262 animae,
1037 2205 1106 2247 cum
1129 2188 1169 2247 ad
1186 2205 1211 2245 ro

141 2274 255 2336 inferos
278 2273 427 2350 venerint,
451 2274 579 2335 fluvium
601 2273 785 2334 sollemniter
806 2275 933 2334 transire
959 2276 1169 2352 nonpossint

142 2364 218 2424 haec
235 2366 328 2441 paulo
348 2364 477 2441 amplius
492 2365 626 2441 evagati,
649 2364 723 2440 quia
741 2364 825 2422 locus
838 2363 968 2439 sinebat,
986 2365 1168 2427 tradidimus

141 2450 250 2527 latius,
269 2457 400 2514 ceterum
419 2452 589 2513 amaritudo
608 2451 735 2512 Drancis
755 2453 810 2512 hoc
830 2454 936 2529 sensit,
956 2458 991 2514 ut
1008 2456 1168 2532 perituros,

142 2539 292 2601 siadhuo
315 2545 515 2621 pugnaretur,
543 2542 655 2601 diceret
681 2543 837 2603 universos
862 2561 916 2601 nec
943 2544 1168 2620 superfuturum

141 2627 276 2706 aliquem
294 2629 347 2707 qui
365 2649 466 2691 caesos
486 2630 624 2707 sepeliret
643 2633 698 2690 aut
715 2633 879 2708 plangeret.
912 2634 999 2692 etium
1013 2637 1053 2703 ta,
1068 2636 1095 2692 si
1109 2652 1168 2709 quo
1186 2648 1210 2691 re

142 2718 196 2776 libi
217 2719 276 2787 oie,
304 2721 333 2778 si
350 2720 446 2793 patrii
473 2720 544 2794 quid
565 2720 678 2780 Mortis
703 2722 804 2791 bobes,
832 2721 917 2779 illum
944 2723 1041 2796 aspice
1066 2728 1169 2783 moira

79 2811 132 2862 art
142 2807 194 2879 qui
210 2812 308 2866 vocat:
332 2809 358 2867 si
375 2812 412 2868 tu
429 2808 571 2868 fiduciam
585 2809 663 2888 geris
681 2811 798 2871 roboris
818 2812 849 2869 et
863 2810 979 2886 generis
999 2813 1057 2886 tui,
1079 2812 1168 2871 illum

142 2892 231 2955 debes
254 2895 366 2956 intueri
390 2898 487 2957 solum
511 2918 600 2975 quem
618 2899 710 2960 habes
733 2901 765 2959 in
783 2903 837 2960 tua
860 2917 951 2959 causa
973 2901 1167 2961 contrarium.

216 2984 340 3043 Talibus
372 2987 483 3046 eaarsit
513 2987 598 3046 dictis
629 2989 767 3049 orbiculis
801 2989 909 3058 Tarni,
947 2989 998 3048 dut
1027 2992 1168 3064 uomitum

140 3074 307 3147 recepitque
325 3073 380 3132 bas
398 3075 456 3133 imo
469 3079 586 3148 periore
603 3094 699 3136 voces:
723 3077 830 3138 ardens
849 3081 918 3136 ante
936 3080 1034 3156 magis
1056 3079 1169 3139 exarsit
1185 3096 1210 3136 eo

141 3160 174 3219 in
197 3160 336 3221 Dranoen
359 3162 470 3222 talibus
495 3164 596 3241 dictis,
623 3165 778 3227 maledicis
802 3167 917 3226 scilicet
944 3170 974 3226 et
998 3167 1167 3246 iniuriosis3

142 3248 223 3325 quod
242 3269 330 3328 aegre
348 3251 490 3327 portabat
508 3254 653 3329 evomuit,
676 3257 774 3334 rupit,
796 3257 909 3332 inquit,
932 3275 1035 3317 vocem
1056 3261 1087 3318 et
1104 3257 1166 3319 imo

175 3421 179 3430 '
213 3423 230 3472 4
248 3420 328 3475 babet
346 3421 389 3475 ed.
452 3427 468 3475 5
487 3423 668 3479 alitibus-‘1
685 3426 805 3482 lambent
823 3426 926 3480 decimi
944 3425 1011 3481 libri
1030 3430 1102 3497 (559)
1122 3432 1167 3483 est

141 3490 293 3545 memoriae
312 3507 404 3547 errore
423 3510 487 3547 cum
501 3493 590 3549 altero
604 3495 666 3551 loco
681 3498 871 3552 coniunctum.
928 3505 961 3552 10
976 3518 994 3555 a
1008 3500 1165 3569 corpoeisV

141 3576 211 3617 corr.
231 3562 275 3616 ed.
349 3569 383 3618 14
401 3580 508 3620 Maean
525 3572 551 3620 et
564 3565 590 3619 V
603 3574 629 3624 et
642 3569 693 3623 Ae.
708 3586 759 3623 nos
777 3570 815 3624 ud
829 3571 877 3624 Ac.
894 3577 920 3624 ct
938 3570 981 3624 ed.
1051 3577 1083 3624 21
1099 3588 1165 3641 poc-

139 3638 201 3688 ecnt
227 3631 252 3685 V
281 3636 390 3703 possint
418 3652 469 3691 nos
496 3645 615 3705 possunt
641 3639 685 3693 cd.
768 3646 802 3694 23
830 3642 946 3696 drances
972 3641 997 3695 V
1025 3659 1094 3697 corr.
1119 3643 1164 3699 ed.

135 3708 172 3760 25
192 3710 224 3762 tu
243 3720 298 3761 om.
314 3703 346 3761 V.
420 3712 453 3760 29
472 3709 557 3763 tarda
575 3727 626 3778 pro
646 3712 737 3767 Turni
755 3712 804 3767 dut
817 3712 850 3767 V.
