2725 4150
199 329 265 395 574
479 327 931 412 oonrrrmnaaaauuac.

198 495 309 556 habens
328 515 420 573 equos
439 499 470 556 et
487 496 547 556 duo
565 497 698 558 hastilia
725 498 793 557 boec
806 500 895 572 peter
912 495 1042 568 Aeaeos,
1065 497 1221 557 Roasoaoc

199 587 300 660 stirpis
326 588 418 660 oripo,
449 587 560 645 sidem
586 589 721 662 floprcas
749 588 838 662 ctipco
861 591 889 646 et
913 587 1086 647 ccelcsbbaa
1114 587 1221 647 mmo:

200 694 235 735 ex
262 675 337 751 alia,
364 675 477 753 inquit,
504 678 590 753 parte
613 675 731 736 Aeneas
758 678 846 736 tanta
873 676 1022 755 dignitate
1046 674 1172 735 habitus
1194 677 1225 736 et

199 765 331 825 incessus
355 767 501 840 quantam
522 765 632 824 habere
658 765 761 824 debuit
783 764 913 827 Romani
940 766 1058 844 generis
1082 766 1225 841 pateret

199 853 329 912 Romani
349 853 470 931 imperii
487 854 636 914 conditori
661 855 811 933 flagrabat
828 855 943 916 sidereo
966 855 1063 932 clipeo
1083 856 1115 914 et
1132 854 1223 914 armis
1246 871 1255 913 ι

200 942 389 1017 caelestibus,
413 945 501 1020 quasi
527 944 665 1004 manibus
693 946 810 1004 caelum
837 946 974 1022 portaret
995 945 1027 1003 et
1048 943 1162 1004 sidera.
1199 947 1225 1003 ct

199 1034 284 1092 ionic
295 1030 459 1103 Asconius,
474 1050 599 1108 mayaco
612 1050 679 1107 spes
693 1035 787 1093 altem
800 1034 926 1093 Romae:
949 1034 1082 1111 quantae
1095 1032 1224 1093 istorum

200 1123 355 1182 felicitatis
364 1123 436 1181 fuit!
449 1122 515 1181 ibat
528 1122 702 1183 conditurus
716 1123 885 1183 Romanum
898 1122 1059 1199 imperium
1072 1125 1105 1183 et
1113 1122 1223 1183 Rorna-

200 1231 307 1272 norum
333 1230 442 1291 genus,
471 1212 537 1271 ibat
563 1211 710 1272 Ascanius
738 1230 858 1289 quoque
888 1213 942 1289 qui
971 1211 1096 1273 condita
1126 1212 1222 1290 patris

200 1301 306 1360 fuisset
329 1303 478 1361 aucturus.
505 1302 669 1374 procedent
687 1303 806 1361 castris:
828 1303 901 1361 haec
921 1303 968 1361 est
990 1319 1083 1361 causa
1100 1302 1224 1380 propter
1237 1318 1258 1359 o

201 1409 293 1467 quam
307 1391 434 1450 diximus
448 1391 689 1466 suspendendum
703 1393 733 1450 et
747 1391 947 1469 separandum
960 1388 1100 1466 „interea
1111 1389 1225 1471 reges‘b

201 1480 250 1540 hic
273 1482 352 1539 enim
371 1479 452 1558 quod
475 1480 662 1558 sinprlorum
685 1500 790 1558 regum
809 1480 969 1557 descriptio
987 1481 1147 1558 separavit
1162 1480 1225 1541 rad·

202 1569 285 1630 ditur
308 1568 366 1630 sibi
388 1572 419 1629 et
441 1569 515 1629 facit
537 1570 652 1628 interea
671 1588 757 1648 reges
775 1569 943 1646 procedunt
964 1569 1081 1630 castis
1114 1570 1224 1648 Expla-

202 1662 294 1719 uatur
307 1659 359 1736 qui
372 1677 470 1737 reges:
489 1658 630 1731 Latinus,
643 1660 759 1735 inquit,
773 1659 906 1734 Turnus,
920 1658 1052 1733 Aeneas,
1067 1657 1225 1735 Mouniua,

201 1748 334 1808 nondum
358 1748 479 1825 quidem
505 1768 557 1807 rex
578 1747 741 1823 Ascanius,
772 1748 824 1807 sed
847 1747 1014 1808 destinatus
1037 1748 1077 1808 ad
1098 1760 1258 1828 regnumo

203 1842 234 1898 et
255 1839 337 1915 patri
363 1836 484 1897 iuterim
505 1837 536 1895 in
564 1838 631 1915 ipso
653 1855 793 1915 processu
821 1837 1004 1898 coniunctus.
1034 1855 1176 1911 maroque
1195 1839 1226 1898 ic

202 1932 278 1986 ceste
295 1927 446 1986 amous:
467 1947 555 2003 pura,
579 1927 676 1986 colore
696 1927 764 1986 albo
783 1945 838 1985 nec
855 1946 1006 2004 purpurae
1025 1927 1150 1987 variata
1167 1927 1225 2004 pio·

202 2016 287 2077 turis.
333 2016 386 2094 qui
411 2034 564 2077 sacrorum
590 2017 667 2076 ritus
695 2016 900 2094 scrupulosius
932 2017 1090 2076 intuentur
1119 2035 1225 2094 puram

202 2109 316 2166 vestem
328 2106 446 2165 malunt
460 2107 638 2184 contagione
652 2105 734 2165 omui
747 2110 778 2166 et
791 2105 949 2165 criminum
966 2105 1087 2166 niacula
1100 2106 1226 2167 liberam

142 2203 193 2253 170
203 2198 233 2255 et
250 2195 410 2255 inmunem.
442 2196 577 2271 scopon
596 2197 689 2269 taum
710 2197 774 2255 sois
796 2196 998 2268 intonsamque
1017 2196 1165 2255 bidentat
1186 2199 1256 2256 ota

203 2286 268 2344 talo
289 2285 473 2356 admovitque
492 2302 582 2358 pecca
599 2286 796 2359 tlcpromibos
819 2286 896 2344 oris:
919 2285 1013 2344 fetum
1035 2284 1122 2362 porci
1146 2285 1224 2358 dixit,

203 2393 263 2433 non
293 2375 388 2432 fetum
417 2392 525 2450 porcae
550 2377 668 2451 patrem
697 2374 794 2452 magis
824 2375 928 2433 volens
957 2374 1113 2434 nominare
1138 2393 1224 2451 quam

204 2465 338 2522 matrem.
361 2463 407 2521 oo
420 2464 637 2539 adsumentem
655 2464 787 2522 morosi
805 2464 919 2522 tumim
937 2463 1026 2522 solem
1040 2464 1116 2523 dont
1127 2466 1225 2540 fraecor

203 2553 342 2612 monibus
369 2552 468 2611 sabos
493 2556 520 2611 ct
545 2558 675 2626 ternpore
701 2554 781 2625 ferro
808 2570 926 2611 somma
951 2556 1055 2611 notant
1078 2553 1226 2627 paucae

200 2642 369 2715 paterisque
398 2642 510 2701 odorio
537 2642 643 2701 libant:
679 2641 837 2718 descripsit
868 2642 967 2701 omnia
1000 2660 1079 2716 quae
1109 2642 1151 2702 ad
1181 2651 1255 2702 su!

205 2750 322 2791 crorum
344 2732 438 2790 ritum
459 2730 661 2808 pertinebant,
685 2731 788 2791 docuit
810 2751 887 2807 quae
911 2734 1055 2808 gerantur
1073 2732 1105 2789 in
1124 2730 1225 2791 buius·

145 2819 287 2880 175modi
313 2821 419 2895 sacris,
447 2821 503 2880 hoc
530 2822 576 2878 est
603 2838 671 2878 curn
697 2819 819 2880 foedera
846 2821 1030 2879 sanciuntur.
1068 2811 1141 2880 tone
1157 2821 1226 2895 piar

205 2908 323 2969 Aeacos
341 2911 439 2969 stricto
456 2910 500 2968 sic
517 2926 584 2968 cnse
598 2912 752 2981 precatur:
775 2910 857 2984 pium
875 2911 932 2969 hoc
950 2910 1015 2969 loco
1034 2927 1094 2969 non
1113 2907 1227 2969 miseri·
1256 2948 1259 2951 -

206 2999 324 3059 cordem
346 3001 383 3058 ut
405 2998 477 3059 alibi
506 3002 537 3058 et
563 2999 647 3057 iuxta
674 3001 813 3075 parentes
842 2999 1029 3077 religiosum,
1059 2997 1126 3074 sed,
1157 2996 1227 3076 quia

207 3089 299 3148 sacris
321 3088 479 3163 intererat,
508 3086 633 3146 deorum
656 3088 803 3146 cultorem
826 3088 964 3148 debemus
993 3086 1134 3165 accipere
1172 3090 1259 3147 acio·

206 3196 286 3237 none
307 3176 358 3236 Sol
379 3179 459 3237 testis
482 3181 509 3236 et
528 3178 600 3237 boec
621 3177 695 3235 mila
718 3177 813 3235 Terra
834 3179 979 3251 presumi:
1005 3180 1069 3237 esto
1091 3177 1229 3253 precanti

93 3283 96 3300 ·
209 3265 261 3327 Sol
278 3267 376 3343 tentia
395 3271 458 3327 esto
477 3268 612 3345 precanti
630 3267 717 3326 testis
732 3266 837 3341 Terra,
855 3269 891 3326 ut
909 3269 971 3326 esto
987 3266 1034 3326 bis
1053 3265 1230 3344 accipiatur,

208 3354 293 3416 testis
318 3356 378 3432 bis,
407 3356 543 3434 precanti
569 3355 629 3432 bis,
658 3355 735 3415 mihi
764 3354 817 3416 bis.
865 3355 938 3416 duos
969 3358 1059 3416 testes
1090 3354 1232 3424 adhibuit

280 3509 455 3565 auderioV
473 3511 512 3579 (et
530 3508 624 3577 infra).
679 3507 888 3577 torecatomV
907 3525 988 3576 pacm
1007 3509 1049 3563 ed.
1105 3515 1232 3579 'Ipnou-

210 3588 254 3637 tae
271 3582 386 3637 tatonem
403 3581 545 3648 felicitatis
562 3579 588 3634 V
607 3580 650 3635 ed.
670 3579 873 3634 nominativum
893 3578 999 3633 malim.
1071 3585 1087 3633 8
1107 3581 1233 3637 Romani

210 3654 355 3722 imperium
368 3651 394 3707 V
408 3668 477 3708 corr.
492 3652 535 3706 ed.
596 3657 629 3705 13
648 3651 715 3718 feeit
732 3650 776 3706 ed.
838 3655 871 3704 16
890 3657 916 3704 et
933 3666 986 3703 orn.
1002 3650 1071 3705 edF.
1130 3658 1166 3707 26
1185 3653 1233 3710 do·

211 3726 321 3797 ruitque
338 3731 450 3797 perator
462 3723 488 3777 V
502 3740 571 3778 corr.
588 3723 631 3779 ed.
706 3727 739 3776 2⁷
759 3729 824 3777 tanc
837 3719 863 3774 V
878 3721 922 3775 ed.
941 3728 999 3777 tum
1016 3720 1100 3791 Verg.
1119 3722 1199 3782 libri.
