2725 4150
553 333 737 389 AENEIDOS
752 333 804 388 VH
1125 337 1187 401 111

169 501 301 575 missum,
320 501 373 560 sed
389 501 478 560 illum
495 503 576 561 tanti
594 501 724 562 nominis
740 504 908 562 reverentia
921 503 1061 562 tenitum
1075 503 1190 562 auxilie

168 609 355 669 pemegasse,
374 590 496 650 Aenean
514 590 629 651 interea
648 591 684 651 de
702 591 837 669 reliquiis
852 591 992 653 Danaum
1010 586 1060 674 (ut
1075 592 1190 652 dictum

169 673 227 761 est)
257 683 347 756 atque
375 679 490 740 inmitis
519 680 644 755 Achilli,
673 681 860 758 perditisque
889 702 923 741 ex
953 680 1000 741 his
1029 681 1189 759 naufragio

167 769 305 845 plurimis
329 772 359 828 et
380 769 596 829 interveniente
619 771 677 830 luis
701 773 841 849 contagio
865 771 1018 830 nonnullis
1042 770 1190 847 extinctis,

141 858 279 918 erelictis
299 877 418 935 quoque
440 859 472 917 in
497 858 616 919 Siciliae
639 859 777 936 partibus
796 861 974 938 aliquantis,
998 879 1067 920 oum
1084 860 1189 937 paucis

168 967 243 1024 quos
263 948 405 1007 Euander
427 948 456 1006 ei
474 968 510 1006 ex
533 950 662 1026 angusta
681 948 850 1008 substantia
869 949 994 1009 dederat
1016 949 1189 1024 obtinuisse,

166 1037 265 1113 ipsam
282 1037 428 1096 Iunonem
450 1056 572 1097 saevam
595 1041 625 1098 et
642 1038 675 1096 in
689 1039 859 1098 exercendis
877 1038 1045 1100 inimicitiis
1063 1039 1189 1098 infinitis

166 1126 352 1203 temporibus
382 1126 595 1202 perdurantem
624 1129 751 1201 virtute,
785 1128 949 1189 tolerantie
982 1132 1012 1187 et
1044 1127 1188 1189 felicitate

167 1218 341 1292 superatam
365 1216 484 1276 Aeneae
507 1216 657 1292 partibus,
680 1220 717 1276 ut
738 1216 771 1275 in
794 1218 970 1277 duodecimo
992 1217 1069 1277 libro
1093 1210 1188 1299 (841)

125 1323 150 1361 re
166 1306 279 1364 lectum
302 1309 360 1378 est,
376 1300 400 1384 †
418 1306 515 1365 fecere
539 1307 715 1383 conpulsam
732 1306 880 1382 illumque
903 1307 1003 1366 omnia
1022 1327 1089 1368 cum
1108 1309 1190 1367 omni

165 1393 365 1472 prosperitate
394 1395 538 1472 adeptum
561 1414 638 1472 quae
662 1395 878 1455 nuntiaverant
901 1395 944 1454 dii
967 1400 997 1456 et
1020 1395 1189 1456 cecinerant

165 1488 260 1544 vates.

238 1660 254 1707 2
274 1661 300 1709 et
316 1660 348 1708 et
365 1654 469 1708 dicum
487 1653 565 1709 estV
583 1661 610 1709 et
627 1654 681 1708 del.
702 1654 746 1709 ed.
818 1661 836 1708 4
854 1655 980 1724 coctapio
998 1653 1025 1708 V
1047 1656 1125 1709 -i'oee
1143 1655 1187 1709 ed.

167 1731 201 1780 10
219 1726 309 1792 facere
327 1725 352 1778 V
371 1725 415 1780 ed.
433 1726 526 1792 facere
544 1725 588 1781 ed.
608 1728 680 1794 post.
719 1743 755 1779 en
773 1727 809 1781 ab
827 1727 937 1782 Aeaeae
952 1727 1081 1796 partibus
1099 1758 1133 1766 -
1152 1758 1186 1766 —

165 1798 273 1864 facere?
293 1813 374 1851 cruce
393 1797 511 1866 signavi.

237 1871 302 1936 post
326 1875 401 1923 cates
426 1869 554 1936 sequitur
578 1885 650 1936 quae
676 1868 749 1922 solet
774 1868 943 1939 subscriptio
971 1870 1063 1925 Tiberi
1086 1869 1188 1926 Claudi

163 1941 275 2079 {Ipoati
300 1942 351 1994 ete.
381 1940 518 1995 Aeacides
545 1940 613 1994 iiber
639 1941 701 1996 VII
722 1942 868 2010 eaptivitas
892 1943 992 2011 incipit
1017 1943 1085 1997 liter
1113 1942 1192 1997 VIII

178 2013 288 2066 eiciter.
