2725 4150
207 315 274 382 614
491 318 631 374 ΒΟΝΑΤΙ
647 318 818 375 ΙΝΤΕΒΡΒ.
832 319 941 374 VERG.

206 483 279 558 quid
305 485 471 563 inpulerint
498 488 637 564 trahunt,
667 487 710 548 sio
738 489 791 548 isti
820 488 994 549 saeviebant
1023 489 1056 547 in
1086 487 1230 550 advorsos

205 574 279 634 elati
300 574 346 635 ira
368 578 400 635 et
421 577 587 653 cupiditate
609 577 763 654 vincendi,
788 597 848 638 non
878 579 1045 638 metuentes
1068 578 1230 638 vulnerum

205 681 291 724 oasus
310 667 364 724 aut
380 667 495 724 mortis.
517 667 723 726 Mrrrbarrwm
739 667 786 726 be‘e
801 671 903 726 atavos
922 671 949 726 et
961 684 1085 726 oberarre
1104 668 1230 742 aretem

142 757 356 813 aaosonanom
377 755 499 815 nomino
522 773 578 830 per
598 773 735 831 reyeaqae
757 761 854 815 oetam
874 773 968 830 penas
994 773 1079 816 orme
1100 757 1230 817 Latinos

199 843 391 917 praeeipitem
407 844 525 917 scopulo
539 848 625 918 otqrae
636 846 748 920 inperiti
761 846 876 904 turbere
889 847 957 905 sari
972 846 1078 904 excutit
1091 847 1229 919 effmrdit·
1260 865 1267 904 ι

203 949 258 1004 qao
275 933 351 992 solo:
368 932 564 992 Murrhanum
581 933 644 993 hio:
663 933 711 993 hio
727 952 889 1011 pronomen
904 937 958 1010 est,
976 954 1036 994 non
1050 935 1229 996 adverbium

204 1022 276 1097 looi,
293 1022 419 1099 proinde
438 1023 500 1098 hio,
518 1024 575 1082 hoo
593 1025 639 1082 est
654 1021 787 1098 Aeneas,
806 1024 1001 1083 Murrhanum
1020 1042 1092 1084 saxo
1110 1024 1229 1104 ingenti

203 1111 319 1172 deiecit
355 1111 594 1190 magnitudinem
617 1111 683 1171 saxi
706 1132 742 1171 ex
764 1131 799 1171 eo
822 1114 966 1188 ostendit,
995 1132 1063 1172 oum
1086 1113 1161 1173 dioit
1183 1113 1227 1173 in·

203 1200 287 1278 genti
308 1199 441 1275 turbine,
466 1201 556 1260 simul
579 1201 720 1277 probavit
743 1205 773 1261 et
795 1201 943 1262 mittentis
966 1203 1120 1264 virtutem.
1158 1204 1229 1262 huie

203 1289 317 1348 adserit
338 1292 429 1367 poeta
451 1290 616 1349 vanitatem
640 1288 733 1349 animi
757 1292 805 1350 sui
827 1291 971 1367 obfuisse,
1001 1292 1068 1367 qui,
1099 1291 1172 1351 dum
1196 1311 1228 1352 se
1249 1311 1267 1350 κ

202 1380 325 1455 putaret
342 1380 466 1455 propter
483 1378 674 1438 nobilitatem
687 1380 813 1459 generis,
832 1380 913 1456 quod
930 1401 985 1458 per
1001 1399 1086 1460 reges
1100 1379 1229 1442 Latinos

203 1468 242 1526 ad
259 1467 360 1545 ipsum
373 1487 494 1545 quoque
508 1471 694 1545 pervenerat,
708 1489 727 1529 a
741 1489 893 1547 quoquam
907 1470 1042 1548 contingi
1055 1489 1116 1529 non
1129 1489 1229 1548 posse,

203 1557 247 1616 sio
259 1558 378 1616 Aeneae
391 1575 482 1616 manu
496 1560 663 1634 prostatus
677 1557 803 1618 interiit.
834 1560 912 1618 barro
926 1560 991 1618 lora
1004 1563 1031 1618 ot
1043 1560 1115 1634 iupa
1128 1561 1230 1620 subm

201 1646 368 1718 provolvere
385 1650 475 1716 rotae,
494 1648 593 1706 erebro
611 1665 701 1722 saper
713 1649 827 1723 empulo
836 1649 930 1723 palea
944 1648 1036 1708 inrita
1048 1665 1102 1708 aee
1114 1649 1230 1709 mirei

201 1751 362 1794 memorans
388 1737 539 1808 proculcat
566 1754 719 1811 equorum:
752 1738 873 1813 cadens,
902 1736 1016 1813 inquit,
1044 1738 1229 1799 Murrhanus
1248 1755 1267 1796 n

202 1842 262 1881 non
284 1827 369 1884 extra
391 1844 524 1899 currum,
547 1825 599 1885 sed
621 1826 678 1886 sub
695 1826 795 1902 ipsum
816 1830 965 1887 temonem
982 1829 1120 1886 rotarum
1142 1827 1229 1888 volu·

201 1912 320 1972 bilitate
338 1915 500 1991 perductus
519 1918 573 1990 est,
591 1933 651 1992 quo
667 1915 749 1974 faoto
763 1935 909 1992 equorum
927 1935 1049 1976 suorum
1063 1917 1229 1977 contunde·

201 2002 293 2061 batur
318 2003 445 2081 pedibus
473 2006 503 2063 et
531 2004 607 2063 rotis
634 2005 823 2065 currentibus
853 2005 1012 2065 terebatur.
1058 2005 1144 2082 equi,
1170 2006 1228 2083 ait,

201 2112 263 2152 non
281 2096 367 2153 erant
384 2112 530 2153 memores
549 2094 676 2154 domini:
699 2094 794 2154 iocari
809 2096 906 2155 voluit
925 2098 1025 2172 poeta,
1042 2114 1103 2154 non
1122 2115 1229 2156 verum

140 2182 312 2258 teodioere3
335 2204 406 2243 nam
429 2201 533 2243 sensus
555 2184 613 2244 iste
637 2184 675 2243 ab
699 2185 783 2262 equis
808 2191 838 2243 et
858 2184 932 2245 rotis
951 2185 1067 2244 alienus
1091 2187 1145 2246 est.
1177 2186 1228 2245 ille
1243 2205 1267 2246 ιι

201 2273 299 2331 ruenti
316 2273 395 2347 Hyle
414 2274 579 2345 orbaeque
596 2274 717 2332 inmane
734 2275 846 2346 furenti
868 2274 1006 2334 ornarit:
1028 2275 1128 2334 ruenti
1151 2273 1228 2334 dixit

201 2379 261 2419 non
280 2360 408 2438 cadenti,
427 2362 478 2421 sed
493 2362 716 2423 inconsiderata
733 2364 927 2424 festinatione
940 2364 1124 2440 properanti,
1143 2364 1226 2424 deni-

203 2457 260 2525 'que
283 2451 353 2509 huio
380 2454 411 2510 et
437 2452 590 2529 ingentem
612 2452 746 2513 furorem
769 2453 865 2530 dedit,
894 2456 930 2512 ut
951 2471 1075 2529 prorsus
1097 2453 1227 2513 nesciret

202 2540 322 2614 quando
345 2541 393 2599 val
416 2540 668 2616 quemadmodum
690 2547 792 2618 posset
815 2543 918 2603 oooidi.
950 2543 1093 2617 teramnae
1115 2547 1225 2602 aurato

201 2628 242 2686 ad
260 2632 390 2703 temporo
408 2635 532 2705 torquet:
549 2631 695 2705 venienti,
713 2632 826 2707 inquit,
846 2633 983 2707 ooourrit,
1001 2634 1037 2691 ut
1055 2632 1265 2692 ostenderetis

201 2717 401 2777 constantiam
425 2722 456 2777 et
477 2719 618 2779 fiduoiam
639 2720 700 2780 viri
722 2720 823 2793 fortis,
849 2724 879 2780 et
901 2722 933 2778 in
957 2724 1094 2798 tempora
1116 2724 1223 2781 aurata

200 2807 319 2865 hastam
342 2807 416 2867 fixit.
448 2809 499 2867 olli
512 2826 569 2882 per
584 2809 702 2883 paleam
719 2810 789 2881 fisso
808 2809 884 2866 stetit
901 2809 988 2869 hasta
1005 2811 1135 2870 cerebro:
1157 2829 1223 2871 eece

200 2896 265 2970 ipse
280 2896 445 2956 evidentius
460 2898 606 2974 ostendit3
623 2916 694 2956 nam
708 2897 796 2974 galea
809 2898 891 2956 vieta
904 2915 998 2974 usque
1014 2899 1052 2958 ad
1071 2898 1222 2960 cerebrum

200 2985 263 3043 eius
283 2986 371 3046 hasta
388 2986 503 3046 intorta
520 2988 705 3063 pervenerat.
730 2986 809 3060 fisso,
824 2986 876 3059 ait,
890 2987 1008 3046 cerebro
1022 2989 1109 3048 stetit
1121 2989 1221 3049 hasta:

199 3073 248 3132 hio
267 3075 362 3135 omnis
377 3076 422 3135 vis
442 3094 582 3152 expressa
599 3076 659 3149 est3
677 3094 738 3134 nou
757 3074 836 3133 enim
850 3074 974 3135 finditur
988 3078 1151 3154 quiequam
1165 3078 1221 3138 nisi
1235 3087 1256 3129 ὕ

198 3160 417 3224 interveniente
444 3164 557 3223 maiore
579 3162 725 3224 violentia
747 3182 801 3222 neo
824 3165 887 3222 stat
908 3164 966 3224 nisi
989 3168 1070 3242 quod
1093 3168 1154 3226 alte
1177 3167 1219 3227 in·

198 3250 299 3310 fixum.
324 3254 437 3312 factum
450 3254 507 3313 hoo
521 3254 560 3312 ad
573 3252 708 3312 dumam
722 3252 909 3331 intellegitur
921 3255 1076 3329 pertinere.
1103 3258 1219 3317 dextera

199 3345 326 3400 nectua
349 3347 387 3411 te,
413 3341 541 3401 Graiam
562 3341 721 3414 fortemne
745 3339 861 3411 Creten,
886 3344 992 3416 ereprad
1015 3346 1132 3406 Turno:
1156 3363 1218 3407 eooe

272 3495 497 3549 6Marrbarmm
514 3494 559 3547 bio
577 3492 690 3547 omed.
762 3499 795 3548 14
813 3512 895 3564 super
913 3497 1005 3552 erebro
1018 3496 1053 3551 V.
1122 3504 1154 3553 21
1173 3498 1218 3565 fa·
1265 3485 1267 3540 ἱ

197 3563 328 3621 mov,
401 3543 1267 3644 rimamarummreo.yra0v‚seaaal

192 3636 355 3712 explicatur
376 3638 441 3710 fisso
465 3635 509 3693 ed.
581 3640 616 3691 29
633 3636 739 3692 intorta
754 3634 781 3688 V
799 3639 831 3691 err
849 3644 926 3708 torpa
946 3639 999 3692 edl
1021 3642 1130 3710 intepra
1148 3640 1215 3696 edF.

157 3769 172 3796 ‚¹
186 3722 223 3780 30
238 3715 365 3789 finditur
380 3714 406 3800 V.
422 3713 561 3786 fasditio
579 3709 625 3769 ed.
693 3713 731 3764 at
748 3709 868 3776 tasson
886 3716 925 3763 eo
942 3710 990 3761 eu.
1052 3715 1090 3760 aa
1108 3710 1222 3764 nenos.
