2725 4150
205 333 269 397 606
489 328 629 383 ΒΟΝΑΤΙ
647 328 817 383 INTERPR.
831 327 939 383 Vnus.

275 499 360 557 Haec
381 499 434 556 uti
451 498 529 557 dieta
547 497 637 567 dedit,
656 499 753 571 porcis
775 514 837 557 sese
854 497 955 556 extulit
971 498 1089 572 ingeres:
1111 498 1230 576 ingens,

205 587 305 646 animo
324 586 438 647 scilicet
456 590 488 646 et
505 605 636 664 corpore.
668 586 757 645 aum
769 588 890 645 cernane
902 604 997 645 manc
1009 587 1160 660 quatiens:
1172 587 1230 645 mi-

205 676 305 736 nantis
323 677 380 736 hoc
398 676 498 736 fuerat
516 677 636 755 signum
655 677 686 735 et
702 675 793 752 plena
809 675 918 735 fiducia
931 675 1085 754 pergentis
1099 676 1140 734 ad
1153 696 1230 754 pug-

205 786 284 840 nam,
295 765 372 824 ferre
387 768 488 825 autem
501 766 594 825 telum
608 765 839 824 inaestimabilis
853 764 1072 843 magnitudinis
1086 767 1117 824 et
1126 766 1159 824 id
1168 783 1231 824 una

205 874 296 915 manu
313 857 444 914 tractare
463 856 613 930 quantum
630 855 690 913 fuit
705 853 822 933 insigne
844 853 981 914 virtutisl
1004 855 1094 913 sirmi
1112 856 1231 929 agmine
1260 871 1271 911 e

205 945 294 1003 denso
308 944 495 1016 Antheusque
508 944 735 1017 Mnestheusque
747 947 841 1002 reserat
853 944 1002 1016 comisque
1015 943 1124 1002 relictis
1142 945 1232 1003 turbu

205 1035 271 1105 sau
284 1034 404 1092 castris:
421 1033 599 1108 procedente
612 1033 717 1092 Aenea
734 1033 767 1090 in
786 1051 926 1110 campum
944 1033 1082 1092 omnibus
1096 1032 1233 1092 bellandi

206 1120 339 1181 studium
357 1123 452 1182 crevit
468 1125 648 1198 tantumque
661 1121 746 1182 illius
759 1122 870 1182 fiducia
883 1121 952 1197 fuit,
975 1123 1011 1180 ut
1028 1121 1130 1182 nullus
1145 1122 1232 1181 dubi·

205 1213 286 1270 taret
308 1210 400 1270 exire:
423 1213 631 1288 processerunt
653 1210 781 1287 denique
805 1210 894 1271 duces
917 1228 971 1269 nec
994 1211 1062 1288 quis
1085 1212 1233 1272 remansit

144 1313 196 1361 445
206 1302 237 1358 in
251 1301 365 1360 castris.
397 1304 459 1359 tum
473 1318 556 1360 caeco
568 1300 689 1374 putam
703 1317 825 1374 campus
839 1301 991 1359 murder:
1013 1319 1133 1360 necesse
1151 1300 1233 1360 enim
1250 1318 1275 1359 no

206 1390 307 1449 fuerat
324 1390 447 1468 globum
464 1390 598 1466 puiveris
617 1408 747 1449 crescere
766 1408 855 1465 quem
872 1390 996 1450 maioris
1015 1391 1133 1449 numeri
1151 1408 1232 1450 com·

207 1478 347 1539 movebat
359 1478 513 1539 exercitus.
526 1480 676 1552 pateam
684 1478 796 1552 paean
810 1479 1233 1539 caeterorummetum

205 1569 335 1644 impetus
358 1568 547 1647 pergentium
570 1568 642 1644 fuit,
671 1572 708 1627 ut
730 1587 834 1627 eorum
856 1567 983 1644 pedibus
1005 1570 1086 1627 terra
1108 1569 1234 1645 pulsata

207 1658 455 1717 contremisceret
500 1657 574 1716 cidit
596 1659 634 1716 ab
657 1658 781 1716 adrem
803 1657 945 1716 venientis
968 1674 1071 1732 aggere
1094 1658 1234 1718 Turnus:

206 1748 280 1806 bene
303 1749 401 1824 primo
429 1747 506 1805 dixit
528 1747 663 1805 Turnum
690 1747 800 1807 vidisse
827 1745 989 1820 venientis,
1019 1746 1069 1806 vel
1098 1747 1174 1824 quia
1202 1747 1235 1806 in
1253 1765 1278 1805 rs

208 1855 316 1916 aggere
339 1838 444 1895 contra
466 1837 584 1914 positae
606 1835 666 1894 fnit
690 1836 739 1895 vel
767 1837 841 1912 quia
867 1836 900 1894 in
928 1853 1019 1895 eausa
1046 1854 1102 1895 sua
1129 1835 1236 1895 debuit

207 1944 270 1986 esse
294 1927 535 2003 circumspectus.
566 1925 665 1984 vidae
681 1922 811 1984 Ausonii
831 1925 1001 2000 petitusque
1020 1942 1076 1998 per
1097 1926 1161 1984 ima
1185 1943 1234 1985 ou·

208 2016 299 2076 carru
317 2031 385 2075 ossa
403 2019 523 2075 tremor:
541 2015 594 2092 qui
611 2014 704 2091 paulo
724 2017 793 2075 ante
811 2033 866 2091 pro
880 2013 1043 2075 victoribus
1058 2013 1236 2076 ferebantur

208 2105 310 2164 Aenea
333 2124 369 2162 ex
392 2123 483 2164 causa
504 2103 635 2165 vulneris
665 2103 815 2182 inpedito,
844 2106 881 2163 ut
902 2104 1043 2164 viderunt
1061 2123 1170 2183 agmen
1195 2104 1236 2165 ad

209 2214 238 2254 se
268 2214 388 2254 versum
416 2194 501 2269 ferri,
533 2193 747 2253 intellexerunt
775 2194 808 2252 in
834 2192 890 2253 illa
917 2193 1112 2253 multitudine
1140 2196 1236 2254 etiam
1253 2213 1278 2253 so

208 2284 332 2343 Aenean
349 2285 451 2360 ipsum
468 2283 559 2342 fuisse
578 2285 779 2359 praesentem,
803 2302 862 2359 quo
880 2282 961 2342 facto
980 2302 1040 2341 non
1058 2284 1120 2341 iam
1138 2303 1236 2362 paror

210 2376 264 2433 aut
285 2376 397 2448 metus,
419 2372 471 2432 sed
493 2376 606 2432 tremor
628 2373 725 2432 omnis
748 2373 909 2432 invaserat.
943 2373 1044 2446 prima
1067 2377 1135 2431 arete
1159 2374 1235 2432 cleos

208 2463 338 2521 Iuturna
359 2462 485 2521 Latinos
508 2462 604 2521 audiit
626 2463 799 2536 agnovitque
821 2480 926 2522 socam
949 2466 975 2521 et
997 2463 1168 2534 tremefacto
1190 2478 1235 2521 re-

207 2553 298 2625 fugit:
319 2551 460 2626 Iuturna,
483 2570 576 2629 quam
593 2552 732 2629 specialis
751 2570 806 2629 pro
826 2553 923 2613 salute
937 2552 1040 2611 fratris
1059 2551 1235 2611 sollicitudo

209 2640 362 2718 tangebat,
380 2641 479 2717 prima
491 2640 578 2716 vidit,
595 2643 694 2719 prima
713 2642 840 2716 audivit,
853 2642 952 2718 prima
970 2641 1120 2719 cognovit,
1133 2642 1235 2717 prima
1252 2656 1274 2697 sc

210 2730 390 2788 contremuit
408 2733 439 2789 et
455 2730 581 2809 refugit:
605 2730 688 2807 quod
705 2730 814 2789 ideirco
834 2730 914 2804 fecit,
932 2749 969 2787 ne
987 2729 1102 2790 videret
1120 2731 1234 2789 exitum

148 2829 200 2878 450
211 2820 304 2878 Turni
323 2819 370 2878 vel
389 2819 452 2877 eius
471 2819 572 2895 copias
591 2821 694 2880 sterni.
729 2818 779 2877 c'tle
797 2818 889 2876 eolat:
912 2820 998 2876 tanta
1017 2818 1135 2879 Aeneas
1160 2819 1233 2879 cele·

210 2908 300 2967 ritate
323 2908 488 2983 ferebatur,
516 2912 552 2968 nt
579 2929 639 2968 non
667 2906 833 2979 ambulare,
863 2905 915 2964 sed
942 2907 1044 2967 volere
1072 2908 1232 2969 videretur.

212 3015 367 3072 campoque
381 3002 480 3057 atreua
493 3000 573 3072 rapit
587 3014 691 3071 agmen
705 3000 819 3068 aperto:
833 3012 998 3071 campoque
1014 3000 1118 3073 aperto
1133 3001 1233 3058 atrum

210 3087 304 3163 rapit:
328 3089 427 3146 atrum
445 3088 526 3163 ideo,
547 3088 621 3165 quia
639 3083 777 3145 sordibus
795 3083 927 3161 pulveris
945 3085 1044 3146 fuerat
1063 3089 1231 3162 oneratum3
1248 3101 1279 3141 st

285 3300 298 3346 1
323 3296 420 3349 intulit
437 3293 470 3348 V.
544 3298 561 3347 2
583 3292 637 3346 teta
655 3306 742 3345 murm
758 3288 783 3342 V
797 3289 850 3354 ed„
869 3289 919 3343 eod
936 3292 1048 3348 inmane
1067 3293 1231 3362 explicatur.

214 3370 230 3418 3
253 3371 279 3419 et
301 3381 354 3418 om.
375 3366 418 3419 ed.
491 3364 648 3432 stema
671 3361 715 3416 ed.
789 3367 805 3415 6
828 3362 993 3431 aetheraque
1007 3363 1032 3415 V
1051 3382 1101 3433 que
1120 3382 1174 3420 om.
1189 3364 1231 3420 ed.

214 3441 230 3488 8
258 3442 388 3505 tantaque
416 3435 458 3490 ed.
532 3439 548 3488 9
574 3450 610 3489 ac
634 3434 697 3501 qais
717 3431 743 3485 V
767 3449 817 3487 nec
842 3450 886 3501 qa.
912 3449 962 3487 noe
987 3452 1036 3489 uec
1060 3437 1165 3505 aliquis
1189 3435 1231 3490 ed.

215 3513 248 3561 16
267 3507 362 3573 fuitV
380 3507 474 3574 suerat
491 3505 534 3560 ed.
560 3505 564 3576 t
591 3505 659 3573 quic
676 3520 730 3559 om.
746 3503 789 3558 ed.
846 3509 879 3558 19
898 3506 930 3558 ia
947 3521 975 3561 se
994 3506 1036 3560 ed.
1092 3513 1126 3560 22
1146 3504 1233 3563 actv

207 3585 236 3632 et
253 3578 296 3633 ed,
322 3578 330 3651 s
353 3580 444 3635 omnis
457 3576 525 3632 Vo.
544 3575 648 3632 eosed.
671 3575 946 3705 &autcaliosVed
966 3581 1136 3633 ectromate
1149 3578 1230 3633 Ver.

194 3648 273 3705 Iibrr'.
331 3658 366 3709 26
377 3652 458 3727 fugit
471 3650 517 3709 ed.
567 3652 600 3705 Ἦ
615 3647 661 3705 illi
702 3691 709 3706 .
753 3652 789 3703 ‘28
802 3647 1006 3715 seruabaturV.
1051 3654 1084 3701 ‘tt
1104 3657 1195 3704 utrum

186 3738 214 3775 a.
236 3741 342 3795 agmen
363 3728 410 3787 ed.
