2725 4150
197 349 262 415 160
479 345 621 401 DONATI
638 344 809 401 INTERPR.
823 344 932 402 VERG.

194 517 230 574 ut
248 517 327 575 esset
344 518 384 592 et,
402 516 428 574 si
447 533 510 575 esse
528 517 639 591 posset,
658 533 776 574 servare
789 533 850 574 non
863 517 1018 575 noverant.
1049 534 1216 593 conponere

195 622 266 681 opes
289 603 364 682 quid
386 606 464 664 esset
490 603 684 681 ignorabant:
716 622 882 680 conponere
905 622 976 682 opes
1000 606 1046 664 est
1067 604 1115 665 uti
1136 604 1218 665 bona

194 696 291 770 veste,
327 712 436 770 panem
467 693 608 753 conficere
639 693 690 752 vel
721 693 822 752 eibum
854 695 992 753 accurate
1028 712 1217 771 praeparare,
1255 728 1262 745 ·

194 783 304 843 habere
327 783 542 859 supellectilem
565 782 686 842 cultam.
731 785 834 858 posset
852 781 925 843 dici:
948 784 975 842 si
997 782 1099 843 omnia
1121 802 1216 862 genus

194 872 251 932 boc
272 871 425 931 hominurn
449 872 614 946 nesciebat,
638 870 788 947 quomodo
812 871 970 931 alebatur?
1006 871 1051 931 ait
1072 873 1137 949 ipse
1164 873 1217 932 scd
1248 886 1260 928 s

194 962 274 1020 rami
292 965 377 1034 atquc
395 978 484 1035 asper
496 962 575 1020 victu
587 964 712 1019 cenatus
726 960 837 1020 alebat:
860 961 1060 1037 pascebantur
1077 962 1217 1038 hisquae

195 1049 346 1110 silvestres
369 1051 448 1109 rami
470 1050 650 1110 naturaliter
671 1049 871 1125 procreabant
893 1052 924 1110 et
947 1068 1024 1127 quae
1046 1051 1109 1112 illis
1132 1050 1217 1112 labo·

194 1139 275 1198 riosa
305 1139 426 1200 venatio
458 1138 556 1199 dabat.
596 1139 718 1212 monus
745 1139 782 1198 ab
810 1139 935 1198 αθὴὴθνὴο
961 1141 1042 1199 accit
1066 1139 1218 1201 Sctwrmts

133 1238 186 1289 320
197 1225 318 1302 olympo
332 1246 419 1287 arma
432 1227 516 1287 Iocis
530 1229 648 1302 sapiens
666 1232 694 1288 ct
710 1228 808 1303 repnte
827 1228 894 1287 cccl
911 1222 1070 1303 ademptis:
1091 1228 1218 1306 primus,

194 1315 307 1393 inquit,
338 1315 485 1378 Saturnus
507 1316 653 1377 violentia
679 1316 761 1377 Iovis
789 1317 925 1377 exclusus
956 1312 1030 1399 (non
1058 1317 1138 1378 dixit
1162 1319 1217 1395 fili,
1234 1333 1259 1375 ro

195 1407 230 1465 ut
252 1407 284 1465 θὴ
305 1405 464 1466 historiam
485 1408 625 1484 tangeret
647 1407 678 1464 et
699 1407 878 1483 inpietatem
899 1407 932 1465 in
954 1408 1056 1483 patres
1080 1427 1142 1469 non
1164 1408 1217 1468 do-

196 1487 289 1577 ceret)
312 1496 438 1573 perditis
463 1495 640 1556 caelestibus
663 1494 764 1573 regnis
789 1493 828 1553 ad
845 1496 900 1556 bas
919 1496 1036 1556 delatus
1055 1499 1103 1558 est
1119 1499 1217 1558 terras

195 1588 287 1661 atque
304 1586 337 1644 in
352 1586 399 1644 bis
414 1584 541 1659 delituit,
555 1603 615 1663 quo
630 1603 666 1643 ex
684 1585 765 1644 facto
779 1583 901 1644 Latium
915 1586 1088 1662 appellavit,
1102 1586 1218 1648 scilicet

196 1673 278 1751 quod
294 1675 344 1734 hic
361 1676 447 1733 tutus
464 1674 612 1734 latuisset.
643 1674 679 1742 is,
698 1673 731 1731 id
748 1676 795 1733 est
808 1672 966 1749 Saturnus,
977 1692 1071 1749 pecus
1083 1676 1218 1752 indocte,

194 1763 351 1823 indoctum
369 1765 400 1822 et
413 1763 495 1839 quod
509 1763 608 1822 dooen‘
626 1782 687 1822 non
704 1765 815 1839 posset,
833 1781 870 1823 cc
887 1764 1053 1837 dispersum
1070 1766 1218 1826 montbar
1236 1777 1261 1820 n

195 1853 276 1923 aitis,
301 1852 468 1928 dispersum
491 1856 523 1911 et
544 1871 598 1928 per
614 1853 727 1912 montis
745 1869 870 1930 vagum,
892 1854 929 1910 ut
946 1856 1017 1913 sunt
1037 1853 1129 1930 ferae,
1152 1871 1218 1914 con·

190 1942 299 2015 posuit,
318 1942 463 2002 formavit
480 1942 621 2001 humanis
640 1940 884 2018 persuasionibus
903 1944 934 2002 et
951 1941 1111 2019 institutis,
1130 1942 1218 2018 lepes-

195 2047 250 2103 quc
268 2030 354 2101 dedit,
377 2049 474 2109 usque
498 2029 571 2091 adeo
591 2030 629 2090 ad
652 2030 871 2091 humanitatem
893 2031 1047 2108 produxit,
1070 2033 1107 2092 ut
1125 2032 1219 2096 etiam

194 2119 275 2197 leges
297 2122 402 2180 timere
421 2123 452 2179 et
469 2115 587 2198 legibus
606 2120 718 2179 servire
741 2119 922 2181 didicissent.
959 2123 1074 2199 quanta
1093 2120 1219 2182 Saturni

195 2209 358 2286 industria,
395 2209 448 2286 qui
483 2210 544 2270 tale
581 2208 737 2269 bominum
773 2228 879 2288 genus,
917 2209 1038 2286 durum,
1078 2210 1219 2288 indocile,
1237 2225 1264 2267 ro

195 2317 348 2375 asperum,
379 2298 580 2358 inhumanum
607 2298 756 2359 institutis
784 2298 958 2359 melioribus
986 2299 1027 2358 ad
1052 2300 1219 2361 humanum

195 2388 310 2447 oultm
332 2388 454 2467 egregia
476 2387 645 2466 magisterii
668 2390 733 2447 arte
757 2389 906 2448 convertit
928 2391 959 2447 et
980 2388 1077 2448 teneri
1099 2389 1218 2468 legibus

194 2477 267 2537 fecit
289 2479 344 2555 qui
366 2478 421 2537 sub
445 2477 561 2556 legibus
584 2495 645 2536 non
668 2477 804 2536 fuerunt!
850 2494 1041 2551 cccccccccc
1064 2479 1220 2551 perbibent

133 2566 245 2625 sacillo
267 2569 322 2626 aab
349 2584 416 2641 repe
441 2568 525 2640 fuere
551 2567 685 2626 saecuta:
715 2566 847 2640 saecula,
876 2566 990 2644 inquit,
1020 2586 1098 2644 quae
1127 2587 1218 2629 aureo

194 2654 314 2715 nomine
351 2656 500 2733 appellari
535 2659 766 2730 consueverunt,
802 2655 926 2715 fuerunt
959 2656 1027 2734 ipso
1063 2660 1218 2734 regnante.
1237 2670 1263 2712 ao

194 2745 238 2803 sic
261 2745 386 2819 placida
407 2746 535 2820 populos
556 2746 590 2804 tn
608 2762 685 2817 pecc
706 2746 837 2819 repebat:
869 2743 992 2805 additur
1023 2746 1062 2804 ad
1093 2744 1219 2806 Saturni

194 2831 314 2893 laudem
336 2835 470 2911 potuisse
492 2834 564 2895 talis
591 2833 728 2894 homines
758 2834 814 2893 hoc
845 2836 891 2894 est
919 2836 1051 2895 incultos
1080 2838 1110 2894 et
1137 2836 1217 2897 feros

266 3026 283 3074 3
311 3028 477 3107 computas
496 3021 523 3076 V
549 3029 676 3078 αθθθθναὴθ
702 3022 745 3079 ed.
817 3028 835 3077 4
859 3024 1043 3092 subpellectitc
1067 3024 1172 3079 cultum
1191 3023 1218 3076 V

193 3093 673 3222 idip‘lidt'iiinvaamdii'dniflia
693 3099 710 3239 i
728 3093 1048 3236 {matidssf'rerdfd'
1059 3093 1218 3222 isaim

195 3236 345 3303 composuit
361 3233 493 3305 interpob
507 3236 551 3291 ed.
573 3237 576 3309 ὴ
597 3243 623 3292 ct
641 3253 695 3292 orn.
710 3237 754 3293 ed.
776 3237 779 3309 t
799 3242 832 3292 ut
844 3241 910 3292 suat
921 3237 1012 3304 facere
1025 3234 1052 3289 V
1064 3254 1093 3291 a.
1105 3254 1127 3292 a.
1140 3239 1218 3306 seraa

194 3322 246 3360 nos
260 3308 364 3375 (scam
377 3307 409 3361 iu
423 3308 575 3377 archetypo
590 3308 677 3363 fuisse
691 3307 804 3363 videtur
816 3309 849 3361 ut
863 3310 925 3376 248)
941 3324 994 3362 om.
1005 3306 1049 3365 ed.
1102 3314 1136 3363 18
1151 3326 1218 3378 per·

194 3377 277 3433 ducit
294 3377 338 3433 ed.
403 3383 436 3432 19
455 3380 618 3435 dcdictsscnt
630 3379 664 3436 V.
727 3385 762 3434 28
780 3381 845 3448 post
861 3378 977 3445 suenoni
994 3378 1064 3434 haee
1083 3379 1216 3449 interpol.

195 3448 253 3504 ed:
273 3448 463 3518 „Latiumque
481 3451 577 3505 vocari
594 3450 709 3519 maluit,
728 3451 773 3505 his
792 3450 925 3518 quoniam
943 3449 1074 3505 latuisset
1092 3453 1172 3505 tutus
1186 3452 1218 3507 in

193 3520 264 3575 oris:
284 3523 314 3577 et
328 3520 464 3576 Saturnus
482 3522 529 3576 hic
542 3522 637 3592 potius
651 3522 766 3577 Latium
779 3521 837 3576 dici
850 3520 941 3575 voluit
954 3536 1040 3590 quam
1054 3521 1133 3589 alibi,
1148 3539 1218 3591 quo-

178 3590 261 3645 niam
275 3592 323 3649 ibi
336 3594 418 3651 tutus
431 3593 545 3668 fugiens
559 3593 652 3650 Iovem
666 3594 812 3648 latuerat“
826 3592 929 3647 desunt
941 3591 1013 3648 haec
1027 3593 1057 3647 in
1066 3593 1188 3650 VHOU.
1210 3594 1214 3666 Ι

167 3677 265 3720 aurea
284 3685 361 3739 qam
376 3667 405 3726 V
419 3687 565 3745 aeneaque
583 3675 615 3728 ct
634 3667 680 3725 ed.
757 3670 790 3723 ‘tt
814 3664 945 3735 potuisset
966 3665 1031 3718 ossa
1046 3664 1072 3716 V
1095 3667 1218 3732 potuisse

157 3733 233 3789 talis
250 3755 310 3798 nos
321 3746 505 3815 pomasc-
515 3746 591 3807 bello
608 3747 724 3804 temere
741 3740 816 3796 mut·
830 3736 875 3792 ab·
