2725 4150
566 330 794 386 lmnmosx
1124 335 1190 403 299

170 521 231 562 non
254 502 353 561 essent
368 498 506 560 inoendio
525 502 556 560 et
572 500 660 560 bello.
692 500 801 560 horum
819 500 864 562 vis
883 502 1006 578 aoeepta
1020 500 1190 579 quantitate

170 592 366 669 augmentum
387 590 481 667 penit,
504 607 572 649 eum
594 589 668 650 dieit
689 592 745 650 tot.
786 591 851 650 leve
873 591 954 650 enim
976 591 1141 668 videretur,
1163 592 1190 651 si

170 700 230 739 non
256 680 441 757 frequenter,
465 678 518 738 sed
540 679 632 738 semel
654 681 733 740 esset
760 679 907 740 effoetum.
953 681 984 739 et
1006 680 1108 740 omnia
1129 679 1190 740 ista

169 787 324 846 perpessos
361 768 509 843 adseruit,
550 787 618 828 eum
654 773 832 845 quaererent
867 767 1003 843 Latium,
1045 787 1105 845 quo
1145 768 1189 828 ire

138 875 151 915 s
169 858 351 918 iubebantur
364 860 396 917 et
412 857 559 936 Pergama
576 875 725 934 reparare.
756 875 817 917 ooo
834 859 929 918 salies
947 860 1058 918 eiooes
1073 859 1190 932 podiae

169 949 312 1008 insedisse
324 964 477 1021 supresnos
495 950 581 1020 atoue
598 948 693 1007 sedem
711 964 766 1022 quo
786 948 878 1007 Troia
895 949 973 1021 fuit?
1004 966 1065 1007 non
1083 948 1189 1007 melius
1208 959 1242 1010 eo

169 1038 277 1097 fuisset
298 1037 475 1096 remansisse
498 1035 530 1094 in
553 1036 701 1098 cineribus
724 1037 841 1114 patriae
864 1039 896 1096 et
916 1040 949 1096 in
972 1038 1036 1097 solo
1063 1037 1190 1116 genitali

168 1126 312 1186 resedisse
342 1144 433 1202 quam
462 1125 579 1185 labores
607 1127 655 1186 tot
677 1128 708 1185 et
734 1126 868 1202 pericula
890 1127 954 1186 sine
978 1127 1189 1187 commoditate

169 1213 354 1291 suscepisse?
408 1215 561 1274 Xanthum
590 1219 617 1273 et
644 1213 794 1274 Simoente
826 1216 927 1285 redde,
959 1232 1023 1285 ore,
1057 1217 1189 1276 miseris:

124 1320 151 1360 so
168 1304 369 1365 necessarium
386 1305 489 1381 posuit
505 1303 608 1379 redde;
626 1303 723 1381 ipsius
741 1305 821 1363 enim
838 1305 924 1364 iussu
940 1305 1014 1364 fines
1032 1305 1190 1384 regionum

169 1413 292 1454 suarum
328 1393 453 1452 Troiani
488 1393 677 1469 dimiserant,
713 1394 778 1469 ipse
814 1393 936 1453 reddere
969 1394 1072 1454 debuit
1108 1394 1189 1471 quod

168 1483 298 1543 iubendo
334 1483 499 1542 sustulerat
530 1484 584 1542 aut
614 1481 647 1541 id
679 1483 761 1558 quod
791 1481 945 1559 pollicitus
977 1483 1078 1543 fuerat
1109 1484 1188 1544 dare.

168 1593 325 1651 magnum,
354 1572 468 1648 inquit,
497 1573 571 1631 meis
599 1570 768 1648 praestabis
800 1571 990 1647 beneficium,
1022 1572 1048 1632 si
1078 1575 1189 1650 negata

168 1661 346 1737 reddideris3
370 1659 421 1722 sed
443 1663 500 1721 hoo
522 1679 582 1720 non
605 1680 689 1735 vere,
712 1661 765 1720 sed
787 1663 910 1737 propter
930 1660 1079 1722 invidiam
1106 1660 1188 1736 dicit,

124 1765 150 1806 is
167 1751 236 1812 ideo
260 1752 398 1827 sequitur
425 1751 585 1823 iterumque
607 1750 753 1809 resolvere
776 1767 864 1810 esses
886 1751 939 1820 da,
957 1753 1054 1824 paor,
1077 1750 1189 1810 Iliacos

169 1842 305 1900 Tederis:
334 1843 377 1915 et,
407 1839 434 1899 si
462 1840 519 1900 hoo
548 1842 677 1916 putatur
707 1840 835 1914 iustum,
866 1839 976 1900 iterum
1007 1841 1039 1898 in
1071 1839 1188 1900 labores

167 1931 292 1989 redeant
315 1932 345 1988 et
367 1928 509 2006 perieulis
527 1947 647 1988 rursum
665 1928 767 1989 studio
786 1929 931 1990 deteriore
950 1929 1130 1991 subdantur:
1153 1933 1189 1989 ut

168 2020 338 2080 ostenderet
366 2019 505 2096 iniquum
533 2036 597 2079 esse
626 2018 733 2098 negari
759 2019 943 2097 praesentia,
965 2018 1189 2098 iniquissimum

167 2111 239 2170 fatis
268 2108 306 2169 sd
336 2128 372 2168 ea
399 2128 476 2187 quse
503 2128 557 2185 per
582 2110 630 2168 tot
657 2128 804 2169 annorum
827 2109 934 2171 seriem
956 2110 1008 2171 vix
1031 2112 1188 2171 evaserant

122 2214 149 2253 so
167 2200 311 2258 reveesri.

240 2289 317 2347 Tuon
343 2288 425 2361 reqie
447 2286 527 2345 Ideo
554 2290 621 2346 aeto
646 2288 749 2360 furore
774 2288 876 2362 ordei:
902 2288 1035 2347 fororem
1062 2287 1187 2348 dicendo

167 2376 299 2436 ostendit
327 2376 439 2435 iniuste
472 2378 652 2435 eommotem
681 2378 774 2453 atque
802 2378 963 2437 excitatam
986 2378 1187 2437 vehementer:

166 2466 220 2525 ubi
247 2468 326 2525 enim
352 2466 438 2523 furor
463 2464 639 2541 intervenit,
666 2485 769 2525 verum
799 2467 893 2525 animi
915 2465 1059 2525 iudioium
1082 2468 1187 2526 eessat.

166 2555 298 2614 furorem
320 2556 415 2632 igitur
436 2553 513 2613 Iuno
537 2554 700 2632 eollegerat
721 2556 852 2630 primum
875 2574 910 2614 ex
929 2574 964 2613 es
983 2573 1087 2629 eausa,
1107 2555 1188 2631 quod

122 2658 148 2700 so
166 2647 199 2702 in
229 2645 376 2704 conventu
407 2644 531 2702 deorum
561 2644 695 2702 omnium
724 2642 845 2703 dolebat
873 2662 904 2703 se
931 2662 994 2704 esse
1023 2644 1185 2703 confusam

168 2734 249 2810 quod
280 2733 357 2792 mira
388 2735 452 2791 arte
485 2736 588 2811 egerat
623 2731 739 2807 Venus,
780 2734 828 2806 ut,
870 2750 936 2792 oum
973 2736 1050 2792 esset
1082 2735 1187 2793 eontra

167 2823 313 2883 Troianos
346 2823 481 2880 omnium
512 2821 634 2881 deorum
663 2821 696 2880 in
728 2822 861 2880 favorem
892 2821 1017 2882 Iunonis
1054 2822 1187 2881 studium

166 2914 350 2988 susceptum,
364 2910 510 2971 Iunonem
523 2914 639 2987 peteret
653 2912 761 2985 solum,
776 2928 836 2987 quo
850 2913 1014 2970 ceterorum
1028 2911 1186 2971 adsensum

166 3001 227 3060 suis
257 3000 394 3077 partibus
424 3003 593 3077 quaereret:
617 3000 699 3075 quod
720 2998 878 3076 provenire
900 3018 961 3059 non
990 3004 1104 3077 posset,
1127 3000 1187 3060 nisi

120 3105 147 3145 so
166 3090 368 3150 dissimulatio
397 3089 505 3149 fuisset
535 3089 660 3148 adiecta.
713 3106 853 3148 aeousore
883 3090 986 3148 sutem
1013 3090 1185 3149 antemnis

165 3182 219 3238 aut
241 3180 336 3257 pluris
361 3180 434 3255 quid
456 3179 623 3256 prodesset,
647 3197 716 3239 oum
739 3179 861 3237 auetore
880 3178 994 3238 deieota
1012 3178 1089 3237 nihil
1108 3182 1187 3238 esset

237 3367 297 3420 isi
315 3367 428 3421 omed.
502 3372 591 3421 tesso
610 3366 653 3422 ed.
727 3366 892 3422 lodswuit
909 3367 942 3421 R.
969 3365 971 3438 l
997 3372 1138 3435 quererent
1150 3365 1184 3421 V.

164 3443 358 3505 bsupreemes
371 3437 430 3493 VR.
509 3439 622 3493 8lubor
639 3444 679 3493 est
692 3437 744 3492 Vlt
762 3454 831 3492 sorr.
847 3437 890 3491 ed.
969 3443 1002 3491 13
1020 3444 1120 3508 senata
1133 3437 1185 3490 VR

163 3511 269 3562 temere
288 3511 356 3563 mut.
373 3509 416 3563 ed.
499 3515 534 3563 14
556 3511 605 3564 doe
624 3526 677 3564 om.
693 3509 737 3563 ed.
819 3515 852 3562 16
877 3509 968 3565 labore
983 3506 1033 3563 VR
1056 3526 1124 3563 oorr.
1141 3508 1184 3564 ed.

165 3585 198 3633 18
223 3582 329 3634 inicum
343 3579 401 3633 VR.
463 3582 667 3650 iniquissimum
688 3580 714 3633 R
738 3581 807 3635 ·mis
820 3579 846 3633 V
865 3580 908 3635 ed.
989 3585 1022 3633 19
1047 3582 1116 3648 fatis
1135 3578 1185 3633 VR

163 3651 224 3717 fiet
238 3651 281 3705 ed.
300 3653 388 3707 sotis?
407 3657 518 3706 o.369.
573 3657 608 3705 24
622 3653 785 3723 eolleyeroot
798 3651 825 3706 R
838 3652 947 3723 eolleoit
962 3651 1012 3707 sd.
1057 3656 1097 3705 ‘aa
1115 3666 1199 3717 meoe-

162 3724 255 3775 oem're
271 3722 311 3774 ed.
386 3728 419 3775 81
439 3724 544 3781 duecte
558 3722 610 3780 VR
629 3726 735 3785 deiecto
754 3725 815 3797 bil·²
832 3725 890 3783 sed
906 3724 1073 3791 allides.
