2725 4150
208 363 252 428 84
492 354 633 415 DONA'I'I
650 358 821 414 INTERPR.
834 357 944 413 Vnus.

207 526 351 605 spexisse,
374 547 442 588 cum
461 527 673 588 mandatorum
696 545 844 587 summam
865 525 999 586 traderet
1019 526 1144 602 Furiae,
1166 547 1230 588 non

207 617 329 677 admisit
347 617 462 693 oblata,
486 618 538 678 sed
560 621 665 677 contra
686 616 862 698 respondit..
891 620 1036 676 terrorum
1058 620 1086 676 ct
1105 617 1229 691 fraudis

207 707 324 766 obrude
352 712 407 766 est:
436 706 524 781 satis,
552 705 665 784 inquit,
693 706 807 765 factum
835 708 881 765 est
910 705 1010 765 animo
1037 724 1117 780 meo,
1145 708 1230 767 extat

207 799 368 874 conpetens
395 799 493 856 terror
515 798 545 855 et
567 797 691 872 superat
717 794 834 854 fraudis
861 796 1036 870 inventum,
1060 793 1141 872 quod
1165 797 1229 855 tur-

206 885 312 945 bandis
331 886 419 945 rebus
437 886 538 944 fuerat
555 883 762 944 necessarium.
793 888 873 944 stant
886 884 953 943 belli
967 901 1089 954 causac,
1106 885 1164 944 hoc
1182 888 1230 945 est
1261 899 1275 939 s

205 975 314 1034 idonce
336 975 409 1033 belli
431 973 627 1033 fundamenta
649 976 836 1050 constructe3
857 972 918 1032 nisi
938 991 1097 1033 causarum
1112 975 1229 1052 quippe

207 1064 378 1124 substantia
400 1062 513 1122 bellum
535 1064 619 1123 nasci
641 1082 702 1123 non
724 1064 838 1140 potuit,
862 1061 1006 1138 quoniam
1028 1062 1228 1124 dissensiones

207 1171 308 1212 omnes
331 1155 362 1212 et
380 1150 507 1212 discidia
525 1171 675 1231 emergere
694 1155 786 1229 atque
804 1151 913 1211 exoriri
930 1169 991 1210 non
1008 1155 1148 1228 possunt,
1168 1153 1229 1213 nisi

206 1241 345 1317 primitus
381 1241 515 1301 extiterit
551 1242 632 1319 quod
669 1241 860 1301 concordiam
896 1243 1027 1317 rumpat.
1072 1246 1230 1317 pugnum

206 1331 489 1390 commisceamus:
506 1331 629 1407 plenum
641 1330 754 1390 bellum
769 1333 814 1391 est
833 1349 901 1390 oum
914 1329 1036 1390 venitur
1049 1330 1089 1389 ad
1107 1349 1229 1407 manus,
1247 1344 1271 1385 ro

206 1419 252 1480 ait
273 1418 352 1478 enim
376 1419 517 1496 superius.
534 1423 625 1496 poeta
647 1419 808 1494 „derexero
836 1420 928 1495 acies,
955 1438 1016 1478 non
1042 1420 1106 1478 iam
1133 1423 1228 1480 certa·

205 1510 286 1568 mine
309 1508 434 1588 agresti,
457 1508 613 1586 stipitibus
637 1508 719 1568 duris
748 1508 850 1587 agitur
882 1507 1042 1568 sudibusve
1068 1510 1229 1585 praeustis,

202 1599 258 1659 sed
281 1599 360 1658 ferro
380 1598 506 1675 ancipiti
524 1597 701 1672 decernunt,
725 1601 852 1674 atraque
870 1599 932 1657 late
949 1598 1096 1658 horrescit
1113 1597 1228 1660 strictis

206 1707 291 1766 seges
310 1687 461 1748 ensibue“.
505 1689 542 1747 ut
563 1687 706 1764 probaret
731 1689 854 1764 plenum
880 1689 1053 1764 susceptum
1080 1705 1143 1748 esse
1167 1706 1228 1748 cer-

205 1781 308 1836 tamen
331 1780 422 1852 atque
444 1777 534 1836 utin
558 1795 592 1836 eo
615 1776 681 1853 ipso
700 1776 810 1836 Furiae
832 1774 971 1836 laudaret
994 1776 1130 1852 effectus,
1154 1796 1228 1854 quo·
1246 1794 1270 1837 rs

206 1866 288 1926 niam
305 1865 373 1943 ipsa
390 1865 508 1925 Allecto
527 1865 644 1925 dixerat
661 1865 930 1942 „quandoquidem
946 1864 1081 1926 Ausonio
1099 1868 1229 1943 respersi

206 1956 351 2032 sanguine
380 1953 541 2030 Teucroe“,
567 1954 644 2014 Iuno
671 1955 743 2014 huie
770 1955 835 2015 loco
863 1955 1031 2032 respondit:
1063 1971 1138 2028 quac
1164 1957 1229 2030 fors

200 2045 304 2118 primu
331 2045 422 2114 dedit,
452 2045 576 2119 sanquis
598 2062 689 2105 nouos
711 2045 817 2105 imbuit
839 2062 939 2113 arma,
971 2045 1028 2105 hoc
1056 2046 1116 2120 est,
1146 2044 1229 2123 quod

207 2133 338 2210 optabile
361 2136 434 2210 fuit,
456 2134 526 2193 inde
549 2137 596 2194 est
613 2135 719 2194 datum
740 2134 863 2194 initium
885 2133 973 2193 malis
994 2133 1073 2193 unde
1092 2132 1161 2193 dari
1179 2134 1228 2194 de-

144 2222 282 2285 erubuit.
328 2224 403 2283 tolio
425 2224 562 2299 molegio
584 2228 611 2283 et
632 2224 702 2283 talis
725 2224 865 2283 celebrent
885 2224 1059 2299 hymenaeos
1082 2225 1229 2299 egregitur
1246 2243 1270 2285 ao

211 2313 333 2372 Veneris
344 2330 438 2388 genus
456 2317 483 2372 et
499 2330 551 2373 rec
568 2314 632 2386 ipsc
644 2312 790 2372 Batinus:
809 2313 892 2387 talia,
909 2311 1019 2389 inquit,
1032 2314 1106 2373 vota
1118 2313 1228 2373 habere

206 2402 291 2481 digni
313 2404 384 2462 sunt
406 2402 460 2479 qui
481 2402 600 2461 faciunt
617 2402 699 2479 quod
722 2401 763 2461 sit
785 2401 864 2462 votis
886 2403 961 2461 meis
981 2403 1141 2480 animoque
1159 2419 1228 2463 con·

206 2493 341 2551 trarium.
383 2496 409 2551 tc
437 2508 527 2565 super
557 2492 702 2551 euscius
734 2508 834 2551 errore
866 2492 999 2550 licentius
1030 2509 1124 2552 curus
1155 2492 1230 2553 doct

200 2580 453 2654 perterruerant,
476 2581 585 2639 surnmr‘
605 2583 743 2655 regnator
762 2579 893 2654 Olympi:
916 2580 997 2657 quod
1014 2581 1094 2641 ultro
1108 2580 1228 2643 Allecto

206 2670 358 2730 obtulerat
375 2689 412 2729 ne
431 2668 582 2729 videretur
599 2669 675 2729 Iuno
695 2668 851 2729 fastidiose
871 2670 1035 2746 respuisse,
1057 2670 1134 2729 dixit
1152 2669 1228 2732 duas
1246 2687 1270 2729 rs

206 2776 325 2819 causas:
348 2759 532 2836 superfluum
546 2760 605 2834 est,
628 2759 742 2835 iuquit,
766 2757 847 2835 quod
860 2758 950 2817 rebus
967 2758 1091 2835 inpletis
1110 2760 1229 2821 edicere

206 2847 325 2923 quaeris
349 2850 556 2926 augmentum,
585 2849 616 2905 et
636 2850 668 2907 te
691 2847 804 2907 diutius
827 2847 878 2907 hic
900 2849 1045 2908 remorari
1067 2849 1229 2909 molestum

206 2938 265 3011 est3
287 2956 348 2996 non
372 2937 452 2996 enim
473 2937 530 2997 hoc
548 2939 650 3013 potest
668 2937 806 3015 Iuppiter
824 2938 928 3013 aequis
952 2936 1060 2998 animis
1079 2938 1171 3013 ferre,
1192 2940 1229 2998 ut

205 3025 333 3086 ulterius
347 3044 455 3103 supera
469 3027 599 3088 tenearis
617 3027 650 3086 in
668 3027 744 3102 luce,
758 3028 861 3103 itaque
880 3026 946 3087 cede
965 3027 1049 3086 locis:
1071 3045 1132 3086 non
1151 3026 1229 3087 dixit

205 3118 240 3175 tu
267 3115 342 3175 vade
369 3115 454 3190 hinc,
483 3116 535 3175 sed
560 3116 631 3174 cede
658 3118 782 3192 propter
807 3115 889 3177 Iovis
917 3134 1088 3192 personam,
1117 3117 1229 3193 quiex
1246 3133 1272 3175 so

207 3204 324 3264 diutina
346 3205 578 3265 commoratione
597 3204 707 3264 Furiae
730 3207 850 3281 poterat
872 3206 1006 3283 graviter
1028 3206 1151 3282 offendi,
1173 3225 1229 3267 nec

206 3294 266 3354 fuit
286 3293 411 3369 iniuria,
434 3293 462 3354 si
482 3292 593 3353 diceret
614 3294 736 3370 potiori.
777 3312 839 3370 ego,
863 3294 891 3354 si
913 3312 972 3367 qua
995 3311 1083 3368 super
1104 3295 1230 3368 fortuna

278 3465 369 3519 dorsi
382 3461 481 3519 Veiuc
495 3463 539 3519 ed.
594 3463 940 3519 eooncordiavcorred.
997 3471 1029 3518 11
1045 3465 1169 3522 direxere
1183 3465 1228 3520 ed.

203 3541 241 3588 16
255 3536 345 3619 {orsam
358 3537 454 3591 allecto
463 3534 488 3589 V
498 3552 567 3589 corr.
578 3535 622 3589 ed.
674 3541 708 3589 18
721 3534 841 3620 uooosV
855 3535 962 3620 -ueed
1013 3541 1048 3591 20
1061 3536 1229 3608 coniugiaV

174 3607 337 3744 εἷθ”ἴεῖῗῖ
354 3605 773 3753 {tumeaffli'tvtaqss
783 3608 840 3736 ἐξ.
856 3605 1175 3751 Xsfpffueeffeluminu'ii
1183 3607 1232 3734 eYr'.

160 3742 203 3791 30
218 3746 256 3796 tu
276 3748 355 3805 cade
377 3752 405 3809 V
420 3755 478 3813 abr·
494 3757 541 3815 ed.
623 3762 660 3815 82
677 3756 776 3830 potior
796 3752 844 3810 ed.
