2725 4150
549 276 734 332 AENumos
752 275 791 332 XI
1114 278 1181 345 473

161 448 280 522 pectore
303 447 448 524 gemitum
471 446 575 506 dedit
603 445 733 524 gemitus
756 445 825 504 inde
848 445 999 521 veniebat,
1027 446 1099 522 quiu
1121 445 1180 505 vim

161 536 275 595 Dranci
291 534 402 595 inferre
415 555 476 595 non
490 537 611 612 poterat
628 534 834 613 praesentibus
847 535 942 594 tentis
956 536 987 594 et
999 552 1077 613 rege.
1103 536 1183 611 quod

160 629 263 684 tamen
284 626 368 685 locus
392 628 423 684 et
439 627 559 701 tempus
578 623 702 684 admisit
719 626 750 682 et
768 622 939 702 praesentis
955 624 1035 683 tanti
1058 642 1182 683 conven-

161 719 224 789 tus,
246 714 279 773 iu
301 733 404 775 vocem
425 715 523 792 rupit,
546 733 638 791 quam
660 713 712 772 diu
735 714 853 789 petiens
877 715 1067 791 oppresserat
1089 712 1182 773 dolor.

132 806 248 878 slorpe
271 804 386 877 quidem
412 821 533 877 semper,
561 804 695 873 Drance,
723 803 776 862 tibi
803 802 887 876 copta
909 800 997 876 fandi
1023 807 1093 861 tuero
1118 820 1183 862 cmm

163 894 238 952 belle
255 910 363 953 monus
377 897 504 967 posmmt
517 894 711 967 patribusque
732 892 842 951 coeatis
855 893 975 966 primms
993 892 1078 952 acies:
1098 910 1181 970 pras-
1193 898 1245 950 880

162 986 282 1059 postera
312 985 371 1058 est,
399 982 514 1059 inquit,
543 981 674 1057 Drance,
705 980 877 1059 eloquentie
905 982 968 1041 tun.
1014 999 1086 1040 nam
1116 1000 1184 1041 cum

162 1075 322 1131 necessitas
345 1073 426 1132 viros
449 1073 482 1130 in
505 1090 589 1130 arms
612 1070 768 1147 conpellit,
797 1074 834 1131 ur
856 1071 1007 1130 concurris
1030 1071 1071 1130 ed
1092 1071 1183 1131 verbs

162 1164 193 1220 et
215 1164 245 1220 te
273 1162 403 1222 delectat
429 1161 582 1221 rhetorum
607 1179 686 1235 mos,
716 1159 789 1237 quis
815 1178 970 1219 murorum
996 1161 1182 1222 munimento

118 1273 144 1311 ro
163 1269 282 1310 securus
306 1269 346 1310 es.
383 1269 443 1309 uon
461 1250 504 1311 sio
521 1252 676 1329 pugnetur
694 1253 748 1309 sut
765 1249 897 1310 vincitur
914 1267 967 1309 nec
985 1249 1083 1310 verbis
1096 1250 1182 1310 debe-

162 1359 228 1400 mus
251 1338 298 1399 uti
320 1360 375 1416 pro
398 1340 514 1400 iaculis.
550 1339 679 1415 interes,
702 1338 776 1398 dum
793 1341 894 1416 putres
918 1337 1036 1416 aliquid
1052 1341 1183 1400 tractare

163 1430 346 1504 desiderent,
373 1429 489 1506 primus
516 1428 661 1490 adventas
689 1430 720 1487 et
745 1430 819 1487 tunc
841 1428 947 1506 lingua
968 1427 1086 1504 placere
1115 1447 1183 1489 con·

162 1519 259 1578 tendis
291 1537 358 1577 oum
383 1522 503 1597 tempus
532 1537 594 1578 non
621 1518 770 1594 loquacis,
800 1517 852 1577 sed
881 1520 1014 1577 armatos
1042 1518 1183 1594 exposcit.

162 1609 295 1667 sednon
321 1609 462 1681 replendo
489 1611 532 1666 est
557 1609 642 1667 curio
667 1608 777 1678 verbis,
806 1624 881 1680 omae
907 1611 967 1666 tuto
995 1607 1048 1665 tibi
1073 1625 1183 1681 mopere

118 1719 143 1758 15
162 1698 274 1767 coloret,
303 1697 374 1756 dmm
396 1697 513 1756 distinet
534 1697 643 1756 hostem
665 1713 754 1772 opper
779 1714 933 1755 mororum
957 1713 1010 1755 mee
1035 1697 1185 1756 inundaret

162 1788 307 1860 sanquine
328 1788 441 1860 fossae:
473 1786 595 1847 dooeum
617 1788 661 1862 te,
683 1785 796 1863 iuquit,
820 1804 874 1845 sue
897 1785 1081 1862 temporibus
1105 1785 1183 1846 dure.

162 1895 266 1952 pacem
289 1877 408 1952 quaerit
424 1876 594 1953 loquacitas
611 1878 679 1950 tus,
703 1895 795 1952 quem
817 1877 908 1953 putes
931 1893 1008 1951 esse,
1032 1893 1100 1935 cum
1123 1894 1184 1934 non

163 1968 210 2025 sit.
256 1966 338 2024 fallit
363 1968 394 2024 te
421 1967 584 2025 conventus
611 1964 669 2025 iste
697 1964 860 2040 maiorum,
889 1964 1001 2025 fallunt
1029 1985 1184 2026 murorum

163 2058 281 2131 saepta,
305 2074 383 2132 quae
407 2075 425 2115 a
447 2054 534 2115 nobis
556 2054 714 2132 paululum
738 2056 880 2131 separant
901 2053 1009 2115 hostis:
1039 2049 1182 2135 †nonne

118 2167 144 2205 co
162 2146 245 2204 vides
273 2164 326 2220 per
352 2144 448 2204 fossas
478 2144 656 2223 sanguinem
683 2143 791 2203 firndi?
818 2144 944 2219 proinde
966 2146 1036 2204 tomo
1059 2146 1184 2218 eloquio:

162 2237 235 2292 tona
261 2232 409 2293 invidiose
432 2235 547 2311 posuit,
575 2235 662 2310 qussi
690 2235 817 2294 caeleste
843 2252 969 2311 regnum
993 2236 1129 2310 portaret
1150 2236 1183 2292 iu

162 2324 267 2400 lingue
291 2326 322 2382 et
348 2342 408 2382 non
432 2323 494 2383 ium
521 2324 619 2399 loqui,
646 2323 699 2383 sed
728 2326 833 2383 tonare
862 2322 1022 2382 videretur.
1066 2324 1183 2382 solitum

163 2414 229 2471 tibi:
255 2412 326 2472 talis
350 2431 467 2488 sempor
488 2413 587 2488 fuisti,
616 2413 694 2472 nihil
715 2412 773 2472 tibi
799 2411 859 2472 nisi
880 2410 1049 2488 loquecitas
1073 2411 1183 2488 subest,

162 2502 297 2579 loquere,
321 2506 483 2580 antequem
505 2501 563 2561 tibi
584 2503 685 2562 totum
707 2501 823 2562 adimet
846 2501 969 2578 clangor
992 2500 1097 2576 tubus,
1124 2500 1183 2561 for·

119 2611 144 2651 rs
162 2593 240 2650 tium
258 2593 391 2651 virorum
415 2591 559 2668 strepitus
582 2594 613 2652 et
632 2592 737 2670 fragor
759 2609 917 2651 armorum.
949 2606 1049 2664 meque
1071 2590 1184 2650 timoris

164 2698 254 2754 cepoe
278 2685 323 2749 te,
350 2681 484 2750 Drance,
513 2681 630 2755 quondo
657 2684 698 2739 tot
723 2680 832 2755 strapis
859 2697 977 2739 acervos
1006 2680 1246 2742 Teucrormusst

163 2774 214 2827 teo
238 2770 340 2828 dextro
363 2770 442 2829 dedit
454 2769 626 2843 passimque
645 2771 773 2843 tropaeis
795 2769 922 2843 msipm's
944 2786 1045 2843 apros:
1068 2785 1183 2844 accuse,

162 2858 275 2933 inquit,
298 2859 437 2918 timorem
459 2879 573 2934 meum,
595 2858 648 2919 sed
670 2861 705 2918 tu
724 2860 818 2933 solus,
841 2857 973 2917 Drance:
996 2858 1094 2936 gloria
1115 2876 1183 2917 mee

235 3037 250 3083 2
275 3031 388 3085 drances
408 3031 481 3096 ferre
501 3029 526 3083 V
548 3030 681 3085 Draneoe
698 3030 719 3096 f.
739 3028 795 3083 ed.:
823 3028 872 3083 sed
895 3027 963 3083 tulit
984 3028 1184 3083 vim-Drancis

163 3102 286 3167 Turnus,
313 3117 399 3169 querc
424 3102 536 3156 Dronm
560 3102 663 3168 inferre
688 3100 847 3167 emendavi,
876 3099 916 3155 sic
946 3101 975 3153 et
1006 3106 1098 3155 tamem
1127 3099 1182 3153 vim

163 3190 242 3226 suam
268 3172 363 3226 hebet.
437 3178 453 3225 5
476 3179 542 3227 tremo
562 3171 588 3225 V
610 3178 669 3226 tum
691 3172 735 3226 ed.
809 3175 843 3224 10
861 3188 918 3227 nore
935 3173 976 3226 sie
994 3189 1063 3241 puae
1080 3178 1184 3227 mamm

162 3247 317 3299 otutmeitm
341 3260 391 3299 mec
411 3243 436 3297 V
454 3246 561 3298 temere
583 3245 651 3297 mut.
673 3243 717 3297 cd.
792 3249 824 3298 12
848 3244 982 3299 adventas
1001 3242 1027 3297 V
1049 3243 1185 3298 adventus

163 3324 226 3372 tous
245 3316 316 3369 edF.
379 3320 412 3368 13
431 3314 681 3384 exposcothorr.
696 3314 741 3369 ed.
804 3320 837 3369 16
856 3315 953 3370 docebo
972 3314 1016 3368 ed.
1076 3314 1184 3381 181111-

163 3390 224 3441 lum
242 3387 268 3440 V
289 3387 311 3454 f.
332 3393 357 3441 te
378 3387 421 3441 ed.
495 3391 528 3441 19
554 3403 646 3441 monne
670 3387 746 3441 sides
763 3385 790 3441 V
807 3386 851 3441 ed.
878 3388 1041 3454 corruptum
1063 3385 1183 3449 videtur,

162 3459 280 3513 fortusse
298 3476 333 3513 me
350 3459 458 3525 videas,
476 3458 527 3512 sed
545 3474 656 3512 crucem
673 3473 779 3527 ponere
797 3456 893 3511 malui.
972 3462 1005 3511 21
1030 3458 1140 3512 caeleste
1158 3456 1184 3511 V

162 3532 268 3586 sceleste
293 3531 337 3585 ed.
415 3536 448 3583 22
474 3530 522 3585 sed
546 3546 603 3585 mon
624 3531 682 3584 iam
703 3529 729 3583 V
753 3535 779 3584 et
801 3546 828 3584 re.
852 3531 871 3583 i.
895 3545 946 3583 nos
970 3535 1003 3583 eet
1026 3546 1059 3583 m.
1075 3531 1101 3580 i.
1116 3528 1201 3591 em

162 3605 273 3657 solitum
290 3601 317 3657 V
338 3603 426 3657 solum
447 3600 517 3656 eds.
591 3606 627 3656 24
643 3600 780 3658 turones
801 3601 940 3658 tuborum
956 3600 1007 3655 su.
1079 3601 1119 3645 211
1146 3594 1218 3643 oens-

162 3682 219 3728 tera
234 3674 265 3727 V¹
339 3678 374 3727 28
389 3674 465 3729 solus
480 3672 506 3729 V
521 3675 613 3732 solum
633 3675 679 3733 ed.
