2725 4150
208 338 253 420 54
491 333 632 388 DONATI
649 333 819 388 INTERPR.
834 331 947 423 Vnus..

207 506 345 579 repetens
369 504 461 576 etiam
482 501 538 562 illa
561 504 592 561 et
613 500 749 562 sensibus
773 502 836 561 eius
857 500 1013 561 inculcans
1032 519 1108 576 quac
1126 499 1230 577 cupie-

146 608 197 658 335
207 593 261 653 bat
281 593 400 670 inpleri.
438 597 471 651 tm
487 596 571 666 potas
592 591 752 651 acuamus
774 608 893 650 armare
914 592 949 649 m
965 591 1083 664 proclia
1102 591 1230 664 frates:

206 702 318 760 magna
340 684 452 759 quippe
474 681 570 741 virtus
594 684 640 740 est
665 680 836 739 naturalem
864 679 1009 757 dissipare
1038 677 1229 740 concordiam

207 774 239 832 et
256 791 307 834 eos
326 791 401 851 quos
419 789 497 830 unus
521 771 644 848 sangnis
661 768 799 845 idemque
817 772 922 829 uterus
945 769 1050 847 genuit
1067 770 1100 827 in
1119 769 1228 828 alterc-

207 881 276 920 rum
297 861 422 922 exitium
445 877 615 938 provocare.
661 859 743 934 quod
765 857 865 935 ipsum
887 857 998 918 idcirco
1016 857 1150 934 positum
1173 861 1229 933 ast,
1261 877 1271 918 r

207 954 242 1010 ut
269 950 475 1023 ostenderetur
500 947 619 1008 Allecto
649 947 718 1024 plus
748 966 835 1024 posse
867 966 958 1024 quam
990 945 1098 1006 Iunoni
1128 947 1229 1008 fuerat

207 1041 419 1100 necessarium:
448 1038 476 1097 si
504 1037 584 1096 enim
613 1038 846 1113 poteratpulso
873 1035 1083 1114 germanitatis
1106 1035 1229 1097 adfectu

207 1148 267 1188 non
294 1127 383 1187 modo
409 1126 442 1184 in
469 1126 667 1185 dissensiones
695 1145 800 1186 verum
828 1127 919 1186 etiam
949 1125 981 1185 in
1010 1125 1090 1185 bella
1119 1125 1227 1198 fratres

207 1236 336 1293 armare,
365 1216 461 1274 multo
491 1216 622 1275 validius
649 1217 750 1291 potnit
776 1215 920 1275 extrarios
949 1216 979 1274 et
1001 1215 1172 1293 incognitos
1195 1217 1228 1275 in

206 1324 316 1365 novam
352 1303 485 1364 coeuntis
525 1304 689 1364 amicitiam
726 1304 885 1365 dissociare
922 1307 1014 1380 atque
1057 1304 1271 1373 dissolverem

207 1399 292 1468 atquc
310 1395 386 1454 odiis
407 1411 526 1453 casare
552 1394 667 1452 mmcs:
695 1399 782 1469 potes
806 1394 875 1454 odia
898 1412 1049 1453 conserere
1071 1394 1153 1454 inter
1176 1413 1227 1455 ecs

207 1503 281 1562 quos
304 1504 397 1543 unum
413 1482 558 1544 domicilii
575 1483 760 1542 consortium
776 1486 860 1543 tenet
876 1485 1056 1561 tantumque
1074 1483 1227 1543 inmittere

208 1573 389 1634 seditionum
411 1573 541 1650 pondus,
564 1577 599 1632 ut
619 1573 749 1649 parietes
773 1591 891 1650 quoque
915 1576 1007 1649 atque
1029 1573 1098 1649 ipsa
1117 1572 1227 1648 funda-

206 1667 308 1723 menta
341 1664 506 1723 vertantur.
555 1666 588 1720 tc
618 1664 740 1721 cerbero
775 1664 855 1721 tectis
885 1663 1080 1736 funereasque
1115 1662 1228 1735 inferre

205 1755 301 1827 focca·
328 1752 465 1826 verbera,
487 1750 601 1827 inquit,
629 1753 659 1810 et
681 1751 761 1810 faces
789 1751 941 1825 funereas,
968 1751 1024 1810 hoc
1052 1753 1098 1810 est
1124 1751 1227 1810 litium
1247 1769 1271 1810 rs

205 1843 353 1902 motiones
386 1843 417 1900 et
448 1858 553 1900 causas
586 1844 672 1917 potes
701 1841 806 1899 alienis
834 1840 921 1899 tectis
947 1839 1115 1915 inmittere,
1148 1860 1226 1917 quae

205 1949 301 2005 usque
325 1929 364 1988 ad
386 1930 543 1989 interitum
568 1929 820 1989 commanentium
846 1930 980 1989 tendant.
1026 1931 1111 2006 potes
1135 1931 1228 1989 semel

204 2020 340 2095 positum
363 2018 500 2079 omnibus
524 2021 647 2095 aptatur
670 2038 747 2096 quae
766 2018 903 2079 diximus.
938 2019 990 2078 tibi
1007 2020 1130 2079 mmmm
1147 2019 1228 2079 mille

204 2106 301 2184 [mille
318 2109 441 2167 mocccdc'
459 2107 569 2183 urtch:
590 2128 645 2185 per
661 2108 784 2169 nomina
801 2108 913 2168 formas
932 2110 1076 2185 ostendit,
1098 2108 1131 2167 in
1150 2128 1226 2186 quas

205 2215 348 2257 conversa
378 2198 519 2257 mutabat
547 2198 640 2257 etiam
671 2217 731 2275 quo
762 2200 883 2274 poterat
911 2198 1051 2274 vocitari3
1082 2198 1115 2257 id
1146 2199 1227 2258 enim
1245 2216 1270 2268 sc

204 2287 370 2363 incipiebat
387 2305 450 2347 esse
473 2288 505 2346 in
524 2287 606 2364 quod
623 2287 744 2347 volebat
761 2288 839 2346 forte
862 2288 1004 2348 converti.
1049 2286 1132 2347 mille
1155 2306 1226 2347 vero

206 2380 285 2436 artes
317 2376 444 2436 nocendi
475 2376 676 2453 suppetebant
707 2376 756 2436 cui
789 2376 878 2435 facile
914 2376 1016 2435 fuerat
1047 2394 1111 2437 esse
1144 2378 1226 2453 qnod

205 2467 304 2527 vellet.
343 2466 503 2539 femmdmm
521 2469 637 2524 commta
650 2470 767 2539 pectas:
790 2466 851 2524 scio
869 2467 975 2540 pectus
993 2470 1080 2525 tunm
1098 2466 1227 2526 nocendi

206 2556 322 2615 artibus
350 2555 532 2629 redundare,
561 2555 617 2614 hoc
645 2556 672 2613 si
700 2555 852 2631 exagitare
881 2555 1027 2631 volueris,
1056 2555 1226 2631 proferetur

203 2645 274 2704 inde
302 2644 447 2721 quicquid
473 2643 549 2702 mihi
572 2646 618 2703 est
644 2644 854 2704 necessarium.
899 2643 1015 2703 interea
1036 2645 1107 2704 licet
1135 2646 1224 2704 scale·
1243 2659 1266 2701 u

204 2753 272 2791 rum
308 2733 532 2792 conflandorum
566 2733 692 2792 artificio
724 2732 816 2792 Furia
850 2732 1031 2792 redundaret
1062 2735 1093 2793 et
1124 2737 1226 2794 nosset

205 2821 279 2897 quid
302 2824 416 2899 ageret,
439 2826 540 2882 tamen
557 2821 634 2881 Iuno
653 2822 843 2881 vehementer
862 2823 894 2881 in
913 2841 969 2881 sua
987 2841 1078 2882 causa
1096 2823 1225 2883 sollicita

205 2909 345 2969 desiderii
382 2929 530 2970 summam
561 2911 671 2970 iterum
707 2930 742 2971 ac
773 2930 861 2987 saepe
894 2913 1044 2972 succincta
1077 2911 1224 2973 brevitate

204 3000 400 3059 commendat.
435 3001 548 3069 diesim,
566 3000 679 3078 inquit,
698 3002 877 3074 compositum
892 3019 1003 3074 pacem,
1022 3018 1085 3060 scre
1099 3002 1224 3061 crimina

142 3099 194 3149 340
205 3090 280 3158 belli,
300 3107 386 3148 arma
404 3090 474 3147 velit
486 3094 645 3163 poscatque
662 3090 752 3149 simul
769 3090 925 3165 rapiatque
942 3092 1092 3149 iacentes:
1114 3110 1224 3169 magna
1242 3104 1265 3145 sc

275 3296 456 3350 immmimcs
474 3294 518 3349 ed.
569 3293 791 3349 coimmissa
810 3294 853 3350 ed.
904 3301 921 3350 4
939 3296 1055 3349 alterum
1069 3295 1095 3347 V
1110 3313 1163 3350 cm.
1179 3296 1223 3350 ed.

205 3369 312 3421 ‘lomim
330 3383 384 3420 om.
399 3365 443 3420 ed.
490 3371 664 3421 lentrcmccs
677 3366 720 3420 ed.
771 3371 804 3420 17
819 3368 1040 3422 comminantium
1054 3366 1080 3421 V
1095 3384 1163 3422 corr.
1179 3367 1222 3422 ed.

205 3442 237 3491 19
257 3439 332 3493 mille
349 3438 466 3493 mamerti
483 3444 556 3494 ortas
574 3438 654 3492 deest
672 3437 703 3491 in
720 3436 754 3504 V,
774 3437 824 3491 sed
842 3436 1005 3507 explicatur.
1078 3442 1112 3493 20
1131 3438 1224 3508 qro

203 3511 276 3578 meod
290 3510 333 3564 ed.
380 3515 412 3564 21
427 3511 460 3565 ia
472 3526 526 3579 queo
539 3509 648 3565 dolebat
660 3508 687 3562 V
697 3508 739 3562 ed.
754 3510 786 3564 im
799 3510 872 3578 quod
885 3508 990 3564 colebat
1002 3524 1062 3563 nos.
1109 3515 1143 3563 22
1158 3526 1224 3580 mp-

183 3581 308 3643 petebat
326 3580 352 3633 V
368 3597 438 3650 corr.
458 3581 503 3636 ed.
559 3586 593 3635 24
612 3582 718 3651 opilare
737 3579 780 3634 ed.
811 3580 814 3646 l
840 3579 983 3649 presertim
1001 3578 1044 3633 cd.
1101 3585 1134 3634 at
1158 3582 1223 3636 sade

174 3649 347 3716 wthqm'd
365 3651 392 3706 V
407 3654 426 3709 ι’.
445 3654 524 3725 quod
540 3653 587 3712 cd.
661 3657 698 3710 28
716 3649 818 3723 repet
839 3652 949 3722 saepias
965 3650 1011 3704 ed.
1078 3656 1112 3703 ‘tc
1132 3654 1224 3719 taqatt

164 3728 222 3767 om,
246 3718 290 3771 ed,
372 3728 414 3779 30
430 3736 537 3799 porcat
553 3746 630 3803 quae
647 3727 686 3785 V.
