2725 4150
549 340 734 396 musicos
751 339 791 396 m
843 371 846 376 -
1114 343 1179 411 531

161 508 283 567 virtutis
307 509 362 567 est*
376 509 501 582 crimen,
524 526 578 566 cur
598 511 634 568 tu
657 511 844 586 comperire
866 509 1016 569 desideras
1043 509 1182 571 manibus
1227 503 1231 510 ’

162 596 245 656 tuis?
280 597 390 656 idcirco
413 598 477 673 ipse
500 597 573 655 haec
595 599 789 673 praeveniens
813 598 890 657 dixit
911 617 971 657 non
994 617 1105 674 quaero
1129 599 1184 658 ali·

163 706 254 762 quam
273 687 403 764 gloriam
421 706 457 744 ex
474 685 557 745 illius
574 705 645 746 nece
663 705 718 746 neo
736 687 859 747 extruas
877 687 940 747 eius
959 690 1014 748 aut
1026 690 1185 765 tropaeum

163 778 218 834 aut
249 776 347 851 spolia
377 776 487 834 referre
519 776 673 835 contendo.
727 777 801 835 milet
832 780 926 836 celere
957 777 1075 836 laedere
1103 777 1185 850 fecte

131 868 270 936 ssereret:
299 866 325 924 si
353 863 472 924 landari
502 865 611 942 cupio,
632 864 728 925 habeo
756 866 819 924 alia
849 866 1024 942 quaemihi
1046 865 1185 926 adferant

162 954 290 1013 laudem.
334 955 406 1013 leaeo
432 954 501 1013 dire
527 971 590 1013 meo
617 955 688 1014 dem
715 955 835 1013 celaere
857 956 951 1028 pestis
972 956 1066 1029 pelea
1088 956 1185 1026 cadet

156 1045 277 1115 patrias
298 1044 432 1102 remeabo
454 1044 599 1117 ieplcrlce
620 1044 719 1103 ardea·
746 1042 810 1104 sine
837 1044 947 1122 gloria,
971 1046 1088 1121 inquit,
1115 1045 1184 1106 volo

160 1152 292 1191 remeare
316 1133 355 1191 ad
377 1134 509 1208 patriam
532 1152 642 1207 meam,
666 1132 826 1193 dummodo
849 1133 909 1193 ista
931 1135 1024 1211 pestis
1045 1134 1183 1195 intereat.

161 1222 284 1281 accedat
301 1222 358 1281 hoc
376 1222 474 1280 solum
492 1222 592 1282 titulis
610 1223 699 1298 meis,
717 1241 778 1283 non
797 1222 915 1300 aliquid
930 1224 1038 1283 fecisse
1056 1224 1184 1299 fortiter,

116 1326 143 1365 ro
161 1312 213 1370 sed
235 1312 370 1371 virorum
392 1311 484 1370 armis
506 1311 568 1370 tale
592 1310 719 1372 dedecus
738 1313 903 1372 sustulisse.
945 1312 1185 1374 aculeatam

161 1401 295 1459 Phoebes
316 1401 468 1459 succedere
486 1401 600 1474 parlim
620 1404 715 1460 mente
738 1401 829 1471 dedit,
847 1402 964 1474 pertire
980 1401 1108 1460 colueris
1125 1403 1247 1464 dle-'195

158 1491 252 1563 persll
280 1491 314 1547 tre
344 1507 452 1549 eurus:
481 1490 582 1548 omnia
613 1489 735 1566 quidem
757 1489 894 1550 Phoebus
918 1489 1030 1565 audiit,
1058 1489 1110 1550 sed
1133 1490 1184 1550 ad·

161 1579 246 1638 misit
268 1579 385 1655 aliqua,
409 1579 470 1638 alia
492 1579 616 1656 respuit.
662 1579 818 1640 videamus
840 1580 990 1656 praestita
1012 1581 1043 1639 et
1064 1580 1186 1640 exclusa

161 1671 338 1727 tractemus:
369 1671 509 1727 alrami
533 1672 573 1727 ell'
595 1669 694 1728 subita
725 1670 874 1728 turbelam
905 1673 997 1727 merle
1027 1665 1186 1728 Camillam

117 1770 143 1810 15
163 1757 269 1815 adnuit
290 1759 403 1826 mereti,
426 1757 561 1816 reducem
576 1761 617 1816 rel
632 1759 738 1830 paea
757 1758 819 1818 elle
835 1758 946 1817 elelerel
962 1775 1023 1816 ecre
1040 1757 1120 1816 dedsll
1140 1759 1186 1817 aa·

163 1863 217 1918 que
238 1850 321 1905 colos
343 1864 440 1905 rocem
461 1851 570 1905 certem
590 1847 750 1920 procellae:
777 1848 931 1924 praestitit
954 1846 1128 1924 deprecanti
1149 1849 1187 1907 ut

163 1934 321 1994 Camillam
344 1935 445 1995 subita
466 1939 573 1994 morte
590 1939 805 2012 prosterneret,
832 1938 868 1995 ut
897 1938 997 1996 autem
1024 1936 1185 1997 incolumis

160 2025 226 2101 ipse
248 2028 394 2085 remearet
423 2045 484 2086 non
512 2025 635 2085 admisit
661 2028 692 2085 st
719 2026 797 2085 hanc
823 2044 945 2102 precum
971 2028 1089 2103 partem
1115 2046 1185 2103 pro-

162 2115 245 2175 cellis
269 2115 383 2175 dimisit
405 2119 436 2174 et
458 2116 564 2176 ventis.
597 2132 663 2190 erpo
685 2119 719 2174 cl
735 2117 828 2174 misse
845 2134 939 2175 meree
956 2118 1084 2176 soretlwm
1106 2117 1186 2177 aeder

117 2220 143 2260 ao
160 2205 248 2263 leasle
269 2221 328 2277 per
354 2222 461 2273 eures,
490 2209 652 2264 convertere
680 2206 796 2264 caimos
818 2205 898 2263 acris
920 2205 1072 2278 oculosque
1095 2207 1247 2268 lelereeoo

162 2295 258 2352 caereale¹
285 2294 325 2352 ael
353 2294 487 2367 repleam
516 2294 626 2354 Volsci:
659 2312 729 2351 mox
756 2296 792 2353 ut
818 2294 907 2352 hasta
930 2294 1063 2354 coniecta
1086 2298 1133 2353 est
1155 2296 1186 2353 et

161 2382 293 2441 sonitum
317 2382 413 2457 dedit,
437 2382 541 2442 Volsci
562 2401 664 2441 omnes
687 2382 788 2442 animo
811 2383 844 2441 in
866 2384 1002 2461 reginam
1030 2384 1185 2460 oculisque

161 2472 298 2530 conversi
320 2471 518 2550 expectabant
540 2472 615 2547 quid
636 2471 690 2530 ille
713 2490 803 2532 sonus
826 2475 881 2532 aut
904 2473 1027 2532 eventus
1047 2471 1184 2532 adferret

161 2562 236 2618 allel
262 2562 331 2635 lpse
357 2578 411 2620 aec
437 2578 531 2620 meree
557 2578 610 2620 nec
635 2562 750 2620 coeam
775 2578 886 2621 memor
909 2566 962 2621 eet
982 2562 1124 2620 emmelis
1146 2562 1185 2621 ab

117 2666 144 2707 ee
163 2651 275 2709 cellere
304 2651 367 2709 leli:
395 2650 463 2727 ipsa
491 2653 619 2725 interea,
650 2667 742 2726 quam
775 2651 853 2710 aliae
885 2650 1067 2727 cupiditates
1100 2668 1185 2710 occu»

162 2742 321 2815 paverant,
343 2758 398 2798 nec
421 2740 580 2799 stridorem
603 2739 680 2799 aeris
704 2739 802 2799 audiit
823 2758 878 2799 nec
897 2739 995 2799 audiit
1013 2739 1049 2798 de
1068 2757 1184 2799 summo

162 2828 284 2888 veniens
320 2829 416 2888 tolum
448 2847 502 2888 nec
538 2828 655 2905 aliquid
684 2828 803 2890 adversi
836 2828 967 2904 pervidit
1001 2831 1055 2888 aut
1085 2828 1185 2889 sensit

162 2919 249 2977 laste
276 2919 331 2977 seb
358 2922 485 2977 aetem
512 2919 602 2977 denec
623 2918 744 2992 perlate
766 2918 914 2991 papillam
940 2918 1035 2978 laesa
1060 2918 1186 2991 cqulree·

162 3024 269 3079 wmqee
292 3007 349 3066 elle
372 3008 444 3067 bibli
469 3012 537 3066 ecla
559 3025 706 3066 crucem
732 3006 850 3066 tamdiu
876 3025 931 3066 nec
962 3007 1040 3067 vidit
1066 3007 1186 3067 hastam

116 3115 144 3154 eo
163 3115 217 3154 nec
247 3097 353 3171 sensit,
384 3096 477 3155 donec
506 3115 572 3155 eam
602 3096 658 3155 sub
688 3097 805 3173 papilla
834 3098 1004 3172 percuteret
1033 3098 1186 3155 ettotam

163 3187 227 3244 eius
250 3185 366 3244 biberet
386 3186 572 3262 sanguinem.
605 3188 720 3261 quanta
742 3185 803 3244 fuit
821 3185 915 3244 animi
933 3185 995 3245 sius
1019 3184 1186 3261 occupatio,

162 3277 199 3333 ut
224 3274 285 3334 nisi
311 3275 443 3334 letaliter
469 3293 610 3350 percussa
633 3274 753 3334 hastam
775 3276 891 3335 venisse
914 3275 1071 3334 nescissetl
1117 3292 1185 3336 con·

163 3365 246 3439 pleta
272 3367 318 3423 est
348 3362 493 3423 Camillae
523 3364 699 3440 descriptio,
725 3383 763 3423 ne
793 3364 977 3440 superfluum
999 3364 1073 3441 quid
1094 3367 1185 3441 poeta

237 3522 251 3569 1
275 3518 373 3571 sinuli
396 3515 439 3570 ed.
513 3521 530 3569 3
548 3515 637 3571 aretV
655 3532 706 3570 esec
723 3515 767 3571 cd.
833 3520 875 3574 ,10
894 3518 963 3572 cotis
976 3514 1002 3568 V
1020 3518 1076 3571 eote'
1094 3515 1137 3571 ed.
1157 3518 1186 3570 et

163 3588 248 3655 Verg.
268 3586 335 3641 libri
357 3587 466 3656 optimi.
549 3593 581 3641 11
603 3589 708 3656 parlim
726 3586 752 3641 V
773 3593 883 3657 partem
906 3587 950 3642 ed.
969 3589 999 3642 et
1016 3586 1100 3658 Verg.
1119 3586 1186 3641 libri

163 3658 274 3727 optimi.
351 3664 386 3713 24
409 3676 477 3715 arere
496 3658 522 3713 V
545 3675 632 3714 aerae
654 3657 698 3712 ed.
772 3664 804 3714 2‘1
824 3660 933 3714 adversi
945 3658 1107 3729 pereldttV
1121 3676 1186 3729 per·

162 3731 236 3785 cerel
253 3730 324 3785 cidit
342 3729 386 3784 ed.
459 3735 493 3785 82
512 3732 652 3801 conpacta
665 3729 692 3784 V
706 3747 775 3786 corr.
791 3730 834 3785 ed.

987 3834 1045 3890 ‘aa‘
