2725 4150
177 363 244 430 546
267 319 270 324 ⁴
461 360 602 416 nouam
619 359 789 414 manses.
803 357 913 414 vaso.

177 547 257 589 aaac
273 530 425 603 promissa
446 529 571 602 reposci,
600 545 632 588 se
653 527 769 603 Quart
790 527 897 587 oculis:
925 546 960 586 ex
985 545 1020 586 eo
1046 525 1131 603 quod
1153 527 1199 586 de·

177 623 256 679 serto
278 618 357 678 bello
381 637 482 676 omnes
505 618 595 677 simul
614 617 653 675 ad
671 617 803 677 civitatis
821 619 891 676 tuta
911 614 1135 676 contenderunt
1157 616 1199 677 in-

176 707 293 767 tellexit
320 709 439 766 Turnus
467 707 541 784 quid
569 706 604 765 de
638 725 755 765 summa
781 705 854 766 belli
881 705 1017 766 universi
1045 705 1198 781 sentirent,

177 798 320 875 colligens
344 816 380 856 ex
401 797 518 856 ratione
537 799 691 873 gestorum
709 796 825 872 reposci
843 795 1097 871 pollicitationem
1116 813 1198 855 snam

177 905 238 963 qua
256 885 332 946 dixit
350 879 418 968 (11,
432 879 513 968 434)
531 885 657 962 „quodsi
675 905 722 943 me
742 885 839 944 solum
857 884 965 943 Teucri
982 885 1015 942 in
1034 885 1197 944 certamina
1221 898 1230 940 s

176 978 305 1052 poscunt
326 975 417 1052 idque
440 975 540 1051 placet
562 977 739 1051 tantumque
763 974 848 1033 bonis
871 972 1081 1034 communibus
1106 974 1196 1034 obsto.

176 1084 236 1123 non
259 1065 334 1124 adeo
356 1066 411 1124 has
434 1082 523 1124 exosa
545 1083 652 1123 manus
675 1063 802 1123 victoria
824 1063 918 1142 fugit,
945 1064 983 1121 ut
1003 1065 1096 1123 tanta
1120 1063 1195 1142 quic·

177 1174 269 1229 quam
291 1174 346 1231 pro
369 1173 422 1231 spe
440 1157 587 1230 temptare
605 1171 750 1212 recusem:
772 1152 822 1211 ibo
842 1151 950 1212 animis
973 1150 1109 1212 contra“.
1144 1154 1196 1213 hoe

175 1243 275 1319 ipsum
298 1244 371 1320 quia
393 1245 517 1304 noverat
539 1242 645 1320 negari
666 1262 726 1301 non
748 1259 848 1318 posse,
871 1241 953 1319 quod
974 1242 1007 1300 in
1026 1241 1195 1302 celebritate

177 1333 308 1407 concilii,
336 1332 368 1391 in
392 1350 484 1392 causa
506 1331 627 1408 publiea
650 1333 681 1389 et
704 1332 752 1392 vel
779 1332 908 1389 maxime
932 1349 1000 1406 sua,
1026 1330 1059 1389 in
1084 1326 1110 1411 †
1131 1349 1194 1395 ccu-
1210 1345 1230 1386 a

175 1421 259 1481 flictu
282 1441 317 1481 ac
339 1441 408 1500 rege
431 1424 589 1498 praesente
617 1420 682 1497 ipse
706 1440 737 1481 se
765 1421 917 1497 professus
945 1422 991 1480 est
1018 1420 1196 1493 subiturum,

175 1512 252 1570 altro
283 1512 472 1585 inplacabilis
502 1510 598 1570 ardet:
630 1509 755 1569 ardebat
785 1508 941 1568 iracundia
972 1511 1003 1568 et
1035 1509 1196 1570 obsistente

176 1603 293 1660 ratione
319 1602 464 1678 temporis
491 1600 569 1659 iram
595 1600 694 1677 ipsam
723 1599 817 1659 lenire
844 1601 959 1658 ultione
985 1616 1047 1657 non
1070 1600 1196 1677 poterat

176 1691 333 1763 attollitque
356 1691 488 1762 caimos;
515 1689 619 1748 debuit
645 1690 725 1748 enim
752 1688 833 1747 ultro
859 1689 935 1749 velle
958 1688 1039 1764 quod
1061 1706 1197 1749 recusare

176 1799 236 1838 non
259 1782 391 1856 poterat,
415 1778 519 1838 debuit
541 1781 634 1838 etiam
655 1779 770 1838 invitus
794 1778 870 1837 velle
893 1777 975 1853 quod
997 1776 1231 1838 abnuentibusa

176 1870 290 1928 cunctis
314 1869 353 1928 ad
374 1867 470 1945 ipsius
497 1868 664 1944 periculum
688 1868 787 1926 fuerat
813 1866 987 1926 rediturum.
1033 1867 1198 1926 Poeaoraat

140 1959 272 2031 cacalis
293 1958 327 2015 ia
350 1959 432 2016 arcis
454 1959 575 2016 saucias
596 1957 645 2015 ille
665 1957 754 2030 praei
776 1959 935 2015 eeaaatcaa
956 1955 1078 2015 balaae
1097 1961 1198 2032 pectis

175 2049 237 2105 taen
260 2047 376 2106 demam
397 2050 492 2106 movet
518 2064 604 2105 arma
629 2047 687 2105 leo:
717 2046 900 2121 Poenorum,
927 2043 1040 2122 inquit,
1068 2045 1127 2107 hoc
1154 2048 1199 2106 est

175 2136 332 2212 Afrorum,
362 2156 489 2213 quoram
512 2135 685 2213 regionibus
707 2138 807 2195 leones
830 2135 935 2213 magni
955 2138 1138 2212 nascuntur3
1169 2139 1198 2195 et

174 2230 253 2286 reete
276 2227 357 2286 leoni
383 2227 567 2302 conparatur
595 2245 658 2301 rex3
688 2225 781 2284 habet
808 2226 888 2284 euim
914 2225 966 2284 ille
993 2225 1075 2285 inter
1102 2225 1197 2285 omnis
1212 2241 1233 2283 a

175 2316 254 2376 feras
272 2315 437 2376 maximum
454 2314 670 2391 principatum,
689 2317 724 2373 ut
741 2314 871 2373 habebat
887 2314 967 2372 inter
984 2332 1053 2374 suos
1069 2315 1197 2375 Turnus.

175 2406 227 2465 sed
246 2408 427 2482 conparatur
444 2406 619 2464 vulneratae
638 2403 752 2464 bestiae
771 2405 801 2463 et
814 2404 905 2463 infixo
920 2403 1070 2464 venabulo
1084 2405 1198 2464 frustra

175 2494 332 2570 saevienti3
355 2494 398 2553 sic
420 2495 500 2552 enim
519 2492 637 2552 defectu
656 2493 790 2553 omnium
809 2494 895 2569 quasi
913 2493 1000 2552 letali
1020 2494 1115 2571 plaga
1132 2513 1197 2571 per·

175 2603 278 2644 cussus
297 2584 396 2642 fuerat
410 2584 538 2658 Turnus,
557 2602 591 2641 co
610 2582 707 2661 magis
723 2582 887 2655 ardescens,
906 2584 979 2658 quia
997 2601 1051 2641 noc
1068 2583 1197 2663 effugere

174 2691 314 2749 praesens
337 2673 504 2750 periculum
529 2674 649 2748 poterat
671 2692 724 2732 neo
751 2671 897 2732 invidiam
925 2673 1093 2731 concitatae
1122 2672 1231 2733 sedi-a

173 2762 265 2822 tionis
280 2761 383 2837 aliqua
395 2761 511 2820 ultione
525 2761 690 2820 defendere.
718 2761 881 2836 quadetqae
895 2762 1036 2820 comantis
1050 2763 1197 2822 eacatiens

175 2852 282 2910 caetea
304 2854 381 2910 toros
407 2848 572 2926 [fixaeque
596 2851 719 2909 latronis
743 2850 902 2923 tapaeiclas
924 2851 1038 2924 traayit
1060 2851 1197 2912 telaaaet

173 2941 274 3013 fremit
294 2957 343 2999 ore
366 2938 514 3015 cracatoJ:
541 2941 597 3014 sic,
620 2940 734 3015 inquit,
758 2938 917 2999 attollebat
940 2941 1055 2999 animos
1078 2942 1195 3017 positus

174 3031 206 3088 in
229 3029 292 3089 suis
315 3028 538 3089 calamitatibus
557 3028 688 3105 Turnus,
712 3031 747 3087 ut
770 3030 898 3105 speciem
916 3030 1070 3089 videretur
1087 3030 1195 3091 habere

175 3119 348 3196 gaudentis,
381 3137 418 3177 ne
450 3117 657 3195 desperatione
689 3121 820 3177 extrema
853 3118 1000 3176 deiectum
1033 3118 1196 3197 quisquam
1210 3133 1231 3176 a

246 3259 261 3306 2
285 3252 390 3307 tateV
412 3258 483 3308 tecta
506 3252 549 3307 ed.
623 3258 638 3306 5
662 3270 732 3321 qaae
750 3251 776 3305 V
793 3252 835 3306 ed.
860 3270 915 3321 aaa
938 3269 996 3307 nos.
1072 3258 1105 3308 10
1132 3272 1196 3311 coa·

173 3326 251 3394 {licta
271 3323 296 3377 V
315 3324 359 3379 ed.
385 3341 442 3378 non
466 3324 559 3378 minua
585 3326 747 3392 corruptum
770 3326 839 3393 puto
864 3341 947 3391 quam
970 3342 994 3379 v.
1015 3329 1057 3391 30,
1081 3344 1149 3380 nam
1173 3326 1195 3380 si

174 3396 266 3466 iurgia
280 3394 398 3449 Drancis
417 3395 607 3465 intellegeret,
626 3412 728 3449 nomen
746 3395 824 3448 haud
843 3394 928 3449 dubie
943 3395 1113 3451 addidisset:
1133 3415 1195 3453 coa·

173 3470 236 3522 silio
258 3467 305 3520 hic
328 3484 439 3536 quoque
463 3467 670 3521 emendandum
694 3483 806 3531 censeo,
831 3466 906 3532 quod
926 3484 982 3520 non
1003 3467 1079 3522 idem
1098 3471 1144 3524 est
1162 3484 1195 3524 ac

174 3540 326 3594 celebritate
358 3539 481 3605 conatii,
513 3538 563 3592 sed
595 3554 706 3593 crucem
739 3553 879 3607 apponere
908 3539 996 3592 satius
1023 3540 1115 3593 visum
1143 3544 1194 3596 est.

175 3616 207 3663 11
226 3626 281 3665 sese
299 3609 343 3663 ed.
417 3615 450 3663 12
469 3611 610 3666 obsistente
624 3608 650 3662 V
665 3609 708 3664 ed.
730 3610 868 3665 obsidente
892 3609 934 3664 ed.
953 3612 1026 3678 post.
1101 3617 1135 3666 18
1160 3614 1195 3668 le·

172 3679 284 3737 niterV
302 3682 387 3736 lenire
405 3681 448 3735 ed.
527 3686 560 3735 15
584 3684 666 3737 etiam
687 3681 712 3736 V
737 3684 809 3737 eatae
833 3680 876 3735 ed.
955 3687 988 3736 27
1012 3683 1194 3754 flaccique-

165 3760 204 3811 28
221 3759 337 3812 manto
356 3752 437 3812 deest
454 3752 486 3810 in
500 3752 534 3823 V,
552 3753 601 3810 sed
620 3751 785 3821 explicatur.
1241 3755 1243 3764 '
