2725 4150
200 355 245 421 64
486 351 627 407 DONATI
643 350 814 411 INTERPR.
828 349 938 407 VERG.

199 523 310 598 posset.
355 521 409 581 dat
438 520 529 581 etiam
555 520 695 581 vincendi
723 519 865 579 fiduciam
889 519 1052 581 adserendo
1073 518 1223 579 Iunonem

200 609 313 670 auxilio
343 611 420 685 fore,
448 609 497 670 cui
523 628 614 670 causa
640 609 820 684 displicebat
847 611 878 668 et
905 628 981 685 quae
1004 607 1153 670 suadebat
1175 608 1222 668 ul·

198 699 321 759 tionem.
367 699 443 759 dixit
465 699 643 759 facilitatem
666 700 761 758 totius
784 698 918 774 effectus,
941 698 1024 775 quod
1046 717 1116 758 curn
1138 715 1222 774 pere·

200 791 295 867 grinis
314 793 392 849 esset
409 789 576 849 necessario
595 787 823 866 confligendum.
858 787 974 847 addidit
992 787 1085 847 ctiam
1096 790 1221 862 metum,

200 898 251 954 ne,
274 869 301 938 si
322 878 518 938 interveniret
539 896 637 953 mora,
660 877 794 937 firmatos
819 876 929 937 artiore
951 876 1079 937 foederis
1099 877 1222 939 uinculo
1249 893 1260 934 s

200 986 342 1045 superare
370 985 431 1026 non
460 971 569 1045 posset.
613 969 647 1025 in
675 966 903 1043 pronominibus
933 985 1052 1044 quoque
1079 985 1222 1044 magnam

200 1057 262 1117 vim
286 1056 425 1116 dictionis
450 1058 594 1132 ostendit,
617 1056 662 1116 ait
684 1055 764 1115 enim
786 1057 853 1133 ipsa
876 1055 934 1115 tibi
955 1075 1003 1117 me
1026 1056 1109 1115 haec.
1145 1055 1222 1132 ipsa,

199 1147 256 1206 hoc
286 1148 332 1205 est
361 1165 439 1221 quae
469 1147 571 1205 omnia
599 1148 700 1222 potest
729 1149 760 1204 et
789 1145 944 1206 commoda
966 1147 1021 1204 tua
1043 1146 1222 1222 pertractat3

199 1234 270 1310 tibi,
287 1238 392 1294 contra
409 1235 549 1295 meritum
568 1234 705 1295 laborum
722 1235 830 1310 inrisc,
844 1235 917 1294 forti
936 1253 1055 1311 quoque
1075 1251 1112 1294 ec
1128 1233 1221 1312 regio,

200 1323 265 1398 tibi,
288 1324 342 1399 qui
364 1325 442 1383 male
465 1328 550 1402 gesta
573 1325 670 1402 possis
692 1325 816 1401 propria
836 1325 948 1383 virtute
963 1322 1138 1398 defendere,
1155 1322 1222 1397 tibi,
1237 1340 1259 1380 rr

200 1415 338 1489 suscepto
369 1414 432 1473 iam
464 1432 585 1492 gener03
617 1432 679 1487 me,
710 1413 895 1473 sacerdotem
926 1412 1042 1472 scilicet
1072 1430 1160 1473 suam
1193 1414 1223 1471 et

199 1503 307 1580 templi
336 1504 498 1562 venerandi
527 1502 695 1576 custodem,
723 1503 807 1563 cuius
834 1502 924 1561 fidem
950 1504 1051 1562 nosset
1078 1503 1110 1561 et
1135 1501 1222 1561 fidele

200 1591 413 1668 ministerium,
443 1592 529 1652 cuius
559 1591 724 1652 efficaciam
750 1591 782 1650 in
809 1591 856 1650 his
885 1610 963 1667 quae
986 1590 1118 1650 curanda
1139 1608 1223 1649 man·

201 1681 302 1742 desset
324 1681 433 1740 habuit
454 1683 512 1741 rite
531 1683 718 1758 conpertam,
740 1681 827 1754 baec,
845 1681 902 1740 hoc
920 1683 966 1740 est
983 1681 1150 1758 incongrua
1168 1697 1222 1739 nec

200 1771 414 1848 respondentia
431 1770 607 1848 dignissimo
626 1772 706 1846 vim,
723 1771 755 1828 in
774 1770 884 1846 quibus
903 1771 944 1829 sit
960 1768 1114 1829 inrisionis
1133 1769 1222 1845 culpa
1238 1783 1260 1826 rs

201 1864 232 1919 ct
254 1861 384 1919 mutatio
407 1859 484 1918 fidei.
530 1879 590 1920 non
616 1859 758 1919 inmerito
781 1858 907 1918 celerius
930 1858 1106 1936 corrigenda
1128 1876 1222 1935 prope

201 1950 381 2027 generaliter
403 1949 518 2025 posuit,
540 1950 597 2009 hoc
620 1951 665 2009 est
689 1950 792 2009 clausa
815 1968 852 2008 ex
875 1951 974 2024 parte,
998 1968 1033 2006 ex
1051 1950 1137 2024 parte
1155 1965 1223 2025 spe·

201 2037 300 2097 ciebas
324 2056 471 2116 expressa.
509 2039 591 2116 quod
613 2040 714 2116 ipsum
737 2042 802 2099 arte
824 2038 902 2098 mira
924 2038 1090 2115 perfectum
1111 2038 1170 2112 est,
1188 2038 1224 2096 ut

201 2131 349 2187 commoto
367 2128 523 2188 intimaret
540 2130 727 2188 sententiam.
760 2129 831 2188 fecit
849 2130 880 2186 et
898 2129 1031 2187 omnium
1044 2126 1223 2186 Latinorum

202 2235 268 2276 cum
287 2237 357 2295 rege
376 2236 562 2276 communem
576 2206 707 2293 cau'sem,
721 2236 788 2278 cum
803 2218 883 2277 solus
898 2217 963 2292 ipse
976 2216 1070 2274 filiam
1084 2216 1223 2275 Troianis
1238 2230 1262 2271 rc

201 2306 400 2383 promisisset,
422 2310 458 2366 ut
478 2308 574 2375 omnis
592 2307 682 2367 simul
700 2327 762 2365 una
781 2306 844 2365 odii
861 2307 1003 2366 societate
1022 2304 1222 2381 perfunderet.

139 2412 293 2470 sanceore
311 2413 364 2470 ape
383 2401 409 2454 et
426 2397 542 2455 armari
554 2398 664 2469 pubem
679 2398 829 2469 pomaque
846 2396 956 2454 moveri
974 2395 1067 2453 lacius
1084 2395 1119 2453 ire
1137 2412 1224 2454 armo

197 2503 294 2558 pura:
317 2488 347 2545 et
365 2485 489 2562 dispone
508 2485 625 2562 pubem,
644 2484 897 2562 quemadmodum
915 2484 1099 2561 producatur
1117 2485 1223 2560 portis.

203 2593 258 2653 age
282 2577 313 2634 et
330 2594 405 2651 para
422 2574 553 2635 iubentis
573 2578 631 2635 est:
655 2575 722 2651 quis
742 2578 844 2634 autem
862 2573 970 2633 suadet
987 2575 1022 2631 ut
1040 2572 1107 2648 quis
1125 2574 1223 2633 laetus

203 2666 253 2722 eat
271 2664 305 2722 in
322 2664 436 2723 bellum
453 2665 513 2723 nisi
531 2664 585 2740 qui
603 2664 730 2741 spondet
748 2683 831 2739 spem
849 2661 988 2722 vincendi
1007 2660 1224 2721 certissimam?
1240 2673 1263 2716 rs

203 2752 284 2827 quod
312 2754 413 2829 ipsum
439 2755 496 2813 etsi
526 2754 603 2813 falso
632 2753 877 2831 promittebatur,
900 2770 959 2810 non
983 2750 1109 2811 curabat
1131 2748 1225 2811 Furia

203 2841 317 2900 exitum
338 2861 451 2918 rerum,
475 2862 552 2918 quae
575 2846 700 2919 propter
722 2841 873 2901 turbanda
897 2840 998 2900 omnia
1015 2839 1088 2899 belli
1105 2843 1225 2900 tantum

204 2930 367 3006 quaerebat
392 2931 521 2990 initium.
567 2937 594 2991 et
614 2933 770 3007 Ptrppios,
796 2932 845 3003 qui
868 2931 989 3001 flumine
1013 2930 1136 3002 pulchro
1159 2947 1225 2990 core·

203 3019 314 3089 sedere,
339 3021 426 3079 duces
447 3022 601 3093 pietasque
629 3039 716 3080 erare
744 3022 879 3079 curicus:
914 3018 1062 3079 suadebat
1083 3019 1225 3079 invaden-

203 3108 257 3169 dos
275 3108 354 3169 bello
373 3109 427 3185 qui
442 3113 586 3169 venerant
599 3112 699 3187 atque,
711 3113 748 3169 ut
764 3111 821 3168 boc
839 3127 959 3168 securus
979 3110 1081 3187 ageret
1094 3109 1225 3182 Turnus,
1242 3120 1265 3162 sc

204 3197 353 3259 deformat
370 3198 567 3259 Troianorum
586 3218 744 3276 personam
761 3198 881 3258 inbellis
900 3197 1066 3258 ostendens.
1099 3196 1226 3275 Phrygii

278 3394 292 3443 7
311 3386 417 3443 baecV
434 3390 460 3442 h.
474 3389 534 3455 fari
551 3389 632 3442 iussit
650 3386 694 3441 ed.
759 3393 793 3441 10
812 3388 936 3456 mulipest
950 3385 975 3439 V
993 3403 1012 3439 a
1031 3385 1095 3440 add.
1111 3384 1137 3439 Π
1151 3404 1224 3439 man.

206 3466 239 3515 16
259 3462 379 3516 celeriter
397 3460 441 3514 ed.
463 3462 465 3530 l
486 3459 648 3530 corriperetis
661 3458 687 3512 V
701 3458 745 3513 ed.
760 3457 941 3529 perayeudu?
1001 3462 1033 3511 17
1052 3458 1225 3512 cicerone.

206 3531 324 3585 obscura
340 3535 374 3586 ut
392 3530 479 3657 m}
499 3548 534 3586 eor
547 3537 628 3600 purte
646 3530 734 3585 semel
752 3529 796 3584 ed.
818 3530 821 3598 l
842 3529 999 3597 experiebar
1016 3526 1051 3584 V.
1114 3533 1146 3581 19
1165 3545 1226 3584 cen·

194 3605 288 3657 tents'a
310 3602 337 3656 V
352 3621 422 3659 corr.
443 3620 487 3659 e.
558 3608 592 3657 24
611 3609 672 3673 apel
690 3601 716 3655 V
734 3618 784 3673 ape
803 3608 827 3655 et
844 3617 895 3654 noe
916 3616 966 3670 aye
985 3599 1029 3653 ed.
1098 3605 1132 3654 25
1151 3602 1183 3653 irs
1200 3597 1227 3652 V

180 3672 228 3724 ad
242 3674 287 3726 ed.
319 3674 330 3747 l
357 3677 402 3731 ad
418 3677 553 3735 vincendi
570 3675 598 3731 V
616 3675 655 3733 ud
675 3673 770 3731 delevi
788 3690 853 3728 cum
870 3670 916 3725 ed.
932 3688 972 3722 an
993 3672 1031 3723 cd
1046 3672 1226 3723 cinaedum?

167 3744 206 3792 31
220 3760 373 3812 personas
393 3751 441 3807 ed.
