2725 4150
535 347 718 403 Assumos
737 347 776 402 XI
1099 349 1164 416 527

148 537 204 592 que
225 515 342 575 adiecta
361 516 552 591 certantium,
573 517 609 575 ut
628 515 698 575 inde
715 515 894 593 probaretur
911 516 1000 592 quale
1019 515 1167 576 extitisset

146 606 226 664 inter
248 606 432 664 Tarchonem
446 604 655 680 Venulumque
678 607 836 664 certamen.
869 604 991 665 tenebat
1008 604 1167 665 draconem

147 694 250 770 aquila
274 712 388 753 summo
414 694 447 753 in
477 712 544 752 aere
570 712 749 770 suspensum
774 695 932 754 inhaerens
959 693 1112 772 unguibus
1137 698 1167 754 et

145 787 243 843 rostro
262 784 351 843 simul
365 784 489 858 infesta,
507 782 695 842 renitebatur
706 783 758 842 ille
775 783 904 844 sinuosis
918 783 1056 858 flexibus,
1070 782 1166 843 sibilis

115 892 265 948 equoque
289 876 320 932 et
345 874 485 932 venenati
512 871 670 932 formidine
701 872 808 949 capitis
835 873 967 932 terrebat
993 874 1165 932 instantem.

145 963 217 1020 baut
244 962 328 1020 aliter
348 963 497 1035 praedam
520 963 675 1020 Tiburtum
703 978 738 1021 eu
765 963 881 1036 aputue
908 962 1043 1022 Tarchon
1066 965 1167 1035 portat

145 1068 254 1109 cecus:
276 1054 345 1127 post
362 1051 538 1127 parabolam
555 1050 710 1127 respondit
728 1050 939 1128 superioribus.
971 1052 1055 1111 duob
1074 1068 1165 1110 caeru

139 1140 226 1213 pleuu
244 1143 430 1213 eventumque
447 1141 538 1199 secuti
554 1140 735 1199 Muecuidue
756 1141 926 1200 incurreret:
948 1141 1001 1201 hos
1019 1159 1079 1200 non
1098 1143 1164 1200 tan·

143 1231 208 1288 tum
232 1231 406 1289 animarunt
428 1230 592 1290 Tarchonis
622 1229 717 1304 dicta,
744 1229 795 1289 sed
823 1231 991 1306 exemplum
1013 1231 1110 1310 magis
1133 1234 1164 1290 et

98 1338 124 1376 rc
143 1318 218 1378 facti
249 1323 385 1394 eventus,
415 1319 447 1378 in
478 1338 537 1396 quo
568 1320 737 1396 auspicium
766 1318 873 1379 ceteris
905 1319 964 1379 tuit
996 1323 1026 1380 et
1054 1320 1164 1380 fiducia

143 1407 314 1467 dimicandi.

215 1498 292 1555 Tum
309 1499 382 1570 fatte
400 1498 513 1556 debitus
531 1495 652 1556 Arruus
669 1498 793 1557 celocem
810 1497 908 1557 iaculo
927 1501 954 1556 et
971 1499 1065 1557 multu
1079 1499 1164 1572 prior
1175 1507 1225 1556 760

143 1591 205 1644 orte
221 1585 378 1646 Caruilium
392 1588 563 1645 circumdet
581 1604 655 1659 quae
672 1587 713 1645 sit
728 1587 851 1660 foetuua
868 1587 1015 1661 fucille'euu
1032 1591 1164 1660 temptat:

142 1676 214 1733 fatis
239 1675 358 1736 debitus
380 1677 497 1735 Arruns
520 1676 552 1735 id
575 1678 620 1735 est
642 1676 716 1735 fatis
740 1674 885 1735 Camillae
909 1678 940 1734 et
961 1675 1026 1752 ipse
1046 1695 1163 1754 quoque

97 1782 123 1821 ιε
141 1763 256 1824 ultimis
279 1766 352 1824 fatis
375 1765 519 1825 obnoxius
548 1766 678 1825 velocem
703 1763 862 1824 Camillam
889 1764 1038 1826 circumiit
1064 1765 1162 1826 iaculo

143 1856 328 1913 occasionem
360 1854 533 1930 quaeritans
565 1853 699 1913 feriendi.
755 1872 814 1927 quc
845 1871 876 1913 se
908 1873 1028 1928 cumque
1058 1857 1163 1928 furem

141 1943 235 2001 ruede'o
271 1944 337 2002 utu
372 1944 488 2018 upmtue
522 1944 605 2017 circo
641 1943 697 2002 buc
727 1941 849 2002 Arruns
880 1945 960 2004 subit
995 1948 1022 2003 et
1056 1945 1162 2005 tacitus

141 2033 264 2107 uestigio
282 2033 401 2092 lustrat:
420 2032 599 2110 sequebatur
617 2032 744 2093 insciam
762 2033 873 2094 tacitus
892 2036 922 2093 et
940 2034 979 2094 ad
996 2033 1078 2110 ipsas
1097 2034 1162 2095 ibat

140 2122 236 2198 partis
266 2123 299 2180 in
328 2142 403 2198 quas
433 2122 487 2181 illa
516 2122 665 2182 tendebat.
718 2122 794 2183 dixit
823 2126 926 2182 auum
955 2142 1162 2202 causamque

95 2212 305 2286 supertectum
328 2213 374 2271 est
396 2214 431 2270 ut
453 2212 507 2271 illa
530 2212 713 2289 explorantis
736 2211 876 2271 Arruntis
895 2231 956 2271 non
974 2214 1098 2273 sentiret
1116 2215 1161 2272 in-

140 2299 245 2359 sidias:
268 2300 431 2375 ferebatur,
449 2302 561 2379 inquit,
580 2302 680 2361 studio
699 2301 771 2360 belli
788 2304 819 2361 et
837 2302 937 2360 furore
955 2302 1160 2361 certaminum.

140 2408 199 2463 quc
216 2391 321 2448 uictrice
334 2392 409 2449 redit
426 2391 480 2450 illu
490 2392 654 2464 'pedemque
672 2408 707 2450 eu
725 2391 803 2449 hoste
824 2394 954 2463 reportat
974 2391 1030 2450 bac
1046 2391 1162 2451 iuceue's
1172 2398 1222 2448 765

138 2480 244 2551 furtim
268 2480 367 2538 celeris
390 2481 537 2552 detorquet
557 2481 703 2539 hebenus:
724 2480 791 2539 ideo
810 2480 928 2554 furtim,
952 2480 1024 2555 quia
1042 2480 1160 2541 iuvenis

139 2568 283 2626 feminam
312 2588 373 2627 non
403 2569 533 2628 audebat
561 2588 724 2645 provocare
753 2587 922 2646 congressu.
979 2569 1032 2627 hos
1064 2570 1161 2629 abitus

94 2674 120 2712 ss
138 2658 255 2730 tumque
277 2658 329 2716 bos
352 2659 450 2717 aditus
473 2675 641 2732 crucemque
659 2661 796 2733 pererrat
811 2658 941 2730 uude'que
959 2658 1113 2717 ee'rcue'tueu
1135 2663 1161 2717 et

139 2750 247 2805 eertum
269 2748 366 2823 quatit
382 2748 524 2821 inprobus
541 2748 672 2807 bustum:
692 2766 879 2824 quacumque
899 2746 1003 2806 abibat
1019 2748 1068 2808 vel
1088 2766 1159 2823 qua-

139 2854 265 2910 cumque
297 2836 404 2896 habuit
435 2836 599 2896 transitum
630 2839 661 2895 et
693 2855 897 2914 quoscumque
928 2836 984 2895 illa
1016 2836 1159 2898 circuitus

138 2923 242 2984 obibat
265 2924 444 2986 observabat
465 2928 522 2986 iste
541 2925 698 3002 opperiens
717 2944 819 2985 casum
837 2943 896 3003 quo
915 2928 1017 3003 posset
1035 2927 1159 2986 circum-

137 3015 239 3072 venire
269 3015 431 3074 fortiorem.
481 3017 601 3074 hastam
633 3018 734 3074 autem
760 3033 852 3074 manu
879 3014 1065 3091 frequentius
1095 3017 1159 3093 agi-

92 3119 118 3157 eo
137 3103 238 3178 tabat3
251 3105 308 3163 hoc
326 3106 406 3163 enim
419 3105 548 3164 hominis
567 3104 748 3183 suggerebat
765 3104 933 3181 inprobitas
951 3105 1008 3164 hoc
1026 3107 1072 3164 est
1091 3123 1158 3164 con·

138 3195 225 3268 cepta
256 3194 439 3269 inpatienter
470 3194 620 3271 cupiditas
651 3193 792 3270 feriendi3
829 3196 872 3253 sic
903 3196 983 3253 enim
1014 3194 1159 3273 pergebat

210 3387 225 3434 3
249 3384 345 3451 aquile
363 3381 389 3435 V
410 3399 463 3436 om.
485 3382 555 3437 edl'.
628 3388 646 3435 4
667 3384 770 3438 tunna
789 3382 816 3436 V
837 3384 941 3450 intesta
963 3399 1013 3436 nos
1037 3399 1090 3436 om.
1113 3383 1156 3437 ed.

137 3460 152 3507 5
176 3456 304 3508 ceueuatt
324 3453 349 3507 V
372 3460 511 3509 ceucutem
535 3453 579 3508 ed.
610 3454 612 3524 t
642 3455 760 3509 terrebat
779 3453 805 3507 V
828 3456 935 3509 teucbut
957 3454 1000 3509 ed.
1074 3459 1089 3507 7
1115 3472 1157 3510 re-

136 3526 252 3593 spondet
264 3525 308 3578 ed.
360 3531 392 3578 12
407 3527 487 3580 uetus
499 3525 530 3579 in
543 3525 675 3579 lemmate
691 3528 729 3595 (et
742 3526 826 3593 infra)
841 3543 943 3581 arruus
957 3526 987 3579 in
1000 3525 1156 3594 interprV.

137 3603 172 3649 24
194 3597 350 3650 hubitue-
365 3601 399 3649 25
423 3598 537 3651 additus
556 3597 582 3651 V
607 3598 847 3652 abitus-aeuus
872 3597 984 3667 scripsi,
1011 3597 1078 3666 quia
1103 3597 1157 3651 hoc

135 3669 252 3734 interpr.
273 3667 436 3722 confirmare
453 3668 577 3736 ridetur,
597 3670 831 3724 abitus-abitus
848 3669 891 3724 ed.
959 3674 993 3723 25
1012 3670 1157 3725 circutum

136 3747 162 3794 et
175 3738 201 3791 V
220 3745 246 3792 et
264 3755 316 3792 om.
332 3738 375 3793 ed.
449 3745 483 3793 28
503 3742 597 3795 abibat
614 3739 658 3796 ed.
