2725 4150
535 348 799 404 anuumosvur
1115 351 1179 418 163

158 524 335 578 memorant:
359 520 445 594 quasi
463 517 596 594 quodam
614 519 747 577 transitu
765 519 890 579 novavit
908 517 1119 593 narrationem,
1142 537 1179 577 ne

160 609 303 668 continua
321 610 439 685 pareret
456 608 645 683 foeditatem3
663 607 787 684 pulchre
805 609 883 666 enim
904 607 1086 666 ambulantis
1101 607 1179 666 senis

160 699 343 776 interposuit
368 716 484 756 moram
506 699 629 773 propter
652 696 794 756 audiendi
815 696 958 756 taedium.
1003 715 1179 775 progressus

161 807 231 865 ergo
254 787 435 847 monstravit
457 788 488 845 et
509 788 642 862 portam,
669 786 799 845 materni
825 785 926 845 meriti
947 788 1068 860 testem,
1096 804 1180 844 aram

129 892 293 954 equoque,
330 878 365 934 ut
398 896 433 934 ex
464 876 521 935 hac
552 874 695 952 probaret
727 875 820 934 deam.
874 876 1020 950 nymphae
1047 876 1181 950 priscum

163 965 327 1024 Carmentis
339 966 490 1024 honorem:
511 965 589 1023 bano
603 984 687 1023 aram
701 965 750 1024 vel
763 965 841 1024 banc
854 968 973 1041 portam
986 963 1097 1024 idcirco
1112 982 1180 1023 con·

161 1056 326 1114 stituerunt
348 1056 378 1112 et
399 1052 466 1112 ideo
489 1053 546 1113 boc
572 1055 692 1113 nomine
722 1054 870 1130 appellari
897 1054 1069 1129 voluerunt,
1099 1053 1181 1130 quod

160 1147 192 1203 in
215 1145 261 1204 his
284 1144 381 1203 honor
403 1143 553 1219 nymphae
576 1141 717 1202 videatur
739 1160 802 1202 esse
828 1144 1019 1202 constitutus.
1064 1144 1181 1202 interea

161 1234 252 1293 etiam
274 1234 331 1293 hoc
352 1232 500 1309 pertinuit
518 1231 557 1291 ad
575 1250 668 1308 supra
687 1232 799 1291 dictam
816 1250 945 1307 moram,
968 1234 1003 1290 ut
1022 1232 1179 1292 ambulans

115 1342 141 1380 ro
160 1342 265 1399 sparsa
282 1342 337 1399 per
355 1341 473 1381 omnem
486 1323 569 1381 viam
587 1323 742 1396 monstret,
756 1341 817 1380 non
830 1340 890 1380 uno
903 1322 936 1379 in
950 1322 1015 1381 loco
1030 1323 1180 1399 congesta,

160 1417 195 1471 ut
218 1431 304 1471 omne
327 1411 387 1471 iter
408 1411 533 1470 baberet
554 1409 728 1470 fabularum
747 1410 935 1471 diversarum
957 1411 1181 1485 recreationem,

161 1521 230 1561 cum
253 1502 395 1560 Euander
420 1501 518 1559 multa
548 1502 664 1578 gereret
691 1500 791 1558 animo
820 1519 896 1576 quae
923 1502 1106 1559 monstraret
1128 1502 1181 1558 aut

162 1591 281 1649 diceret,
317 1592 394 1649 eatis
416 1590 572 1663 fatidicae:
595 1591 626 1647 et
648 1590 736 1648 deam
758 1588 835 1647 dixit
857 1593 887 1648 et
909 1591 1037 1648 matrem
1059 1590 1090 1648 et
1112 1588 1243 1647 fati-340

162 1679 262 1737 dicam
283 1678 376 1738 fuisse
400 1679 557 1738 confirmat
578 1678 652 1737 baec
681 1677 831 1738 addendo:
862 1679 963 1737 cecinit
985 1695 1060 1751 qaae
1079 1679 1181 1752 prima

117 1785 142 1823 15
162 1770 279 1840 saturos
292 1767 451 1828 Aeneadae
468 1785 591 1842 maanes
605 1771 632 1826 et
644 1768 739 1827 nobile
752 1768 954 1827 Pallanteum:
976 1767 1052 1844 ipsa,
1070 1768 1181 1843 inquit,

163 1859 262 1932 prima
284 1875 407 1935 magnos
435 1858 553 1916 futuros
583 1858 616 1915 in
644 1857 692 1916 his
722 1857 811 1916 terris
834 1855 991 1916 Aeneadas
1022 1858 1053 1916 et
1081 1856 1181 1915 nobile

162 1946 353 2004 Pallanteum
375 1947 489 2006 cecinit.
526 1965 592 2005 ecce
611 1948 749 2022 apertum
767 1946 978 2006 documentum
997 1945 1077 2023 quod
1096 1946 1182 2005 deam

162 2038 193 2094 et
217 2036 380 2113 nympham
403 2038 434 2095 et
458 2036 615 2097 fatidicam
637 2036 780 2096 Euander
804 2035 911 2096 habuit
934 2038 1075 2112 matrem,
1101 2036 1182 2112 quod

160 2127 261 2202 ipsum
289 2128 391 2202 potuit
417 2126 535 2185 Aeneas
565 2125 693 2186 libenter
720 2126 836 2201 audire,
866 2127 953 2185 deam
981 2145 1057 2203 quae
1084 2127 1182 2203 prima

117 2233 143 2271 ao
160 2217 387 2293 pronuntiasset
422 2216 540 2275 futuros
575 2234 702 2293 magnos
738 2215 904 2275 Aeneadas.
964 2216 1044 2291 quod
1081 2218 1181 2274 autem

160 2307 258 2381 prima
280 2305 336 2364 hoc
358 2306 458 2381 ipsum
482 2304 563 2364 diota
586 2308 632 2364 est
654 2304 808 2380 cecinisse,
835 2304 913 2364 banc
935 2304 1027 2364 habet
1050 2304 1182 2382 gratiam

161 2397 191 2452 et
213 2394 315 2469 fidem,
338 2414 375 2452 ne
398 2394 608 2469 praecedentia
629 2413 773 2470 responsa
796 2397 898 2453 secuta
921 2394 1068 2454 videatur.
1114 2394 1182 2451 biae

161 2485 259 2542 laeam
287 2485 444 2557 laycalem,
478 2500 561 2556 quem
591 2484 737 2542 Romulus
767 2500 834 2542 acer
862 2483 989 2556 Asylum
1017 2481 1127 2540 rettulit
1156 2485 1183 2540 et

158 2572 257 2646 aalide
279 2573 500 2632 monstrasset
523 2590 597 2646 rape
619 2572 784 2645 lapercal:
813 2570 994 2631 monstravit
1017 2573 1047 2629 et
1069 2571 1182 2645 lucum,

116 2676 142 2716 aa
162 2660 215 2737 qui
237 2664 342 2737 postea
366 2680 384 2720 a
406 2662 536 2721 Romulo
554 2661 643 2737 Asyli
665 2680 774 2721 nomen
797 2660 925 2737 accepit,
949 2660 1130 2719 monstravit
1152 2663 1182 2719 et

160 2750 309 2827 Lupercal
336 2751 391 2810 sub
420 2770 495 2827 rupe
525 2749 634 2829 gelida.
683 2768 774 2826 rupes
807 2750 947 2809 dicuntur
979 2767 1052 2809 saxa
1080 2750 1181 2808 incon·

161 2841 262 2916 posita
289 2840 319 2899 et
346 2843 510 2917 praerupta
537 2843 568 2898 et
595 2841 694 2899 erecta
721 2839 901 2898 naturaliter
928 2838 961 2897 in
991 2838 1182 2898 altitudinem

160 2931 341 3004 inmensam,
370 2928 519 3005 Lupercal
541 2948 612 2989 vero
639 2928 717 2988 illud
740 2928 871 2988 ostendit
897 2927 977 2987 unde
999 2927 1130 3005 Luperci
1153 2930 1183 2987 et

160 3018 341 3094 Lupercalia
370 3021 562 3094 sumpserunt
590 3037 707 3077 nomen.
757 3017 919 3077 Parrhasio
947 3018 1056 3077 didam
1082 3019 1182 3078 Panos

115 3124 141 3162 so
161 3109 196 3165 de
223 3124 303 3166 more
325 3108 452 3182 Isycaee':
483 3107 680 3168 Parrhasium
707 3109 840 3167 montem
867 3125 930 3167 esse
957 3110 1124 3167 memorant
1152 3108 1183 3165 et

162 3197 200 3255 ab
220 3215 254 3254 eo
273 3196 388 3256 incolas
401 3197 580 3257 Parrhasios
599 3196 704 3273 dictos,
717 3195 869 3273 Lycaeum
887 3196 1022 3273 adaeque
1040 3198 1181 3269 montem,

160 3391 281 3452 moram,
305 3385 381 3454 quod
404 3401 468 3438 cum
491 3385 620 3453 sequenti
642 3384 776 3439 lemmate
800 3384 946 3439 coniunxit
963 3383 996 3452 V,
1017 3384 1073 3437 huo
1090 3384 1182 3437 trans

160 3456 244 3526 posui
258 3458 385 3512 Romano
403 3456 447 3511 ed.
499 3462 515 3510 2
534 3458 608 3510 reato
621 3454 647 3509 V
660 3457 795 3512 Euandri
809 3463 892 3525 poeta
901 3455 944 3511 ed.
1003 3460 1019 3508 5
1038 3454 1119 3509 deam
1137 3453 1180 3508 ed.

162 3534 195 3582 12
219 3530 364 3597 animoque
381 3527 407 3581 V
428 3529 472 3583 ed.
546 3532 580 3580 13
602 3526 671 3593 fatis
689 3526 722 3581 V.
754 3527 757 3600 y
791 3534 817 3582 et
839 3530 906 3581 ante
928 3532 1041 3582 matrem
1063 3542 1117 3579 om.
1137 3524 1181 3579 ed.

161 3604 196 3652 19
215 3600 314 3654 audire
332 3599 384 3654 dea
401 3598 428 3654 V
450 3599 523 3669 qaod
545 3598 678 3666 interpoe.
698 3598 742 3653 ed.
766 3616 792 3653 a.
811 3599 890 3654 ἀοαηι
911 3615 975 3652 nos.
1049 3602 1089 3649 ‘la
1111 3598 1189 3649 uite-

160 3677 247 3725 aatwr
265 3671 307 3724 ed.
373 3676 408 3725 23
425 3670 555 3727 cumulus
571 3688 650 3729 socer
661 3669 701 3728 V.
767 3676 805 3729 ‘ab
824 3672 983 3743 composita
1000 3668 1050 3725 ab.
1112 3670 1158 3717 Ἃ
1173 3663 1212 3714 ab

153 3757 186 3793 eo
202 3740 229 3792 V
240 3743 301 3795 aaa
318 3741 359 3796 ed.
390 3742 400 3815 J
425 3744 575 3817 Lycaeum
593 3747 727 3822 adaeqra
744 3754 874 3807 montem
891 3762 954 3801 cm.
965 3741 1018 3799 eb.

1024 3845 1083 3902 ii*
