2725 4150
568 335 796 392 mnnmosx
1126 337 1192 404 333

174 509 217 566 dit
245 508 278 565 in
307 506 410 576 modic,
440 508 562 582 repente
592 504 740 565 dissoluta
772 509 818 564 est
849 505 880 563 et
914 504 946 562 in
977 503 1066 563 undis
1096 501 1193 562 adhuc

173 597 274 674 posita
303 596 383 655 viros
416 613 491 671 quos
525 594 668 672 portabat
699 593 813 654 offudit.
864 593 1016 667 fragmina
1046 608 1194 651 remorum

174 703 246 760 quos
269 690 295 743 et
312 686 462 756 fluitantia
480 688 612 743 transtra
630 684 785 758 inpediunt
801 683 978 756 retrahitque
987 681 1092 756 pedem
1105 681 1194 740 siconi

173 776 258 834 coda
280 773 429 832 relabens:
451 793 519 832 oum
542 791 572 833 se
595 773 685 832 undis
708 771 835 832 liberare
859 773 1039 846 niterentur,
1061 769 1193 847 inpedie-

143 865 287 924 cbantur
309 863 463 941 naufragii
485 862 622 939 partibus
645 865 675 922 et
698 860 780 920 unda
802 864 950 921 retrorsus
979 860 1070 920 ducta
1097 859 1194 918 niten-

174 955 252 1012 tium
274 970 392 1030 gressus
416 954 447 1012 et
468 951 597 1029 vestigia
619 951 788 1012 revocabat

245 1042 308 1100 Nec
336 1042 472 1100 Turicum
503 1042 601 1115 segnis
632 1042 735 1099 retinet
764 1057 863 1098 mmo:
896 1058 963 1098 cum
991 1040 1047 1098 hoc
1075 1039 1194 1097 Turnus

175 1130 313 1204 vidisset,
336 1131 421 1190 nulla
442 1148 528 1189 mora
549 1129 650 1206 potuit
672 1131 809 1204 retineri,
837 1129 888 1188 scot
914 1131 995 1202 rapit
1017 1145 1084 1188 acer
1107 1132 1196 1187 totam

176 1222 268 1279 aciem
296 1221 330 1278 iu
359 1221 487 1279 Teucros
517 1223 543 1277 et
572 1223 673 1278 contro
703 1220 735 1277 in
763 1219 845 1276 litore
867 1218 951 1277 sistit.
998 1220 1113 1294 quanta
1135 1216 1196 1276 fuit

129 1327 156 1366 io
175 1310 306 1369 aviditas
336 1309 384 1368 vel
414 1311 528 1384 quanta
557 1326 642 1368 casus
673 1307 852 1386 emergentis
882 1306 1010 1366 occasio!
1042 1325 1133 1382 quam
1159 1325 1196 1365 ne

176 1400 330 1458 amitteret
347 1397 474 1473 Turnus,
493 1397 588 1457 omnis
608 1415 676 1457 suos
696 1416 730 1457 eo
745 1397 894 1475 congessit
907 1395 960 1455 ubi
973 1394 1196 1472 inpedientibus

176 1487 277 1565 pelagi
299 1487 388 1547 undis
412 1507 428 1546 e
451 1486 568 1547 diverso
591 1487 739 1546 venientis
758 1486 877 1546 facilius
896 1487 961 1562 ipse
980 1503 1015 1544 ac
1034 1484 1129 1544 tutius
1148 1502 1195 1542 ex-

175 1595 311 1655 pugnare
334 1580 443 1654 posset.
493 1577 579 1650 siguo
607 1580 731 1635 cocunt:
758 1577 912 1653 signorum
938 1576 1078 1633 hortante
1107 1574 1196 1632 cantu
1207 1590 1258 1640 310

175 1668 253 1725 itum
285 1668 331 1725 est
361 1665 393 1723 in
426 1667 584 1724 certamen.
639 1666 758 1738 primus
786 1668 899 1722 tusrmos
928 1664 1039 1722 incasit
1074 1663 1197 1736 agrestis

130 1771 157 1811 ιε
175 1754 307 1824 Aeneas,
337 1772 420 1813 omen
447 1772 582 1828 pugnae:
626 1755 756 1830 primum
786 1771 944 1830 possumus
975 1755 1107 1829 accipere
1136 1770 1197 1811 non

176 1847 296 1904 tantum
318 1844 415 1921 primo
438 1843 629 1920 incipientem
652 1862 758 1903 verum
785 1843 877 1902 etiam
904 1843 968 1902 sine
996 1841 1124 1901 aliorum
1152 1859 1197 1900 so-

177 1936 299 2008 cietate3
322 1951 449 2011 magnae
473 1934 553 1992 onim
575 1932 673 1993 laudis
697 1933 794 1992 instar
817 1934 863 1991 est
885 1933 944 1992 isse
966 1951 1058 1990 unum
1082 1932 1115 1991 in
1139 1931 1197 1989 exi·

176 2024 255 2083 tium
284 2022 490 2100 plurimorum.
541 2024 701 2096 strauitque
730 2022 870 2092 Latinos,
900 2021 1010 2082 occidit
1038 2020 1198 2099 plurimos:
1266 2088 1268 2092 7

176 2133 245 2172 oum
263 2132 323 2171 non
342 2112 416 2171 dicit
433 2114 556 2170 nomina
574 2132 628 2171 nec
647 2111 788 2188 exprimit
806 2113 944 2188 quantos,
962 2110 1198 2189 intellegendum

131 2218 159 2258 so
177 2204 224 2262 est
237 2202 348 2261 multos
364 2220 426 2261 esse
441 2204 607 2278 prostratos
625 2205 656 2261 et
673 2200 727 2260 ubi
745 2200 860 2260 dictum
879 2204 924 2260 est
942 2201 1069 2279 agrestis
1083 2204 1198 2260 tmmas

178 2293 271 2349 fuisse
289 2291 401 2350 multos
419 2292 523 2366 procul
542 2291 633 2349 dubio
651 2290 748 2350 inesse
767 2292 910 2367 potuisse.
947 2292 1039 2349 occiso
1055 2290 1199 2347 iterim:

177 2383 257 2440 huno
280 2399 348 2439 cum
371 2380 489 2439 nomine
508 2380 622 2457 posuit,
642 2379 724 2458 quod
742 2380 850 2440 fuisset
868 2380 1005 2456 cognitus
1024 2381 1054 2437 et
1071 2396 1213 2461 magnae·

178 2469 313 2544 virtutis,
337 2471 485 2545 quantum
509 2472 611 2529 autem
633 2468 758 2529 fiduciae
782 2468 930 2528 extitisset
953 2466 1108 2543 sequentia
1130 2484 1198 2541 pro·

178 2561 266 2619 bant:
295 2560 405 2627 cirum,
435 2557 548 2634 inquit,
579 2560 629 2632 qai
657 2560 818 2626 mocimus,
849 2558 970 2615 illorum
1002 2555 1115 2615 scilicet
1147 2554 1200 2630 qui

132 2648 269 2708 sostrati
291 2651 363 2707 sunt
385 2650 439 2707 aut
461 2649 627 2707 ceterorum
650 2649 743 2707 etiam
760 2646 949 2705 Rutulomm.
981 2645 1057 2702 ultro
1075 2643 1199 2702 Aeacon

178 2739 262 2811 petit:
291 2738 363 2796 talis
393 2736 506 2797 occisus
537 2739 583 2796 est
613 2736 666 2811 qui
695 2756 755 2795 non
785 2735 953 2794 dubitasset
981 2733 1061 2792 ultro
1092 2734 1135 2792 ire
1167 2734 1200 2791 in

179 2827 299 2885 Aeneae
322 2827 498 2901 perniciem,
522 2827 574 2885 sed
596 2826 674 2883 hunc
693 2824 782 2884 facile
801 2824 929 2883 occisum
949 2822 1024 2882 dicit
1041 2822 1200 2881 nobilitate

179 2915 318 2992 potioris,
343 2915 396 2990 qui
414 2914 451 2974 ab
471 2914 531 2974 alio
550 2934 609 2973 non
628 2917 729 2991 posset
747 2912 855 2988 occidi;
874 2914 992 2971 tantam
1010 2914 1088 2970 enim
1108 2910 1201 2971 sensit

179 3006 298 3064 Aeneae
313 3004 464 3063 virtutem.
496 3005 564 3062 tuto
579 3004 679 3078 gladio
690 3019 799 3077 perque
813 3019 901 3061 aereo
914 3006 990 3071 sato,
1000 3019 1057 3075 per
1070 3001 1201 3059 tonicam

253 3162 268 3209 2
288 3156 387 3223 effudit
399 3155 425 3209 V
439 3156 482 3210 ed.
497 3155 614 3223 effundit
627 3156 660 3210 R.
682 3155 686 3227 Ι
706 3153 897 3221 frammiooR
917 3170 985 3207 corr.
1000 3172 1021 3207 r.
1087 3158 1102 3206 3
1119 3153 1201 3221 pedes

180 3228 224 3281 ed.
287 3234 303 3281 5
322 3228 400 3281 unda
419 3244 472 3281 om.
488 3226 531 3281 ed.
550 3242 601 3295 pro
620 3227 705 3282 dacto
722 3224 869 3280 substituit
888 3225 931 3280 ed.
950 3227 1022 3294 post·
1086 3230 1118 3277 11
1138 3239 1201 3279 coc-

180 3301 260 3354 ccssit
272 3298 324 3352 VR
342 3300 475 3369 congessit
496 3314 547 3352 nos
569 3298 666 3365 inepte
687 3299 756 3350 mut.
775 3296 819 3351 ed.
894 3302 927 3350 lt
946 3297 1067 3351 octatius
1079 3294 1105 3347 V
1125 3300 1201 3349 actu-

180 3379 226 3426 tus
243 3370 269 3423 R
287 3377 313 3425 ot
331 3372 441 3425 cautius
459 3369 502 3423 ed.
559 3374 592 3422 14
610 3371 642 3423 iu
660 3386 713 3424 om.
728 3368 761 3422 R.
787 3368 791 3440 Ι
816 3374 945 3437 agrestes,
964 3367 1014 3421 sed
1032 3364 1106 3420 infra
1124 3382 1201 3488 aprro-

180 3445 232 3497 ctis
244 3442 303 3495 VR.
365 3447 397 3495 17
416 3443 468 3496 isse
485 3458 573 3495 coum
586 3440 638 3494 VR
655 3442 714 3509 ipsc
731 3456 806 3494 cauo
824 3439 866 3493 ed.
922 3444 956 3492 20
971 3444 1128 3508 prostratus
1167 3436 1200 3489 R.

181 3520 214 3566 21
230 3514 326 3568 nullus
339 3512 390 3566 VR
405 3512 447 3567 ed.
462 3513 562 3566 maltos
575 3528 633 3565 nos.
656 3511 659 3584 t
675 3512 810 3581 potuisset
817 3510 869 3563 VR
883 3510 928 3564 ed.
979 3514 1012 3563 23
1027 3510 1128 3579 probat
1141 3507 1200 3561 VR.

182 3591 216 3638 24
236 3586 328 3653 inquit
345 3600 399 3638 om.
414 3584 457 3637 ed.
526 3588 560 3636 25
579 3590 727 3638 ceterorum
745 3584 828 3637 ctiam
846 3598 900 3635 om
915 3581 958 3635 ed.
1027 3586 1061 3634 26
1079 3581 1153 3633 uitro
1170 3580 1207 3631 iu

181 3656 233 3709 VR
251 3658 292 3710 irc
310 3655 443 3724 interpos.
458 3653 501 3709 ed.
557 3659 592 3708 28
608 3672 665 3710 noc
681 3671 735 3711 om.
752 3654 825 3711 eon.
838 3652 850 3728 t
865 3651 1045 3710 toutcmVR
1057 3652 1166 3708 utica
1177 3646 1231 3718 e&

181 3732 217 3780 29
231 3728 307 3780 hune
322 3726 369 3779 VR
387 3726 429 3781 ed,
446 3743 514 3782 com.
532 3727 576 3783 ed.
591 3731 668 3801 post.
694 3729 701 3807 t
728 3747 783 3803 pcc
803 3746 864 3802 qao
882 3743 986 3784 oeneus
1003 3730 1038 3779 ut
1058 3714 1214 3788 opcu‘VVv-
