2725 4150
549 325 798 382 Annnmosvn
1141 329 1185 395 33

163 497 285 556 fuerant
300 496 435 572 petituri,
453 500 554 556 tamon
568 494 808 571 respondendum
822 493 959 554 omnibus
974 494 1041 555 fuit.
1073 495 1184 556 idcirco

162 584 295 646 Ilioneus
327 587 400 645 haec
428 588 497 662 post
527 584 631 645 Latini
658 584 740 644 dicta
766 586 941 660 prosecutus
969 587 1015 644 est
1042 587 1085 660 et,
1114 586 1186 662 quia

162 675 381 751 principiorum
410 675 596 735 sollemnitas
627 693 689 734 non
721 673 794 734 adeo
827 674 995 733 necessaria
1026 673 1187 733 videbatur

118 755 121 759 ⁴
162 766 193 823 in
217 783 253 824 ea
277 782 367 823 causa
389 765 420 822 in
444 782 505 840 qua
527 763 655 823 Latinus
677 764 744 839 ipse
762 762 935 822 benivolum
952 781 983 822 se
1002 762 1185 822 demonstra·

131 871 143 911 e
162 857 250 913 verat
273 856 304 912 et
321 854 389 929 plus
408 873 500 929 quam
518 853 618 931 optari
635 854 784 930 potuisset
801 854 864 911 iam
881 854 987 929 sponte
1009 853 1185 927 contulerat,

162 946 265 1001 tamen
288 960 348 1001 non
370 944 534 1002 intermisit
556 942 773 1019 principiorum
799 942 929 1001 formam
951 941 1059 1000 necin
1086 943 1186 1000 totum

162 1035 338 1109 prosecutus
371 1035 424 1091 est.
476 1032 520 1090 ait
550 1033 631 1091 enim
663 1049 728 1100 reo,
763 1047 857 1105 penus
890 1032 1035 1106 eprepe'uen
1065 1031 1187 1101 Pouet·

161 1123 219 1180 hoc
242 1124 289 1180 est
311 1120 390 1179 enim
413 1120 602 1197 principium.
648 1120 729 1196 quod
747 1123 794 1180 est
811 1119 1028 1194 brevissimum,
1051 1121 1077 1179 si
1095 1119 1186 1180 verbu

162 1211 402 1286 considerentur,
427 1212 453 1269 si
475 1212 547 1270 vero
566 1210 724 1269 brevitatis
748 1209 843 1285 ipsius
861 1210 1048 1269 intellectum
1067 1211 1187 1286 placeat

117 1319 143 1357 ιο
162 1299 364 1374 considerare,
404 1299 589 1359 inveniemus
624 1300 686 1358 late
719 1298 869 1358 diffusum.
923 1318 976 1357 rex
1011 1299 1130 1375 inquit:
1167 1317 1186 1358 a

161 1391 287 1448 fortuna
309 1392 431 1464 sumpta
448 1389 599 1463 laudatio;
622 1388 698 1464 quid
716 1388 795 1446 enim
813 1387 931 1446 felicius
955 1407 989 1446 eo
1013 1389 1066 1464 qui
1084 1391 1187 1447 teneat

161 1499 302 1556 regnum,
332 1480 385 1555 qui
414 1479 541 1555 populos
572 1480 672 1556 regat,
705 1476 758 1552 qui
788 1475 898 1536 condat
920 1476 1014 1554 leges,
1043 1478 1076 1535 in
1100 1479 1185 1537 cuius

161 1568 370 1627 incolumitate
407 1569 609 1627 constituetur
646 1567 780 1626 omnium
816 1566 911 1639 salus,
953 1567 1005 1642 qui
1040 1565 1187 1626 redundet

161 1657 278 1717 divitiis
303 1660 334 1716 et
356 1657 410 1733 qui
432 1657 529 1717 omnis
551 1658 663 1716 honore
688 1658 779 1732 atque
803 1654 982 1715 auctoritate
1002 1654 1187 1731 praecellat?

118 1762 143 1802 15
160 1765 256 1824 genus
289 1747 457 1824 egregium:
488 1747 556 1823 plus
588 1746 688 1805 voluit
721 1763 785 1805 esse
816 1745 948 1804 nobilem
979 1745 1063 1804 nosci
1095 1762 1187 1820 quam

161 1836 235 1895 fieri.
281 1835 379 1894 Fauni
406 1836 519 1912 inquit:
547 1834 639 1912 elegit
665 1854 760 1893 unum
783 1834 820 1894 de
845 1833 983 1894 omnibus
1007 1833 1111 1894 Latini
1133 1852 1185 1910 pa·

162 1925 258 1984 tribus
282 1926 365 1984 cuius
387 1943 495 1984 nomen
517 1924 661 1984 insereret
684 1923 780 1999 leudi,
803 1923 874 1982 licet
891 1923 1073 1984 nominando
1091 1942 1185 2002 genus

162 2016 318 2092 egregium
350 2015 446 2072 omnis
478 2014 542 2074 eius
574 2013 711 2092 tetigerit
746 2016 826 2072 retro
862 2013 989 2074 maiores
1026 2015 1185 2092 ipsumque

162 2105 301 2163 Faunum
321 2106 373 2182 qui
391 2105 452 2163 fuit
470 2125 505 2163 ex
523 2105 606 2179 ipsis.
643 2103 771 2162 forsitan
786 2107 949 2180 quaeratur
961 2103 1040 2161 unde
1055 2103 1185 2163 Ilioneus

117 2209 143 2248 so
161 2213 263 2254 recens
287 2193 326 2252 ad
347 2193 470 2252 ltaliam
500 2212 594 2270 genus
622 2192 726 2251 Latini
748 2197 812 2251 tam
840 2192 899 2251 cito
927 2211 1014 2252 nosse
1041 2194 1185 2269 potuerit.

161 2283 333 2346 mirandum
366 2303 427 2342 non
464 2284 510 2342 est
541 2282 574 2341 id
605 2281 694 2341 facile
730 2300 817 2342 nosse
849 2282 982 2357 potuisse
1024 2283 1105 2357 quod
1139 2281 1184 2340 in-

162 2391 300 2450 gressuro
324 2371 447 2431 domum
467 2372 547 2449 regis
570 2371 691 2447 inipso
715 2371 863 2431 vestibulo
887 2374 1006 2430 constat
1023 2370 1184 2448 ingestum,

160 2462 270 2538 incipit
300 2461 363 2519 iam
394 2464 464 2537 post
490 2461 707 2537 principiorum
736 2460 916 2519 brevitatem
946 2460 1082 2535 quaesita
1114 2462 1184 2518 ante

161 2570 298 2624 narrare,
328 2551 380 2609 sed
409 2570 469 2609 non
499 2549 603 2609 eodem
630 2550 734 2608 ordine
765 2568 825 2624 quo
853 2551 925 2607 sunt
953 2549 1122 2624 proposita,
1152 2548 1185 2607 in

116 2654 141 2695 st
161 2660 220 2716 quo
246 2640 365 2698 nullum
394 2643 441 2699 est
468 2640 590 2715 vitium3
619 2638 652 2697 in
681 2639 729 2697 his
758 2640 837 2697 enim
863 2638 921 2695 hoo
951 2636 1120 2713 quaeritur,
1149 2640 1185 2696 ut

161 2729 301 2789 omnibus
331 2731 403 2787 tunc
435 2731 550 2807 rogetis
581 2730 727 2787 occurrat.
773 2744 825 2786 nec
851 2727 988 2797 fluctibus
1016 2731 1094 2787 actes
1117 2731 1185 2787 atra

160 2820 273 2894 subepit
294 2818 386 2876 hiems
408 2820 512 2876 vestris
534 2818 686 2877 succedere
704 2817 790 2875 terrie
812 2833 864 2874 nee
882 2816 966 2875 sidus
985 2818 1101 2891 cepione
1118 2819 1246 2877 ciee215

161 2910 265 2967 litusve
287 2908 406 2980 fefellit:
435 2926 527 2984 quam
549 2908 609 2966 cito
633 2909 663 2965 ct
692 2926 783 2984 quam
809 2906 940 2965 breviter
966 2908 1066 2966 totum
1095 2907 1183 2966 dixitl

159 2998 309 3057 venientis
333 2997 371 3056 ad
393 2999 439 3071 te,
466 2996 580 3072 inquit,
609 3015 664 3054 nec
692 2997 737 3056 vie
765 2996 863 3055 maior
889 2997 1104 3072 tempestatum
1131 2999 1185 3055 aut

116 3100 142 3139 3⁰
159 3087 292 3164 impetus
315 3086 407 3145 maris
429 3088 542 3147 inritos
564 3086 679 3161 inpulit
701 3103 755 3144 nec
783 3104 865 3144 error
891 3084 1019 3145 induxit.
1064 3086 1184 3145 consilio

232 3298 248 3346 9
268 3292 424 3347 breuitatem
442 3293 531 3360 ipsius
548 3292 702 3347 intellectus
723 3289 766 3345 ed.
841 3295 875 3344 14
895 3291 985 3344 omnis
1001 3288 1028 3343 V
1046 3292 1122 3344 omui
1139 3289 1182 3343 ed.

162 3369 194 3417 15
212 3365 334 3418 nubilem
353 3363 385 3417 V.
450 3369 481 3416 1'1
501 3365 619 3418 inserere
636 3363 662 3417 V
681 3379 750 3416 corr.
771 3362 814 3416 ed.
877 3366 911 3413 18
930 3362 1066 3431 eprepiuen
1083 3359 1110 3414 V
1128 3377 1183 3415 om-

158 3436 239 3489 nium
262 3435 326 3488 add.
345 3436 389 3489 ed.
450 3439 483 3488 19
502 3437 646 3504 quaeritne
663 3434 707 3489 ed.
766 3437 800 3486 20
818 3448 913 3502 reperte
931 3432 969 3486 cd
987 3431 1013 3485 V
1030 3448 1123 3488 reeens
1140 3450 1183 3487 oe·

159 3508 240 3559 niens
257 3506 295 3560 ad
313 3506 355 3561 ed.
383 3507 530 3578 lpotuerit
548 3505 574 3559 V
591 3512 654 3561 -ναι
671 3506 715 3561 ed.
772 3510 804 3558 21
824 3506 980 3573 inpressum
999 3502 1024 3556 V
1042 3520 1120 3558 -cum
1139 3505 1182 3559 ed.

159 3593 207 3631 ·eo
230 3576 273 3629 ed.
292 3580 365 3645 post.
421 3584 455 3631 23
472 3580 530 3633 iem
549 3593 602 3631 om.
622 3578 665 3632 ed.
693 3577 696 3651 l
724 3575 831 3647 quaeat
848 3573 972 3632 toutoV
995 3576 1126 3646 concito·
1147 3575 1198 3627 eu,

158 3649 285 3715 musenim
298 3655 364 3701 ante
377 3665 435 3701 nos,
511 3655 546 3705 24
564 3667 601 3706 ne
619 3651 689 3709 adeo
708 3649 734 3707 V
754 3668 814 3709 coc
834 3667 864 3709 eo
885 3649 933 3707 ed.
951 3665 1014 3707 ooo
1033 3650 1133 3705 eodem
1146 3660 1218 3699 nes.

148 3722 187 3765 27
199 3716 283 3767 terni
302 3715 419 3772 Vteete'e
435 3721 479 3774 ed.
557 3728 594 3780 29
615 3733 669 3784 aut
689 3725 715 3783 V
736 3745 789 3785 cece
810 3727 860 3785 ed.

180 3816 239 3854 Don
248 3816 344 3865 interpr.
357 3823 423 3875 νοις.
441 3830 486 3872 rol.
497 3832 532 3875 H.
1054 3837 1077 3887 (ὁ
