2725 4150
202 325 269 390 360
487 322 628 379 DONATI
645 322 814 379 INTERPR.
829 323 937 379 VERG.

203 491 381 568 dextraeque
405 491 506 568 datae,
534 495 570 551 ut
591 492 665 552 haee
692 490 754 551 sint
781 491 881 552 omnia
909 511 986 569 quae
1012 491 1064 552 ille
1091 493 1224 570 ponebat

202 582 272 639 ante
296 580 396 640 oculos
420 599 490 641 suos
513 583 545 640 et
567 599 621 658 pro
644 580 853 658 praesentibus
870 581 1051 643 recensebat.
1082 581 1224 644 Setaea

202 673 313 728 erectm
342 674 477 745 quattuor
507 672 554 731 bic
584 672 717 740 taceaco,
746 670 862 730 totidem
893 688 965 744 quos
996 671 1101 732 edoceat
1128 672 1224 746 Ufens

140 758 325 818 orooiceotis
347 759 439 832 rapit,
463 758 589 834 inferias
612 777 684 835 quos
705 760 824 819 innectat
839 760 953 820 ommis
971 759 1143 834 captiuoque
1160 761 1224 838 ropi

198 847 364 922 perfundat
384 849 530 924 sanquine
555 850 708 920 flammas:
737 847 888 909 Sulmonis
915 848 993 910 filios
1023 851 1171 926 quattuor
1193 854 1225 912 et
1253 865 1264 906 s

202 939 322 1000 Ufentis
336 939 471 1014 totidem,
488 938 546 997 hoc
564 940 609 997 est
627 940 781 1015 quattuor,
799 939 953 998 sicutrivi
967 940 1096 1015 fuerant,
1109 939 1223 1018 rapuit.

202 1029 234 1088 in
253 1033 321 1090 octo
339 1029 510 1090 hominibus
529 1046 590 1087 non
608 1026 760 1102 abductis,
783 1026 834 1086 sed
853 1026 949 1105 raptis
968 1030 1084 1106 quanta
1102 1028 1224 1090 Aeneae

202 1118 297 1178 virtus
316 1119 496 1179 ostenditur!
515 1119 664 1193 quantum
682 1115 859 1193 obsequium
876 1119 999 1195 propter
1015 1119 1226 1179 honorandam

202 1209 378 1267 memoriam
400 1207 524 1268 mortuil
547 1206 604 1266 hoc
626 1205 737 1265 idcirco
761 1205 904 1281 faciebat,
932 1209 968 1266 ut
994 1207 1130 1267 hostium
1152 1227 1224 1269 nece

201 1296 299 1357 manis
326 1299 461 1373 placaret
490 1293 580 1355 occisi
609 1297 639 1354 et
669 1295 858 1372 captivorum
887 1296 1034 1375 sanguine
1062 1297 1131 1375 rogi
1158 1317 1223 1376 por-
1243 1311 1266 1352 ro

201 1385 341 1446 funderet
362 1387 506 1447 flammas.

273 1476 350 1535 Iade
362 1477 456 1551 Mepo
466 1473 572 1550 proesd
583 1473 734 1546 infensam
748 1473 933 1533 contendam
945 1474 1074 1550 mom,
1092 1474 1143 1535 tce
1157 1481 1226 1537 ueta

201 1566 280 1625 subit
302 1583 338 1625 ac
359 1564 545 1624 tremibunda
566 1562 735 1637 macelot
751 1562 852 1622 basto:
873 1565 1071 1640 posteaquam
1088 1562 1159 1626 illos
1178 1584 1226 1625 ra·

202 1654 270 1731 puit
292 1653 386 1730 vivos,
412 1655 533 1714 hastam
559 1653 644 1711 misit
670 1650 703 1710 in
725 1651 863 1729 Magum,
886 1651 938 1711 sed
964 1671 1032 1712 cum
1054 1652 1109 1713 illa
1133 1654 1227 1714 altior

202 1743 338 1820 vaderet,
356 1744 407 1803 ille
424 1763 477 1821 per
499 1743 643 1802 astutiam
661 1739 806 1800 humilem
823 1759 854 1800 se
874 1741 946 1801 lecit
964 1745 995 1801 et
1012 1743 1225 1818 supervolante
1242 1758 1266 1799 re

201 1834 300 1892 iaculo
318 1834 414 1893 ictum
432 1852 522 1909 quem
541 1832 641 1890 fuerat
659 1832 837 1907 excepturus
860 1832 965 1891 evasit.
998 1834 1140 1905 elperico
1162 1850 1225 1892 aen·

199 1922 327 1996 plectens
345 1924 453 1995 effatur
470 1922 544 1982 tolio
561 1920 699 1994 suppleo:
717 1923 761 1994 et,
780 1917 922 1995 quoniam
939 1917 1117 1980 transmissa
1135 1922 1225 1982 hasta

201 2011 325 2070 Aenean
341 2011 374 2070 in
387 2013 487 2071 totum
506 2009 630 2070 evadere
648 2028 710 2069 non
727 2011 881 2087 potuerat,
900 2009 938 2068 ad
952 2027 1051 2089 genua
1069 2010 1136 2070 eius
1155 2029 1225 2071 cum

201 2100 375 2161 huiusmodi
392 2120 478 2179 prece
496 2098 647 2178 confugit:
659 2116 718 2174 per
729 2099 845 2173 patrios
862 2100 961 2159 monis
980 2103 1086 2172 ospes
1103 2117 1226 2176 sterpet-

140 2192 240 2249 525tis
258 2190 322 2250 Iuli
344 2195 370 2251 te
387 2208 501 2264 precor,
527 2190 604 2250 baec
630 2189 764 2248 animem
790 2205 887 2247 seces
907 2192 1052 2263 poscae
1070 2190 1225 2264 putrique:
1241 2205 1265 2246 sc

202 2279 261 2339 duo
271 2280 489 2356 deprecationis
504 2278 660 2340 commoda
673 2279 785 2352 tenuit,
795 2276 891 2354 patris
905 2276 1081 2337 memoriam
1095 2280 1127 2338 et
1140 2297 1225 2357 spem

202 2369 247 2427 fili
269 2370 433 2448 surgentis,
452 2370 580 2429 alterum
599 2366 681 2443 quod
699 2368 903 2427 consecratum
924 2385 987 2427 esse
1006 2367 1087 2443 apud
1100 2367 1225 2430 Aenean

203 2458 319 2534 debuit,
337 2459 467 2518 alterum
487 2456 569 2535 quod
587 2456 839 2531 contemplatione
857 2456 901 2514 fili
920 2475 982 2517 esse
1001 2456 1105 2516 debuit
1125 2458 1225 2535 pium3

203 2548 351 2624 petiturus
375 2549 477 2607 autem
491 2565 545 2625 pro
565 2565 596 2605 se
615 2544 707 2604 etiam
727 2544 771 2603 fili
789 2544 838 2604 sui
859 2547 962 2605 nexuit
980 2564 1111 2621 oausam,
1134 2566 1224 2626 prop·

203 2640 249 2696 ter
274 2656 363 2712 quem
384 2636 485 2698 vivere
508 2633 655 2712 cupiebat.
687 2638 767 2694 recte
784 2653 803 2693 a
821 2634 969 2696 similibus
988 2636 1123 2711 personis
1142 2636 1224 2714 prin·
1241 2650 1263 2693 st

203 2726 283 2802 cipia
296 2724 451 2802 petitionis
468 2725 595 2784 induxit.
628 2724 654 2783 si
667 2724 846 2800 peperceris,
860 2723 973 2801 inquit,
986 2724 1074 2800 mihi,
1091 2726 1224 2788 servabis

203 2835 250 2874 me
269 2818 300 2875 et
322 2815 418 2874 filium
436 2835 537 2875 meum
555 2812 738 2891 perindeque
765 2831 826 2872 non
848 2833 954 2888 unum,
978 2815 1030 2873 sed
1046 2814 1129 2875 duos.
1159 2834 1224 2877 ecce

202 2904 331 2983 rogabat
354 2923 422 2964 enm
444 2904 494 2964 cui
514 2904 595 2962 filius
618 2904 697 2963 esset
720 2905 750 2962 et
768 2906 869 2963 nosset
887 2903 1036 2980 quomodo
1055 2906 1159 2981 posset
1177 2924 1224 2965 ex-

204 2993 277 3054 oriri
299 2993 448 3069 deceptio,
472 2992 498 3052 si
514 2992 595 3052 filius
616 2991 754 3069 perderet
771 2995 903 3068 patrem,
921 2993 971 3052 vel
993 2992 1173 3070 quidboni,
1199 2994 1225 3054 si

203 3083 324 3143 liberari
341 3083 506 3143 meruisset.
542 3101 647 3142 varum
664 3100 702 3140 ne
714 3081 795 3140 solae
809 3099 911 3157 preces
927 3082 1160 3157 inpetrationem
1173 3083 1224 3145 ob·
1241 3097 1264 3139 a

277 3293 292 3342 ⁷
318 3289 447 3344 adductis
471 3288 515 3342 ed
589 3293 623 3341 10
645 3287 707 3358 rupi
723 3285 775 3339 VR
797 3285 896 3358 repa‘O
919 3288 991 3357 repis
1012 3288 1067 3356 filii
1087 3288 1141 3343 edI
1164 3291 1225 3362 roci

204 3361 258 3428 filii
281 3360 351 3414 edF.
425 3365 458 3414 13
481 3359 699 3415 ucmbmdar.
718 3357 762 3413 ed.
837 3364 871 3412 14
888 3358 1084 3428 mopuumVR
1101 3378 1122 3416 ee
1140 3360 1225 3417 delr

205 3432 355 3502 Maponem
373 3431 416 3486 ed
477 3437 510 3485 15
529 3431 653 3486 eoodmt
670 3430 714 3484 ed
775 3436 808 3484 16
826 3435 986 3498 accepturus
1004 3429 1048 3484 ed.
1075 3433 1224 3503 lycaeam

202 3501 654 3572 plectessVlt.l'1effotuaed
676 3502 827 3584 lqcoeu—
838 3506 871 3555 18
881 3502 1014 3569 potecat
1027 3502 1071 3557 ed
1127 3509 1162 3559 18
1179 3521 1223 3631 pe·

203 3573 328 3629 nconl
340 3590 427 3645 penus
440 3574 486 3629 ed
540 3578 573 3627 19
592 3589 653 3642 spes
665 3572 880 3643 serpentiatclite
893 3588 1009 3641 praecor
1022 3572 1104 3628 VR
1076 3576 1223 3700 ὥρῃ

193 3651 230 3699 23
248 3648 371 3705 alterum
389 3646 466 3720 quod
481 3644 756 3718 contemplationem
756 3644 780 3698 a·
796 3659 851 3698 esee
864 3644 995 3699 debuitR
1012 3661 1064 3699 om.
1134 3645 1224 3703 MOU

181 3717 226 3773 ed
306 3727 345 3778 26
366 3741 385 3781 a
404 3740 462 3781 om
483 3721 529 3781 od
604 3723 640 3776 2⁹
660 3716 783 3788 deceptio
792 3713 849 3769 qq
866 3716 1059 3771 &trimatum
1074 3716 1121 3767 ed
