2725 4150
187 323 253 388 416
471 319 611 375 DONATI
629 315 800 375 anRPR.
815 317 923 374 Vnae.

188 507 306 566 quoque
334 491 366 549 et
387 486 551 564 Pailantis3
573 490 706 566 perierat
729 489 809 548 enim
831 485 948 563 Pallas,
970 479 1121 548 Euander
1136 505 1209 549 vero

187 597 276 638 senex
301 597 362 639 non
389 576 443 636 diu
470 576 646 655 sperabatur
674 596 738 639 esse
765 576 913 651 victuma,
946 577 992 637 ita
1021 575 1209 637 efficiebatur

186 671 222 727 ut
239 686 334 745 neque
352 666 470 727 Aeneas
488 666 624 726 Euandri
641 667 767 728 ulterius
790 668 925 743 speraret
943 664 1087 726 auxilium
1111 685 1209 747 neque

186 756 271 818 Iulus
294 757 457 831 Pallantis,
480 775 569 833 quem
592 755 752 817 constabat
774 754 949 816 extinctum.

133 857 168 907 oo
257 846 342 906 Haec
358 846 411 905 eibi
428 845 555 916 deflebit,
578 845 640 904 leiti
657 844 824 906 miserabile
842 861 948 919 corbes
964 844 1092 918 abaci
1109 848 1137 904 et
1154 847 1209 905 toto
1235 857 1248 899 s

187 935 272 995 tectos
299 951 333 994 ee
356 935 473 1009 agmine
494 934 581 993 mitiit
604 934 684 994 mille
705 935 800 994 circs:
827 953 896 995 cum
922 933 999 993 talia
1026 932 1155 994 dixisset
1179 936 1210 994 et

186 1026 287 1099 tanta,
309 1023 378 1083 tolli
399 1024 462 1083 iam
484 1024 638 1100 praecepit
658 1023 749 1083 funus
772 1024 803 1082 et
824 1021 857 1081 in
880 1021 944 1083 eius
963 1040 1107 1099 pompam
1128 1023 1209 1085 virus

185 1112 269 1172 mille
287 1132 323 1172 ex
341 1111 479 1172 omnibus
497 1112 591 1172 lectos
608 1111 693 1172 iubet
710 1111 799 1172 exire.
824 1112 874 1185 qui
887 1128 1058 1186 selpreenwm
1075 1111 1209 1172 eomitm

186 1204 234 1260 teir
251 1201 388 1261 honorem
405 1202 596 1274 intersintque
608 1202 709 1276 petris
727 1201 872 1262 lecimis:
894 1200 993 1261 dictae
1011 1203 1083 1261 sunt
1102 1218 1209 1261 causae

186 1291 309 1367 propter
332 1309 407 1367 quas
434 1291 491 1351 hoc
513 1290 657 1367 faciebat3
686 1310 748 1350 una
771 1290 883 1369 quippe
906 1292 1006 1351 fuerat
1028 1307 1091 1367 qua
1108 1291 1209 1370 regale
1226 1305 1248 1347 ro

185 1378 276 1438 funus
300 1382 491 1457 conpetenter
511 1380 640 1455 efferret,
664 1379 746 1456 quod
769 1377 906 1455 obsequii
923 1397 1017 1458 genus
1036 1397 1211 1456 supremum

186 1467 299 1529 dicitur
320 1467 402 1544 ideo,
425 1470 498 1546 qnia
520 1471 627 1546 postea
648 1469 766 1528 nullum
788 1471 847 1543 est,
871 1469 967 1529 altera
985 1470 1110 1545 propter
1132 1470 1209 1531 sola

187 1558 267 1618 cium
294 1561 324 1618 et
350 1557 489 1618 lacrimas
516 1558 626 1634 patris,
657 1561 694 1618 ut
721 1560 775 1618 aut
800 1558 859 1635 ipsi
888 1556 1021 1618 dolorem
1047 1557 1209 1619 maerentis
1244 1616 1248 1624 .

186 1647 316 1707 lenirent
332 1647 575 1723 persuasionibus
594 1646 657 1707 suis
676 1650 731 1707 aut
749 1666 785 1706 ex
805 1648 1037 1726 congregatione
1054 1648 1210 1709 tantorum

186 1737 338 1797 levaretur
360 1737 459 1795 animo
483 1736 660 1815 intellegens
688 1738 720 1796 in
747 1738 835 1796 tanta
861 1737 1039 1797 necessitate
1060 1735 1247 1799 bellumne

187 1826 232 1885 fili
250 1827 298 1885 sui
316 1843 437 1887 causam
455 1825 547 1886 fuisse
565 1827 723 1903 potiorem,
740 1827 864 1904 propter
883 1843 974 1903 quam
991 1828 1039 1885 tot
1057 1824 1128 1887 lecti
1146 1826 1210 1887 ine·

186 1918 258 1975 rant
280 1916 412 1991 avocati,
435 1917 466 1973 et
487 1914 611 1976 Aenean
630 1915 723 1975 saluti
740 1914 879 1992 propriae
896 1914 1047 1975 Pallantis
1066 1914 1211 1994 obsequia

187 2003 373 2081 praetulisse.
405 2003 517 2064 solacia
535 2005 629 2064 betas
647 2005 753 2081 abab
770 2005 905 2081 tripentis,
918 2005 1024 2065 misero
1043 2004 1095 2065 sed
1113 2004 1211 2067 debile

182 2095 281 2167 petri:
303 2113 363 2153 non
380 2092 491 2154 idcireo
505 2095 578 2154 haec
592 2094 716 2170 fiebant,
736 2097 771 2154 ut
787 2096 915 2155 iniectus
933 2092 1059 2154 internis
1073 2095 1209 2156 sensibus

188 2181 273 2243 dolor
296 2185 326 2243 et
347 2183 426 2242 illud
446 2182 614 2243 insanabile
636 2184 750 2242 malum
767 2183 814 2244 his
838 2183 994 2262 generibus
1013 2184 1134 2261 penitus
1151 2187 1210 2246 ter-
1226 2199 1251 2242 se

187 2274 308 2351 geretur
317 2265 429 2353 (neque
443 2272 522 2332 enim
535 2274 596 2333 ista
609 2272 731 2332 inflictis
745 2273 878 2334 luctibus
896 2271 1020 2349 aequari
1032 2264 1210 2354 potuerant)

188 2362 241 2422 sed
267 2364 454 2440 utmagnus
481 2360 567 2421 dolor
594 2363 703 2440 exigno
731 2362 838 2422 saltem
865 2363 977 2423 solacio
1005 2361 1210 2439 praesentium

187 2452 345 2512 levaretur.
377 2449 512 2510 debitum
530 2452 587 2511 hoc
605 2453 636 2510 et
655 2454 775 2512 mortuo
797 2452 898 2512 fuerat
915 2469 1023 2511 munus
1042 2454 1073 2511 et
1094 2450 1211 2512 infelici

187 2542 269 2617 patri
292 2545 471 2600 convenerat
493 2539 633 2599 exhiberi.
665 2541 738 2601 beet
759 2557 860 2616 segnes
883 2541 937 2601 elii
960 2544 1054 2601 aare
1076 2544 1103 2600 et
1124 2539 1211 2602 molle

134 2639 168 2688 ot
186 2631 327 2701 feretrum
341 2630 470 2690 arbuteis
488 2633 588 2689 teecot
604 2630 697 2704 virgis
715 2634 742 2689 et
757 2631 866 2689 cicilie
880 2646 1003 2705 querco:
1019 2630 1210 2691 humanitate
1226 2642 1250 2686 se

187 2717 277 2777 simul
301 2721 331 2777 et
352 2718 431 2796 regis
453 2716 585 2778 iussione
608 2718 783 2797 cogentibus
811 2737 870 2777 non
898 2724 984 2779 erant
1005 2737 1126 2798 segnes,
1153 2720 1210 2780 hoc

188 2810 234 2868 est
251 2810 444 2884 properantes
464 2806 588 2885 adgredi
606 2810 766 2885 coeperant
783 2808 958 2869 necessaria.
990 2808 1044 2867 alii
1059 2806 1210 2885 parabant

188 2898 284 2956 crates
308 2896 417 2975 quibus
440 2897 598 2957 sollemnia
615 2898 808 2974 portarentur
825 2900 856 2957 et
873 2898 963 2957 molle
981 2898 1127 2957 feretrum
1149 2916 1209 2977 quo

187 2986 277 3046 funus
291 2988 391 3062 ipsum
409 2985 482 3045 ferri
500 2985 649 3064 potuisset
663 2986 795 3046 arbuteis
813 2989 920 3047 texunt
937 2986 1031 3066 virgis
1049 2987 1080 3045 et
1098 2986 1210 3048 vimina

188 3093 310 3150 querno.
347 3073 424 3134 dixit
446 3076 597 3154 lignorum
619 3094 730 3153 genera
748 3094 824 3152 quae
847 3075 1027 3153 praebuerat
1048 3075 1131 3138 locus
1155 3077 1210 3138 aut
1225 3089 1250 3132 ee

188 3164 302 3224 funeris
320 3163 413 3239 ratio,
431 3165 479 3224 vel
494 3165 566 3241 quia
583 3164 668 3243 ligna
685 3166 753 3242 ipsa
771 3166 803 3224 in
821 3164 922 3244 virgas
937 3169 1073 3227 crescunt
1090 3168 1122 3226 et
1133 3165 1208 3226 nol·

188 3253 231 3313 les
251 3257 281 3314 et
299 3253 413 3332 longas.
446 3257 642 3329 cetrcctosque
659 3258 737 3314 tores
759 3255 874 3314 obtecto
891 3254 1008 3328 frondis
1024 3255 1212 3316 icmnbrect:

261 3430 275 3476 1
296 3440 400 3493 quoque
414 3426 552 3508 transpos.
567 3424 611 3478 ed
668 3430 684 3479 2
697 3424 914 3509 separabetrerV
926 3425 1089 3493 sperebatur
1102 3423 1154 3480 ΗΟ
1164 3424 1208 3480 ed.

189 3496 347 3619 iprecvepit
360 3494 386 3549 V
404 3496 542 3565 praeibit
562 3495 605 3549 ed.
680 3496 750 3562 10f
789 3495 895 3553 bctV
912 3496 1032 3563 faciebat
1051 3512 1121 3551 corr.
1140 3494 1208 3621 cdxi

183 3565 296 3635 queeV
312 3566 355 3621 ed.
374 3583 431 3636 quc
448 3583 506 3622 noe
581 3572 613 3620 17
634 3569 743 3622 avocati
800 3567 1166 3636 eiried.21intiiotta

175 3640 341 3712 ementibus
366 3638 411 3698 ed
442 3638 448 3717 Ι
477 3654 595 3712 aequare
615 3637 640 3691 V
663 3654 733 3693 corr
752 3638 795 3693 ed.
874 3643 907 3693 82
933 3644 1119 3710 eoetmtotque
1144 3654 1208 3694 cum

164 3714 321 3786 superiore
339 3714 483 3775 lemmate
503 3710 703 3774 coniunxitV
