2725 4150
560 338 809 396 annnnosvn
1150 343 1194 409 49

174 527 230 583 que
258 511 423 582 mamper:
454 508 597 587 quiequid
630 509 663 568 in
691 508 890 570 Troianorum
920 526 1022 568 necem
1051 508 1134 569 mitti
1161 509 1197 569 de

174 599 252 659 caeli
287 598 426 675 partibus
462 597 576 674 potnit,
613 597 757 676 quicquid
793 597 830 656 de
865 597 1005 658 fluctibns
1041 597 1198 675 procurari

173 689 290 749 factum
317 691 364 749 est
389 690 489 747 totum
510 689 669 764 totumque
696 686 885 747 irmtratum.
931 687 1002 760 quid
1023 686 1122 762 Syrtes
1145 692 1198 747 aet

173 778 282 853 Scylla,
295 778 376 846 mili,
400 776 472 850 quid
492 780 580 836 vasta
608 774 772 850 Charybdis
793 777 930 850 profuit?
976 777 1096 854 quaerit
1123 777 1197 854 quid

143 882 156 923 a
173 868 250 926 mihi
268 867 447 943 profuerunt
465 864 590 942 Syrtes?
626 865 701 942 quid
722 864 824 943 Scylla
841 865 890 926 vel
908 868 996 926 vasta
1010 864 1197 943 Charybdis?

174 959 276 1032 vasta,
305 956 362 1015 hoc
385 958 431 1014 est
452 973 557 1031 saeva,
585 955 618 1013 in
646 973 739 1032 qnam
761 975 808 1014 me
831 955 987 1014 laborante
1011 957 1130 1016 constat
1151 955 1197 1014 in·

173 1049 288 1122 pactos.
324 1045 381 1104 hoc
398 1044 613 1122 interrogantis
632 1045 692 1120 est,
720 1062 786 1103 ecce
808 1045 877 1121 ipsa
898 1045 1071 1122 respondet:
1100 1047 1197 1119 optato

174 1135 341 1194 conderetur
373 1134 531 1208 ltytridis
558 1133 640 1192 alveo
667 1134 763 1192 securi
785 1134 887 1208 petcpi
914 1138 1001 1208 atque
1025 1135 1092 1194 mei.
1141 1152 1196 1212 ego

172 1224 235 1284 illis
262 1222 451 1282 inevitabilia
479 1222 586 1296 obieci,
613 1222 667 1280 illa
695 1240 745 1281 eos
774 1222 814 1280 ad
839 1225 945 1299 optata
972 1224 1134 1300 duxerunt,
1165 1224 1198 1287 in

129 1328 155 1368 ro
172 1315 295 1372 tantum
331 1314 366 1371 nt
402 1311 529 1371 ulterius
565 1330 620 1370 nec
655 1331 703 1370 me
734 1313 864 1371 timeant
898 1330 954 1370 nec
980 1313 1078 1374 minas
1111 1313 1199 1391 ponti

173 1401 344 1461 formident.
389 1420 444 1477 per
467 1400 639 1460 istiusmodi
666 1401 914 1476 conparationem
942 1402 1073 1461 ostendit
1095 1421 1198 1462 cumu-

172 1491 239 1550 lum
262 1489 374 1550 doloris
397 1491 458 1563 sui,
481 1509 550 1548 cum
569 1492 702 1549 cerneret
723 1489 862 1549 inimicos
885 1508 954 1550 suos
978 1490 1128 1566 superatis
1150 1491 1199 1551 tot

174 1579 398 1640 discriminibus
416 1580 542 1638 terrenis
561 1598 596 1638 ac
614 1578 716 1658 pelagi
735 1578 854 1638 defendi
871 1579 1048 1654 placiditate
1065 1579 1198 1639 fluminis

174 1672 206 1729 et
236 1670 317 1747 regis
350 1667 493 1728 amicitia.
542 1669 633 1728 Mars
661 1669 784 1741 perdere
810 1673 924 1744 pentem
951 1669 1102 1728 inmanem
1135 1668 1260 1728 Lae-305

129 1773 155 1814 1e
167 1759 288 1832 pitiana
309 1758 416 1827 caluit,
441 1759 579 1817 concessit
595 1758 630 1816 ire
646 1758 712 1817 iras
729 1759 793 1832 ipse
811 1758 898 1817 decen
916 1758 1070 1830 antiquam
1085 1758 1199 1832 parciter

175 1846 330 1922 Calydona
360 1847 495 1916 Dianae,
528 1847 605 1920 qued
629 1846 724 1905 scetes
751 1850 804 1905 aut
825 1847 974 1920 Lapithas
1001 1851 1115 1906 tantam
1147 1852 1200 1906 cat

175 1933 330 2011 Calydone
352 1937 527 1995 merentem?
571 1955 654 1995 more
678 1954 733 1994 suo
758 1929 802 2016 (1,
819 1928 876 2017 37)
901 1935 939 1995 ab
963 1937 1199 2014 exemplisque

175 2044 233 2103 que
254 2026 316 2086 iras
340 2043 410 2086 suas
434 2025 570 2087 accendit
591 2027 623 2085 et
641 2023 759 2084 inducit
774 2026 905 2086 minores
924 2026 994 2086 deos
1013 2025 1052 2088 ad
1069 2027 1192 2105 plenum
1259 2072 1263 2080 .

174 2134 205 2175 se
237 2114 413 2175 defendisse.
464 2119 555 2193 atque
590 2117 627 2175 ut
661 2115 718 2174 hoc
752 2115 874 2194 gravius
910 2117 1038 2190 faceret,
1074 2116 1192 2177 addidit

128 2222 155 2260 ao
174 2205 421 2281 conparationem
454 2225 472 2265 a
502 2224 632 2281 persona
669 2224 725 2265 sna
762 2205 862 2264 dicens
904 2211 951 2264 ast
988 2224 1050 2280 epo,
1087 2222 1200 2281 mappa

173 2296 258 2354 Ievis
285 2296 425 2364 conicere,
457 2294 502 2352 nil
534 2295 664 2367 linquere
696 2296 838 2353 innascere
870 2312 945 2368 paee
967 2297 1053 2368 potui
1084 2296 1197 2368 infelix,

174 2401 250 2457 qaae
271 2387 375 2442 meruel
395 2384 430 2441 ire
451 2384 552 2444 omnia
573 2385 660 2453 verti,
684 2385 786 2443 uereor
806 2384 844 2443 ab
862 2381 980 2443 Aeaea:
1002 2386 1033 2443 et
1055 2403 1198 2460 personas
1208 2394 1261 2444 310

174 2476 206 2533 et
229 2472 340 2532 delicta
363 2475 508 2549 conparat
530 2476 561 2532 et
584 2492 694 2551 genera
717 2473 855 2532 ultionis:
880 2491 911 2532 se
940 2474 1086 2548 conparat
1108 2472 1200 2531 Marti

174 2564 206 2620 et
228 2562 345 2621 Dianae
368 2561 501 2638 itemque
525 2580 574 2622 ecs
601 2563 656 2639 qni
682 2565 827 2638 utrosque
855 2561 925 2621 deos
954 2560 1139 2621 offenderant
1168 2562 1199 2621 et

129 2666 155 2706 aa
174 2650 375 2711 Troianorum
411 2670 584 2727 personam,
623 2651 746 2710 illorum
782 2651 897 2709 factum
933 2652 963 2708 et
999 2651 1198 2711 Troianorum

174 2757 313 2815 causam,
335 2758 463 2816 poenam
486 2759 605 2817 quoque
630 2758 721 2817 qnam
743 2740 824 2800 Mars
848 2742 878 2798 et
900 2739 1001 2798 Diana
1027 2739 1199 2800 inflixerant

175 2830 293 2890 confert
320 2848 387 2888 cum
417 2830 574 2889 conatibus
602 2830 679 2905 suis,
711 2830 743 2887 in
775 2829 874 2887 alieno
906 2829 1028 2907 negotio
1055 2830 1200 2890 leviorem

174 2920 250 2980 facit
287 2917 526 2994 delinquentium
563 2936 702 2993 causam,
738 2919 770 2976 in
802 2936 857 2978 suo
895 2919 1076 2997 graviorem,
1114 2920 1198 2995 alios,

174 3028 244 3069 cum
266 3008 480 3082 irascerentur,
506 3008 636 3085 inplesse
659 3007 837 3082 vindictam,
860 3025 891 3067 sc
913 3026 974 3067 non
996 3011 1116 3068 tantum
1137 3028 1198 3068 non

130 3112 156 3151 ³⁰
173 3098 310 3176 potuisse
337 3116 442 3157 verum
469 3097 561 3156 etiam
589 3099 769 3174 superatam.
815 3096 919 3158 vincor
948 3098 986 3157 ab
1013 3097 1129 3174 Aenea,
1160 3098 1197 3157 ab

174 3206 235 3248 nno
261 3186 389 3264 scilicet,
412 3189 443 3246 et
464 3206 519 3264 pro
548 3187 648 3246 animo
676 3187 817 3246 inimicae
840 3186 1052 3265 intellegamus
1081 3186 1118 3246 ab
1145 3187 1198 3246 ho-

248 3380 264 3428 3
282 3380 370 3429 tetam
383 3380 520 3443 tcteenqee
533 3373 560 3427 V
575 3381 662 3429 totam
680 3391 733 3428 om.
749 3373 836 3428 HOU
851 3374 923 3497 ed}

174 3452 192 3500 4
210 3452 327 3515 quaeat
341 3446 476 3515 quidquid
489 3447 558 3501 melei
570 3445 596 3500 V
610 3448 720 3514 praeit
737 3462 787 3499 nos
807 3446 874 3514 quid
887 3461 902 3500 e
925 3488 931 3499 .
986 3451 1002 3499 6
1021 3447 1053 3499 tre
1066 3445 1198 3513 qaameV

174 3520 207 3571 ire
228 3534 285 3590 qua
307 3534 350 3601 ree
372 3518 416 3572 ed.
491 3523 524 3571 16
548 3523 573 3572 et
590 3518 721 3586 Lapithis
741 3523 850 3600 tactam
870 3522 921 3571 acet
939 3516 1077 3600 Calidoro
1094 3534 1198 3572 merea·

174 3587 1234 3727 tetactitataematerialitatiserc:

940 3380 973 3429 ut
985 3376 1100 3444 erptiam
1113 3375 1154 3428 tie
1163 3372 1196 3429 V.

160 3729 237 3778 sonet
257 3726 283 3777 V
295 3742 362 3781 corr.
383 3729 427 3783 ed.
504 3738 539 3787 23
560 3742 589 3793 et
603 3747 920 3815 praere-coeperet
941 3756 1001 3797 om.
1023 3734 1075 3793 el.

198 3826 257 3867 1²0⁰·
268 3827 366 3878 imm
379 3832 447 3885 Vera
465 3842 514 3885 rol.
524 3844 561 3887 11.
1084 3850 1106 3898 ia
