<?xml version="1.0" encoding="UTF-8"?>
<!DOCTYPE html PUBLIC "-//W3C//DTD XHTML 1.0 Transitional//EN"
    "http://www.w3.org/TR/xhtml1/DTD/xhtml1-transitional.dtd">
<html xmlns="http://www.w3.org/1999/xhtml" xml:lang="en" lang="en">
 <head>
  <title>
</title>
<meta http-equiv="Content-Type" content="text/html;charset=utf-8" />
  <meta name='ocr-system' content='tesseract 3.04.00' />
  <meta name='ocr-capabilities' content='ocr_page ocr_carea ocr_par ocr_line ocrx_word'/>
</head>
<body>
  <div class='ocr_page' id='page_1' title='image "./tibericlaudidon00georgoog_0377.png"; bbox 0 0 2725 4150; ppageno 0'>
   <div class='ocr_carea' id='block_1_1' title="bbox 205 347 940 416">
    <p class='ocr_par' dir='ltr' id='par_1_1' title="bbox 205 347 940 416">
     <span class='ocr_line' id='line_1_1' title="bbox 205 347 940 416; baseline -0.02 1"><span class='ocrx_word' id='word_1_1' title='bbox 205 351 270 416; x_wconf 83' lang='lat'><strong>368</strong></span> <span class='ocrx_word' id='word_1_2' title='bbox 491 347 631 404; x_wconf 78' lang='lat' dir='ltr'><strong>DONATI</strong></span> <span class='ocrx_word' id='word_1_3' title='bbox 648 347 818 406; x_wconf 68' lang='lat' dir='ltr'><strong>muneris.</strong></span> <span class='ocrx_word' id='word_1_4' title='bbox 832 347 940 403; x_wconf 76' lang='lat' dir='ltr'><strong>VERG.</strong></span> 
     </span>
    </p>
   </div>
   <div class='ocr_carea' id='block_1_2' title="bbox 143 517 1268 3363">
    <p class='ocr_par' dir='ltr' id='par_1_2' title="bbox 143 517 1268 3363">
     <span class='ocr_line' id='line_1_2' title="bbox 205 517 1225 595; baseline 0 -18"><span class='ocrx_word' id='word_1_5' title='bbox 205 519 349 593; x_wconf 90' lang='lat' dir='ltr'><strong>quoniam</strong></span> <span class='ocrx_word' id='word_1_6' title='bbox 375 517 530 578; x_wconf 90' lang='lat' dir='ltr'><strong>iniuriosis</strong></span> <span class='ocrx_word' id='word_1_7' title='bbox 557 517 681 580; x_wconf 85' lang='lat' dir='ltr'><strong>vocibus</strong></span> <span class='ocrx_word' id='word_1_8' title='bbox 713 517 813 577; x_wconf 82' lang='lat' dir='ltr'><strong>fuerat</strong></span> <span class='ocrx_word' id='word_1_9' title='bbox 841 517 1029 595; x_wconf 84' lang='lat' dir='ltr'><strong>provocatus.</strong></span> <span class='ocrx_word' id='word_1_10' title='bbox 1075 518 1225 577; x_wconf 64' lang='lat' dir='ltr'><strong>macutus</strong></span> 
     </span>
     <span class='ocr_line' id='line_1_3' title="bbox 204 605 1225 685; baseline 0.003 -20"><span class='ocrx_word' id='word_1_11' title='bbox 204 607 269 684; x_wconf 89' lang='lat' dir='ltr'><strong>ipse</strong></span> <span class='ocrx_word' id='word_1_12' title='bbox 292 626 383 685; x_wconf 91' lang='lat' dir='ltr'><strong>quam</strong></span> <span class='ocrx_word' id='word_1_13' title='bbox 406 606 498 666; x_wconf 89' lang='lat' dir='ltr'><strong>etiam</strong></span> <span class='ocrx_word' id='word_1_14' title='bbox 518 605 552 666; x_wconf 93' lang='lat' dir='ltr'><strong>in</strong></span> <span class='ocrx_word' id='word_1_15' title='bbox 569 607 626 666; x_wconf 92' lang='lat' dir='ltr'><strong>hac</strong></span> <span class='ocrx_word' id='word_1_16' title='bbox 643 607 730 685; x_wconf 87' lang='lat' dir='ltr'><strong>parte</strong></span> <span class='ocrx_word' id='word_1_17' title='bbox 748 607 941 684; x_wconf 85' lang='lat' dir='ltr'><strong>praecipuus,</strong></span> <span class='ocrx_word' id='word_1_18' title='bbox 963 609 999 666; x_wconf 91' lang='lat' dir='ltr'><strong>ut</strong></span> <span class='ocrx_word' id='word_1_19' title='bbox 1020 605 1108 666; x_wconf 90' lang='lat' dir='ltr'><strong>illum</strong></span> <span class='ocrx_word' id='word_1_20' title='bbox 1126 607 1225 685; x_wconf 86' lang='lat' dir='ltr'><strong>primo</strong></span> 
     </span>
     <span class='ocr_line' id='line_1_4' title="bbox 205 694 1226 774; baseline 0 -18"><span class='ocrx_word' id='word_1_21' title='bbox 205 700 320 773; x_wconf 88' lang='lat' dir='ltr'><strong>peteret</strong></span> <span class='ocrx_word' id='word_1_22' title='bbox 338 715 427 774; x_wconf 90' lang='lat' dir='ltr'><strong>quem</strong></span> <span class='ocrx_word' id='word_1_23' title='bbox 439 695 562 758; x_wconf 81' lang='lat' dir='ltr'><strong>videbat</strong></span> <span class='ocrx_word' id='word_1_24' title='bbox 580 697 742 756; x_wconf 85' lang='lat' dir='ltr'><strong>armatum!</strong></span> <span class='ocrx_word' id='word_1_25' title='bbox 769 694 866 774; x_wconf 88' lang='lat' dir='ltr'><strong>ipsius</strong></span> <span class='ocrx_word' id='word_1_26' title='bbox 889 694 969 755; x_wconf 88' lang='lat' dir='ltr'><strong>enim</strong></span> <span class='ocrx_word' id='word_1_27' title='bbox 985 697 1113 755; x_wconf 88' lang='lat' dir='ltr'><strong>mortem</strong></span> <span class='ocrx_word' id='word_1_28' title='bbox 1134 697 1226 756; x_wconf 83' lang='lat' dir='ltr'><strong>inter·</strong></span> 
     </span>
     <span class='ocr_line' id='line_1_5' title="bbox 204 784 1226 862; baseline 0 -18"><span class='ocrx_word' id='word_1_29' title='bbox 204 785 265 845; x_wconf 91' lang='lat' dir='ltr'><strong>itus</strong></span> <span class='ocrx_word' id='word_1_30' title='bbox 288 785 376 846; x_wconf 88' lang='lat' dir='ltr'><strong>facile</strong></span> <span class='ocrx_word' id='word_1_31' title='bbox 401 784 582 862; x_wconf 78' lang='lat' dir='ltr'><strong>sequebatur</strong></span> <span class='ocrx_word' id='word_1_32' title='bbox 608 784 734 845; x_wconf 84' lang='lat' dir='ltr'><strong>alterius</strong></span> <span class='ocrx_word' id='word_1_33' title='bbox 757 787 811 861; x_wconf 94' lang='lat' dir='ltr'><strong>qui</strong></span> <span class='ocrx_word' id='word_1_34' title='bbox 832 803 893 846; x_wconf 92' lang='lat' dir='ltr'><strong>non</strong></span> <span class='ocrx_word' id='word_1_35' title='bbox 915 803 1000 845; x_wconf 87' lang='lat' dir='ltr'><strong>erma</strong></span> <span class='ocrx_word' id='word_1_36' title='bbox 1022 784 1131 862; x_wconf 91' lang='lat' dir='ltr'><strong>quibus</strong></span> <span class='ocrx_word' id='word_1_37' title='bbox 1155 784 1226 844; x_wconf 90' lang='lat' dir='ltr'><strong>fide·</strong></span> 
     </span>
     <span class='ocr_line' id='line_1_6' title="bbox 204 873 1265 951; baseline -0.001 -18"><span class='ocrx_word' id='word_1_38' title='bbox 204 879 263 950; x_wconf 71' lang='lat' dir='ltr'><strong>ret,</strong></span> <span class='ocrx_word' id='word_1_39' title='bbox 295 873 347 935; x_wconf 86' lang='lat' dir='ltr'><strong>sed</strong></span> <span class='ocrx_word' id='word_1_40' title='bbox 373 873 505 934; x_wconf 78' lang='lat' dir='ltr'>habenas</span> <span class='ocrx_word' id='word_1_41' title='bbox 532 873 654 934; x_wconf 90' lang='lat' dir='ltr'><strong>tenebat</strong></span> <span class='ocrx_word' id='word_1_42' title='bbox 682 893 838 951; x_wconf 89' lang='lat' dir='ltr'><strong>equorum.</strong></span> <span class='ocrx_word' id='word_1_43' title='bbox 883 873 1016 949; x_wconf 74' lang='lat' dir='ltr'><strong>Iowope,</strong></span> <span class='ocrx_word' id='word_1_44' title='bbox 1046 873 1133 934; x_wconf 67' lang='grc' dir='ltr'><em>ηωῑῖα</em></span> <span class='ocrx_word' id='word_1_45' title='bbox 1162 878 1226 934; x_wconf 78' lang='lat' dir='ltr'><strong>tuos</strong></span> <span class='ocrx_word' id='word_1_46' title='bbox 1255 890 1265 932; x_wconf 83' lang='lat' dir='ltr'><strong>s</strong></span> 
     </span>
     <span class='ocr_line' id='line_1_7' title="bbox 205 963 1227 1038; baseline -0.001 -14"><span class='ocrx_word' id='word_1_47' title='bbox 205 980 311 1024; x_wconf 75' lang='lat' dir='ltr'><strong>eurus</strong></span> <span class='ocrx_word' id='word_1_48' title='bbox 330 963 406 1038; x_wconf 72' lang='lat' dir='ltr'><strong>supe</strong></span> <span class='ocrx_word' id='word_1_49' title='bbox 430 963 528 1038; x_wconf 73' lang='lat' dir='ltr'><strong>repnte</strong></span> <span class='ocrx_word' id='word_1_50' title='bbox 555 980 694 1038; x_wconf 78' lang='lat' dir='ltr'><strong>equorroro</strong></span> <span class='ocrx_word' id='word_1_51' title='bbox 712 963 845 1038; x_wconf 75' lang='lat' dir='ltr'><strong><em>prodidit</em></strong></span> <span class='ocrx_word' id='word_1_52' title='bbox 866 967 920 1023; x_wconf 85' lang='lat' dir='ltr'><strong>out</strong></span> <span class='ocrx_word' id='word_1_53' title='bbox 940 963 1037 1025; x_wconf 77' lang='lat' dir='ltr'><strong>oenoe</strong></span> <span class='ocrx_word' id='word_1_54' title='bbox 1057 966 1170 1024; x_wconf 79' lang='lat' dir='ltr'><strong>uertere</strong></span> <span class='ocrx_word' id='word_1_55' title='bbox 1192 979 1227 1023; x_wconf 79' lang='lat' dir='ltr'><strong>ou</strong></span> 
     </span>
     <span class='ocr_line' id='line_1_8' title="bbox 203 1051 1226 1131; baseline 0.001 -20"><span class='ocrx_word' id='word_1_56' title='bbox 203 1053 334 1112; x_wconf 75' lang='lat' dir='ltr'><strong>hostibus</strong></span> <span class='ocrx_word' id='word_1_57' title='bbox 355 1053 492 1113; x_wconf 77' lang='lat' dir='ltr'><strong>mabroe:</strong></span> <span class='ocrx_word' id='word_1_58' title='bbox 514 1052 695 1129; x_wconf 77' lang='lat' dir='ltr'><strong>loquebatur</strong></span> <span class='ocrx_word' id='word_1_59' title='bbox 718 1051 804 1129; x_wconf 83' lang='lat' dir='ltr'><strong>quasi</strong></span> <span class='ocrx_word' id='word_1_60' title='bbox 826 1071 895 1112; x_wconf 90' lang='lat' dir='ltr'><strong>cum</strong></span> <span class='ocrx_word' id='word_1_61' title='bbox 917 1070 952 1112; x_wconf 90' lang='lat' dir='ltr'><strong>eo</strong></span> <span class='ocrx_word' id='word_1_62' title='bbox 976 1053 1028 1128; x_wconf 92' lang='lat' dir='ltr'><strong>qui</strong></span> <span class='ocrx_word' id='word_1_63' title='bbox 1045 1054 1150 1131; x_wconf 89' lang='lat' dir='ltr'><strong>posset</strong></span> <span class='ocrx_word' id='word_1_64' title='bbox 1171 1051 1226 1112; x_wconf 86' lang='lat' dir='ltr'><strong>ali·</strong></span> 
     </span>
     <span class='ocr_line' id='line_1_9' title="bbox 205 1140 1226 1219; baseline 0.003 -20"><span class='ocrx_word' id='word_1_65' title='bbox 205 1140 279 1216; x_wconf 91' lang='lat' dir='ltr'><strong>quid</strong></span> <span class='ocrx_word' id='word_1_66' title='bbox 302 1140 405 1201; x_wconf 86' lang='lat' dir='ltr'><strong>audire</strong></span> <span class='ocrx_word' id='word_1_67' title='bbox 427 1141 476 1202; x_wconf 84' lang='lat' dir='ltr'><strong>vel</strong></span> <span class='ocrx_word' id='word_1_68' title='bbox 493 1143 603 1202; x_wconf 84' lang='lat' dir='ltr'><strong>sentire</strong></span> <span class='ocrx_word' id='word_1_69' title='bbox 621 1143 692 1219; x_wconf 89' lang='lat' dir='ltr'><strong>post</strong></span> <span class='ocrx_word' id='word_1_70' title='bbox 712 1145 854 1216; x_wconf 86' lang='lat' dir='ltr'><strong>mortem,</strong></span> <span class='ocrx_word' id='word_1_71' title='bbox 877 1141 957 1218; x_wconf 90' lang='lat' dir='ltr'><strong>quod</strong></span> <span class='ocrx_word' id='word_1_72' title='bbox 979 1142 1079 1219; x_wconf 89' lang='lat' dir='ltr'><strong>ipsum</strong></span> <span class='ocrx_word' id='word_1_73' title='bbox 1096 1161 1160 1202; x_wconf 93' lang='lat' dir='ltr'><strong>non</strong></span> <span class='ocrx_word' id='word_1_74' title='bbox 1180 1141 1226 1202; x_wconf 89' lang='lat' dir='ltr'><strong>in·</strong></span> 
     </span>
     <span class='ocr_line' id='line_1_10' title="bbox 204 1229 1226 1310; baseline 0.005 -23"><span class='ocrx_word' id='word_1_75' title='bbox 204 1229 380 1307; x_wconf 74' lang='lat' dir='ltr'><strong>prudenter,</strong></span> <span class='ocrx_word' id='word_1_76' title='bbox 403 1230 455 1291; x_wconf 88' lang='lat' dir='ltr'><strong>sed</strong></span> <span class='ocrx_word' id='word_1_77' title='bbox 476 1230 652 1292; x_wconf 81' lang='lat' dir='ltr'><strong>insultantis</strong></span> <span class='ocrx_word' id='word_1_78' title='bbox 671 1229 772 1291; x_wconf 92' lang='lat' dir='ltr'><strong>animo</strong></span> <span class='ocrx_word' id='word_1_79' title='bbox 790 1229 929 1292; x_wconf 81' lang='lat' dir='ltr'><strong>faciebat.</strong></span> <span class='ocrx_word' id='word_1_80' title='bbox 961 1229 1097 1310; x_wconf 79' lang='lat' dir='ltr'><strong>Lucage,</strong></span> <span class='ocrx_word' id='word_1_81' title='bbox 1114 1231 1226 1310; x_wconf 71' lang='lat' dir='ltr'><strong>inquit,</strong></span> 
     </span>
     <span class='ocr_line' id='line_1_11' title="bbox 204 1318 1267 1400; baseline 0.001 -23"><span class='ocrx_word' id='word_1_82' title='bbox 204 1318 281 1378; x_wconf 91' lang='lat' dir='ltr'><strong>nihil</strong></span> <span class='ocrx_word' id='word_1_83' title='bbox 294 1323 341 1380; x_wconf 91' lang='lat' dir='ltr'><strong>est</strong></span> <span class='ocrx_word' id='word_1_84' title='bbox 355 1320 435 1397; x_wconf 88' lang='lat' dir='ltr'><strong>quod</strong></span> <span class='ocrx_word' id='word_1_85' title='bbox 449 1339 542 1398; x_wconf 86' lang='lat' dir='ltr'><strong>equos</strong></span> <span class='ocrx_word' id='word_1_86' title='bbox 556 1337 694 1398; x_wconf 88' lang='lat' dir='ltr'><strong>peccasse</strong></span> <span class='ocrx_word' id='word_1_87' title='bbox 713 1321 856 1381; x_wconf 88' lang='lat' dir='ltr'><strong>causeris:</strong></span> <span class='ocrx_word' id='word_1_88' title='bbox 874 1319 922 1378; x_wconf 92' lang='lat' dir='ltr'><strong>illi</strong></span> <span class='ocrx_word' id='word_1_89' title='bbox 939 1338 999 1379; x_wconf 92' lang='lat' dir='ltr'><strong>non</strong></span> <span class='ocrx_word' id='word_1_90' title='bbox 1019 1321 1106 1380; x_wconf 87' lang='lat' dir='ltr'><strong>erant</strong></span> <span class='ocrx_word' id='word_1_91' title='bbox 1119 1338 1226 1400; x_wconf 82' lang='lat' dir='ltr'><strong>segnes</strong></span> <span class='ocrx_word' id='word_1_92' title='bbox 1244 1337 1267 1378; x_wconf 85' lang='lat' dir='ltr'><strong>u</strong></span> 
     </span>
     <span class='ocr_line' id='line_1_12' title="bbox 204 1408 1228 1488; baseline 0.003 -21"><span class='ocrx_word' id='word_1_93' title='bbox 204 1427 259 1468; x_wconf 90' lang='lat' dir='ltr'><strong>nec</strong></span> <span class='ocrx_word' id='word_1_94' title='bbox 281 1427 331 1469; x_wconf 88' lang='lat' dir='ltr'><strong>eos</strong></span> <span class='ocrx_word' id='word_1_95' title='bbox 355 1409 458 1487; x_wconf 83' lang='lat' dir='ltr'><strong>aliqua</strong></span> <span class='ocrx_word' id='word_1_96' title='bbox 480 1409 590 1469; x_wconf 91' lang='lat' dir='ltr'><strong>fefellit</strong></span> <span class='ocrx_word' id='word_1_97' title='bbox 610 1409 803 1488; x_wconf 84' lang='lat' dir='ltr'><strong>imaginatio,</strong></span> <span class='ocrx_word' id='word_1_98' title='bbox 826 1411 883 1469; x_wconf 90' lang='lat' dir='ltr'><strong>hoc</strong></span> <span class='ocrx_word' id='word_1_99' title='bbox 905 1411 952 1469; x_wconf 90' lang='lat' dir='ltr'><strong>est</strong></span> <span class='ocrx_word' id='word_1_100' title='bbox 974 1408 1072 1469; x_wconf 89' lang='lat' dir='ltr'><strong>dicere</strong></span> <span class='ocrx_word' id='word_1_101' title='bbox 1094 1410 1174 1470; x_wconf 87' lang='lat' dir='ltr'><strong>nihil</strong></span> <span class='ocrx_word' id='word_1_102' title='bbox 1196 1413 1228 1470; x_wconf 90' lang='lat' dir='ltr'><strong>te</strong></span> 
     </span>
     <span class='ocr_line' id='line_1_13' title="bbox 204 1497 1228 1574; baseline 0.003 -17"><span class='ocrx_word' id='word_1_103' title='bbox 204 1497 339 1574; x_wconf 87' lang='lat' dir='ltr'><strong>prodidit</strong></span> <span class='ocrx_word' id='word_1_104' title='bbox 364 1498 424 1558; x_wconf 92' lang='lat' dir='ltr'><strong>nisi</strong></span> <span class='ocrx_word' id='word_1_105' title='bbox 450 1499 562 1559; x_wconf 87' lang='lat' dir='ltr'><strong>inertia</strong></span> <span class='ocrx_word' id='word_1_106' title='bbox 583 1499 645 1559; x_wconf 88' lang='lat' dir='ltr'><strong>tua.</strong></span> <span class='ocrx_word' id='word_1_107' title='bbox 691 1499 754 1572; x_wconf 75' lang='lat' dir='ltr'><strong>ipse</strong></span> <span class='ocrx_word' id='word_1_108' title='bbox 775 1499 848 1558; x_wconf 78' lang='lat' dir='ltr'><strong>rotis</strong></span> <span class='ocrx_word' id='word_1_109' title='bbox 869 1498 981 1558; x_wconf 76' lang='lat' dir='ltr'><strong>sederes</strong></span> <span class='ocrx_word' id='word_1_110' title='bbox 1006 1499 1079 1574; x_wconf 73' lang='lat' dir='ltr'><strong>supa</strong></span> <span class='ocrx_word' id='word_1_111' title='bbox 1101 1498 1228 1560; x_wconf 63' lang='lat' dir='ltr'><strong>decute:</strong></span> 
     </span>
     <span class='ocr_line' id='line_1_14' title="bbox 204 1587 1228 1666; baseline 0 -19"><span class='ocrx_word' id='word_1_112' title='bbox 204 1587 303 1648; x_wconf 86' lang='lat' dir='ltr'><strong>verbis</strong></span> <span class='ocrx_word' id='word_1_113' title='bbox 326 1587 387 1648; x_wconf 93' lang='lat' dir='ltr'><strong>suis</strong></span> <span class='ocrx_word' id='word_1_114' title='bbox 405 1589 505 1648; x_wconf 92' lang='lat' dir='ltr'><strong>iocum</strong></span> <span class='ocrx_word' id='word_1_115' title='bbox 522 1587 621 1649; x_wconf 82' lang='lat' dir='ltr'><strong>voluit</strong></span> <span class='ocrx_word' id='word_1_116' title='bbox 637 1589 761 1666; x_wconf 84' lang='lat' dir='ltr'><strong>iungere</strong></span> <span class='ocrx_word' id='word_1_117' title='bbox 781 1588 881 1649; x_wconf 86' lang='lat' dir='ltr'><strong>dicens</strong></span> <span class='ocrx_word' id='word_1_118' title='bbox 900 1606 968 1647; x_wconf 91' lang='lat' dir='ltr'><strong>eum</strong></span> <span class='ocrx_word' id='word_1_119' title='bbox 990 1606 1051 1647; x_wconf 93' lang='lat' dir='ltr'><strong>non</strong></span> <span class='ocrx_word' id='word_1_120' title='bbox 1069 1605 1228 1649; x_wconf 89' lang='lat' dir='ltr'><strong>excussum</strong></span> 
     </span>
     <span class='ocr_line' id='line_1_15' title="bbox 205 1676 1228 1757; baseline 0.001 -20"><span class='ocrx_word' id='word_1_121' title='bbox 205 1696 308 1754; x_wconf 82' lang='lat' dir='ltr'><strong>curru,</strong></span> <span class='ocrx_word' id='word_1_122' title='bbox 331 1677 383 1737; x_wconf 86' lang='lat' dir='ltr'><strong>sed</strong></span> <span class='ocrx_word' id='word_1_123' title='bbox 402 1677 490 1754; x_wconf 83' lang='lat' dir='ltr'><strong>quusi</strong></span> <span class='ocrx_word' id='word_1_124' title='bbox 511 1677 668 1738; x_wconf 84' lang='lat' dir='ltr'><strong>voluntate</strong></span> <span class='ocrx_word' id='word_1_125' title='bbox 687 1676 839 1738; x_wconf 80' lang='lat' dir='ltr'><strong>excidisse.</strong></span> <span class='ocrx_word' id='word_1_126' title='bbox 872 1695 1026 1738; x_wconf 87' lang='lat' dir='ltr'><strong>excussum</strong></span> <span class='ocrx_word' id='word_1_127' title='bbox 1044 1676 1228 1757; x_wconf 85' lang='lat' dir='ltr'><strong>ubicumque</strong></span> 
     </span>
     <span class='ocr_line' id='line_1_16' title="bbox 205 1759 1268 1848; baseline -0.003 -22"><span class='ocrx_word' id='word_1_128' title='bbox 205 1768 290 1845; x_wconf 86' lang='lat' dir='ltr'><strong>ponit</strong></span> <span class='ocrx_word' id='word_1_129' title='bbox 302 1766 448 1827; x_wconf 88' lang='lat' dir='ltr'><strong>maiorem</strong></span> <span class='ocrx_word' id='word_1_130' title='bbox 460 1765 523 1827; x_wconf 85' lang='lat' dir='ltr'><strong>vim</strong></span> <span class='ocrx_word' id='word_1_131' title='bbox 535 1766 730 1828; x_wconf 85' lang='lat' dir='ltr'><strong>intervenisse</strong></span> <span class='ocrx_word' id='word_1_132' title='bbox 744 1765 903 1846; x_wconf 82' lang='lat' dir='ltr'><strong>significat,</strong></span> <span class='ocrx_word' id='word_1_133' title='bbox 912 1768 949 1825; x_wconf 90' lang='lat' dir='ltr'><strong>ut</strong></span> <span class='ocrx_word' id='word_1_134' title='bbox 958 1769 1004 1826; x_wconf 91' lang='lat' dir='ltr'><strong>est</strong></span> <span class='ocrx_word' id='word_1_135' title='bbox 1012 1765 1088 1826; x_wconf 86' lang='lat' dir='ltr'><strong>illud</strong></span> <span class='ocrx_word' id='word_1_136' title='bbox 1097 1759 1227 1848; x_wconf 81' lang='lat'>(1‚115)</span> <span class='ocrx_word' id='word_1_137' title='bbox 1245 1779 1268 1823; x_wconf 79' lang='lat' dir='ltr'><strong>re</strong></span> 
     </span>
     <span class='ocr_line' id='line_1_17' title="bbox 205 1853 1227 1935; baseline 0.002 -20"><span class='ocrx_word' id='word_1_138' title='bbox 205 1855 372 1930; x_wconf 85' lang='lat' dir='ltr'><strong>„excutitur</strong></span> <span class='ocrx_word' id='word_1_139' title='bbox 390 1874 562 1933; x_wconf 88' lang='lat' dir='ltr'><strong>pronusque</strong></span> <span class='ocrx_word' id='word_1_140' title='bbox 580 1855 725 1935; x_wconf 82' lang='lat' dir='ltr'><strong>magister</strong></span> <span class='ocrx_word' id='word_1_141' title='bbox 742 1855 876 1917; x_wconf 83' lang='lat' dir='ltr'><strong>volvitur</strong></span> <span class='ocrx_word' id='word_1_142' title='bbox 889 1858 920 1916; x_wconf 93' lang='lat' dir='ltr'><strong>in</strong></span> <span class='ocrx_word' id='word_1_143' title='bbox 934 1853 1057 1933; x_wconf 85' lang='lat' dir='ltr'><strong>caput“;</strong></span> <span class='ocrx_word' id='word_1_144' title='bbox 1080 1855 1227 1917; x_wconf 86' lang='lat' dir='ltr'><strong>describe·</strong></span> 
     </span>
     <span class='ocr_line' id='line_1_18' title="bbox 204 1943 1227 2024; baseline 0 -20"><span class='ocrx_word' id='word_1_145' title='bbox 204 1944 296 2004; x_wconf 89' lang='lat' dir='ltr'><strong>batur</strong></span> <span class='ocrx_word' id='word_1_146' title='bbox 309 1946 390 2004; x_wconf 91' lang='lat' dir='ltr'><strong>enim</strong></span> <span class='ocrx_word' id='word_1_147' title='bbox 403 1965 513 2024; x_wconf 76' lang='lat' dir='ltr'><strong>magna</strong></span> <span class='ocrx_word' id='word_1_148' title='bbox 526 1945 671 2005; x_wconf 88' lang='lat' dir='ltr'><strong>fluctuum</strong></span> <span class='ocrx_word' id='word_1_149' title='bbox 684 1947 731 2006; x_wconf 84' lang='lat' dir='ltr'><strong>vis</strong></span> <span class='ocrx_word' id='word_1_150' title='bbox 745 1949 776 2006; x_wconf 90' lang='lat' dir='ltr'><strong>et</strong></span> <span class='ocrx_word' id='word_1_151' title='bbox 788 1948 891 2007; x_wconf 87' lang='lat' dir='ltr'><strong>tumor</strong></span> <span class='ocrx_word' id='word_1_152' title='bbox 903 1943 1102 2006; x_wconf 88' lang='lat' dir='ltr'><strong>intolerabilis</strong></span> <span class='ocrx_word' id='word_1_153' title='bbox 1116 1945 1227 2024; x_wconf 78' lang='lat' dir='ltr'><strong>pelagi.</strong></span> 
     </span>
     <span class='ocr_line' id='line_1_19' title="bbox 143 2033 1228 2112; baseline -0.001 -15"><span class='ocrx_word' id='word_1_154' title='bbox 143 2033 275 2097; x_wconf 77' lang='lat' dir='ltr'><strong>tebboee</strong></span> <span class='ocrx_word' id='word_1_155' title='bbox 292 2035 336 2095; x_wconf 85' lang='lat' dir='ltr'><strong>tto</strong></span> <span class='ocrx_word' id='word_1_156' title='bbox 352 2035 435 2109; x_wconf 78' lang='lat' dir='ltr'><strong>fotus</strong></span> <span class='ocrx_word' id='word_1_157' title='bbox 453 2035 583 2109; x_wconf 79' lang='lat' dir='ltr'><strong>erripuit</strong></span> <span class='ocrx_word' id='word_1_158' title='bbox 600 2036 727 2111; x_wconf 78' lang='lat' dir='ltr'><strong>btiopos:</strong></span> <span class='ocrx_word' id='word_1_159' title='bbox 750 2034 839 2099; x_wconf 86' lang='lat' dir='ltr'><strong>aliter</strong></span> <span class='ocrx_word' id='word_1_160' title='bbox 856 2034 1012 2110; x_wconf 86' lang='lat' dir='ltr'><strong>inermem,</strong></span> <span class='ocrx_word' id='word_1_161' title='bbox 1031 2033 1119 2095; x_wconf 89' lang='lat' dir='ltr'><strong>aliter</strong></span> <span class='ocrx_word' id='word_1_162' title='bbox 1137 2033 1228 2112; x_wconf 89' lang='lat' dir='ltr'><strong>petiit</strong></span> 
     </span>
     <span class='ocr_line' id='line_1_20' title="bbox 206 2124 1228 2203; baseline 0.002 -20"><span class='ocrx_word' id='word_1_163' title='bbox 206 2126 364 2184; x_wconf 84' lang='lat' dir='ltr'><strong>armatum.</strong></span> <span class='ocrx_word' id='word_1_164' title='bbox 400 2124 454 2184; x_wconf 94' lang='lat' dir='ltr'><strong>ubi</strong></span> <span class='ocrx_word' id='word_1_165' title='bbox 472 2124 551 2185; x_wconf 91' lang='lat' dir='ltr'><strong>enim</strong></span> <span class='ocrx_word' id='word_1_166' title='bbox 568 2124 707 2203; x_wconf 80' lang='lat' dir='ltr'><strong>Lucagus</strong></span> <span class='ocrx_word' id='word_1_167' title='bbox 730 2126 790 2185; x_wconf 90' lang='lat' dir='ltr'><strong>fuit</strong></span> <span class='ocrx_word' id='word_1_168' title='bbox 812 2125 927 2185; x_wconf 92' lang='lat' dir='ltr'><strong>eminus</strong></span> <span class='ocrx_word' id='word_1_169' title='bbox 950 2125 1039 2185; x_wconf 90' lang='lat' dir='ltr'><strong>hasta</strong></span> <span class='ocrx_word' id='word_1_170' title='bbox 1056 2128 1228 2203; x_wconf 83' lang='lat' dir='ltr'><strong>pugnatum</strong></span> 
     </span>
     <span class='ocr_line' id='line_1_21' title="bbox 205 2212 1266 2292; baseline -0.001 -21"><span class='ocrx_word' id='word_1_171' title='bbox 205 2214 264 2287; x_wconf 81' lang='lat' dir='ltr'><strong>est,</strong></span> <span class='ocrx_word' id='word_1_172' title='bbox 287 2232 355 2273; x_wconf 93' lang='lat' dir='ltr'><strong>cum</strong></span> <span class='ocrx_word' id='word_1_173' title='bbox 377 2215 480 2274; x_wconf 86' lang='lat' dir='ltr'><strong>eutem</strong></span> <span class='ocrx_word' id='word_1_174' title='bbox 501 2212 592 2292; x_wconf 83' lang='lat' dir='ltr'><strong>Liger</strong></span> <span class='ocrx_word' id='word_1_175' title='bbox 614 2214 746 2274; x_wconf 88' lang='lat' dir='ltr'><strong>nudatus</strong></span> <span class='ocrx_word' id='word_1_176' title='bbox 770 2218 847 2275; x_wconf 86' lang='lat' dir='ltr'><strong>esset</strong></span> <span class='ocrx_word' id='word_1_177' title='bbox 869 2212 972 2275; x_wconf 83' lang='lat' dir='ltr'><strong>fratris</strong></span> <span class='ocrx_word' id='word_1_178' title='bbox 996 2213 1122 2289; x_wconf 86' lang='lat' dir='ltr'><strong>auxilio,</strong></span> <span class='ocrx_word' id='word_1_179' title='bbox 1145 2213 1227 2292; x_wconf 88' lang='lat' dir='ltr'><strong>ipsos</strong></span> <span class='ocrx_word' id='word_1_180' title='bbox 1243 2228 1266 2270; x_wconf 82' lang='lat' dir='ltr'><strong>re</strong></span> 
     </span>
     <span class='ocr_line' id='line_1_22' title="bbox 206 2302 1226 2381; baseline 0 -20"><span class='ocrx_word' id='word_1_181' title='bbox 206 2321 298 2378; x_wconf 90' lang='lat' dir='ltr'><strong>equos</strong></span> <span class='ocrx_word' id='word_1_182' title='bbox 321 2303 438 2363; x_wconf 87' lang='lat' dir='ltr'><strong>Aeneas</strong></span> <span class='ocrx_word' id='word_1_183' title='bbox 462 2304 562 2363; x_wconf 89' lang='lat' dir='ltr'><strong>tenuit</strong></span> <span class='ocrx_word' id='word_1_184' title='bbox 584 2303 694 2380; x_wconf 91' lang='lat' dir='ltr'><strong>quibus</strong></span> <span class='ocrx_word' id='word_1_185' title='bbox 717 2302 859 2380; x_wconf 85' lang='lat' dir='ltr'><strong>fugiendo</strong></span> <span class='ocrx_word' id='word_1_186' title='bbox 886 2303 938 2362; x_wconf 91' lang='lat' dir='ltr'><strong>ille</strong></span> <span class='ocrx_word' id='word_1_187' title='bbox 962 2305 1063 2381; x_wconf 89' lang='lat' dir='ltr'><strong>posset</strong></span> <span class='ocrx_word' id='word_1_188' title='bbox 1092 2303 1226 2364; x_wconf 84' lang='lat' dir='ltr'><strong>evadere.</strong></span> 
     </span>
     <span class='ocr_line' id='line_1_23' title="bbox 205 2392 1227 2467; baseline 0.001 -17"><span class='ocrx_word' id='word_1_189' title='bbox 205 2393 299 2465; x_wconf 81' lang='lat' dir='ltr'><strong>frater</strong></span> <span class='ocrx_word' id='word_1_190' title='bbox 317 2392 451 2451; x_wconf 81' lang='lat' dir='ltr'><strong>tendebat</strong></span> <span class='ocrx_word' id='word_1_191' title='bbox 471 2393 574 2452; x_wconf 75' lang='lat' dir='ltr'><strong>inertis</strong></span> <span class='ocrx_word' id='word_1_192' title='bbox 591 2392 696 2467; x_wconf 67' lang='lat' dir='ltr'><strong>dissolbe</strong></span> <span class='ocrx_word' id='word_1_193' title='bbox 710 2392 831 2465; x_wconf 72' lang='lat' dir='ltr'><strong>pateas</strong></span> <span class='ocrx_word' id='word_1_194' title='bbox 849 2410 939 2452; x_wconf 78' lang='lat' dir='ltr'><strong>morra</strong></span> <span class='ocrx_word' id='word_1_195' title='bbox 957 2392 1097 2466; x_wconf 82' lang='lat' dir='ltr'><strong>delapsos</strong></span> <span class='ocrx_word' id='word_1_196' title='bbox 1115 2392 1227 2453; x_wconf 67' lang='lat' dir='ltr'><strong>eodan:</strong></span> 
     </span>
     <span class='ocr_line' id='line_1_24' title="bbox 206 2479 1226 2559; baseline 0.005 -22"><span class='ocrx_word' id='word_1_197' title='bbox 206 2480 300 2541; x_wconf 86' lang='lat' dir='ltr'><strong>fratre</strong></span> <span class='ocrx_word' id='word_1_198' title='bbox 323 2482 419 2540; x_wconf 87' lang='lat' dir='ltr'><strong>occiso</strong></span> <span class='ocrx_word' id='word_1_199' title='bbox 442 2483 474 2540; x_wconf 93' lang='lat' dir='ltr'><strong>et</strong></span> <span class='ocrx_word' id='word_1_200' title='bbox 491 2499 559 2540; x_wconf 90' lang='lat' dir='ltr'><strong>cum</strong></span> <span class='ocrx_word' id='word_1_201' title='bbox 576 2479 651 2558; x_wconf 91' lang='lat' dir='ltr'><strong>ipsis</strong></span> <span class='ocrx_word' id='word_1_202' title='bbox 670 2481 761 2540; x_wconf 82' lang='lat' dir='ltr'><strong>armis</strong></span> <span class='ocrx_word' id='word_1_203' title='bbox 781 2484 921 2557; x_wconf 89' lang='lat' dir='ltr'><strong>superato</strong></span> <span class='ocrx_word' id='word_1_204' title='bbox 944 2500 979 2540; x_wconf 93' lang='lat' dir='ltr'><strong>ao</strong></span> <span class='ocrx_word' id='word_1_205' title='bbox 997 2483 1121 2542; x_wconf 88' lang='lat' dir='ltr'><strong>retentis</strong></span> <span class='ocrx_word' id='word_1_206' title='bbox 1140 2482 1226 2559; x_wconf 91' lang='lat' dir='ltr'><strong>equis</strong></span> 
     </span>
     <span class='ocr_line' id='line_1_25' title="bbox 207 2568 1226 2648; baseline 0.003 -20"><span class='ocrx_word' id='word_1_207' title='bbox 207 2588 335 2645; x_wconf 90' lang='lat' dir='ltr'><strong>quorum</strong></span> <span class='ocrx_word' id='word_1_208' title='bbox 353 2568 465 2629; x_wconf 86' lang='lat' dir='ltr'><strong>auxilio</strong></span> <span class='ocrx_word' id='word_1_209' title='bbox 483 2572 514 2629; x_wconf 90' lang='lat' dir='ltr'><strong>et</strong></span> <span class='ocrx_word' id='word_1_210' title='bbox 531 2569 606 2647; x_wconf 83' lang='lat' dir='ltr'><strong>fuge</strong></span> <span class='ocrx_word' id='word_1_211' title='bbox 623 2568 714 2647; x_wconf 83' lang='lat' dir='ltr'><strong>Liger</strong></span> <span class='ocrx_word' id='word_1_212' title='bbox 731 2572 872 2648; x_wconf 88' lang='lat' dir='ltr'><strong>potuerat</strong></span> <span class='ocrx_word' id='word_1_213' title='bbox 889 2571 1010 2631; x_wconf 87' lang='lat' dir='ltr'><strong>liberari</strong></span> <span class='ocrx_word' id='word_1_214' title='bbox 1028 2570 1104 2647; x_wconf 86' lang='lat' dir='ltr'><strong>quid</strong></span> <span class='ocrx_word' id='word_1_215' title='bbox 1122 2589 1226 2648; x_wconf 88' lang='lat' dir='ltr'><strong>snper·</strong></span> 
     </span>
     <span class='ocr_line' id='line_1_26' title="bbox 207 2658 1264 2739; baseline -0.001 -22"><span class='ocrx_word' id='word_1_216' title='bbox 207 2661 273 2718; x_wconf 89' lang='lat' dir='ltr'><strong>erat</strong></span> <span class='ocrx_word' id='word_1_217' title='bbox 290 2658 349 2719; x_wconf 86' lang='lat' dir='ltr'><strong>nisi</strong></span> <span class='ocrx_word' id='word_1_218' title='bbox 365 2661 400 2718; x_wconf 90' lang='lat' dir='ltr'><strong>ut</strong></span> <span class='ocrx_word' id='word_1_219' title='bbox 417 2658 482 2736; x_wconf 89' lang='lat' dir='ltr'><strong>ipse</strong></span> <span class='ocrx_word' id='word_1_220' title='bbox 500 2678 621 2736; x_wconf 90' lang='lat' dir='ltr'><strong>quoque</strong></span> <span class='ocrx_word' id='word_1_221' title='bbox 639 2678 752 2736; x_wconf 89' lang='lat' dir='ltr'><strong>poenas</strong></span> <span class='ocrx_word' id='word_1_222' title='bbox 770 2679 825 2735; x_wconf 89' lang='lat' dir='ltr'><strong>pro</strong></span> <span class='ocrx_word' id='word_1_223' title='bbox 846 2660 987 2720; x_wconf 84' lang='lat' dir='ltr'><strong>conviciis</strong></span> <span class='ocrx_word' id='word_1_224' title='bbox 1007 2658 1112 2719; x_wconf 85' lang='lat' dir='ltr'><strong>daret?</strong></span> <span class='ocrx_word' id='word_1_225' title='bbox 1145 2659 1227 2739; x_wconf 86' lang='lat' dir='ltr'><strong>quod</strong></span> <span class='ocrx_word' id='word_1_226' title='bbox 1242 2671 1264 2716; x_wconf 77' lang='lat' dir='ltr'><strong>rs</strong></span> 
     </span>
     <span class='ocr_line' id='line_1_27' title="bbox 206 2747 1226 2825; baseline 0.003 -19"><span class='ocrx_word' id='word_1_227' title='bbox 206 2748 308 2825; x_wconf 89' lang='lat' dir='ltr'><strong>ipsum</strong></span> <span class='ocrx_word' id='word_1_228' title='bbox 330 2766 397 2807; x_wconf 93' lang='lat' dir='ltr'><strong>cum</strong></span> <span class='ocrx_word' id='word_1_229' title='bbox 417 2747 554 2824; x_wconf 81' lang='lat' dir='ltr'><strong>vidisset,</strong></span> <span class='ocrx_word' id='word_1_230' title='bbox 577 2748 680 2807; x_wconf 89' lang='lat' dir='ltr'><strong>relicto</strong></span> <span class='ocrx_word' id='word_1_231' title='bbox 705 2768 796 2808; x_wconf 83' lang='lat' dir='ltr'><strong>curru</strong></span> <span class='ocrx_word' id='word_1_232' title='bbox 812 2749 916 2808; x_wconf 87' lang='lat' dir='ltr'><strong>infelix</strong></span> <span class='ocrx_word' id='word_1_233' title='bbox 934 2768 998 2810; x_wconf 92' lang='lat' dir='ltr'><strong>sese</strong></span> <span class='ocrx_word' id='word_1_234' title='bbox 1017 2750 1167 2810; x_wconf 83' lang='lat' dir='ltr'><strong>convertit</strong></span> <span class='ocrx_word' id='word_1_235' title='bbox 1188 2748 1226 2809; x_wconf 78' lang='lat' dir='ltr'><strong>ao</strong></span> 
     </span>
     <span class='ocr_line' id='line_1_28' title="bbox 206 2836 1227 2916; baseline 0.002 -20"><span class='ocrx_word' id='word_1_236' title='bbox 206 2856 309 2913; x_wconf 88' lang='lat' dir='ltr'><strong>preces</strong></span> <span class='ocrx_word' id='word_1_237' title='bbox 326 2836 451 2897; x_wconf 88' lang='lat' dir='ltr'><strong>tendens</strong></span> <span class='ocrx_word' id='word_1_238' title='bbox 469 2836 618 2916; x_wconf 89' lang='lat' dir='ltr'><strong>supplices</strong></span> <span class='ocrx_word' id='word_1_239' title='bbox 632 2856 739 2898; x_wconf 90' lang='lat' dir='ltr'><strong>manus</strong></span> <span class='ocrx_word' id='word_1_240' title='bbox 758 2858 793 2898; x_wconf 91' lang='lat' dir='ltr'><strong>eo</strong></span> <span class='ocrx_word' id='word_1_241' title='bbox 811 2838 944 2913; x_wconf 87' lang='lat' dir='ltr'><strong>facilius,</strong></span> <span class='ocrx_word' id='word_1_242' title='bbox 968 2839 1041 2915; x_wconf 89' lang='lat' dir='ltr'><strong>quie</strong></span> <span class='ocrx_word' id='word_1_243' title='bbox 1058 2838 1129 2899; x_wconf 87' lang='lat' dir='ltr'><strong>illas</strong></span> <span class='ocrx_word' id='word_1_244' title='bbox 1142 2838 1227 2898; x_wconf 81' lang='lat' dir='ltr'><strong>nulls</strong></span> 
     </span>
     <span class='ocr_line' id='line_1_29' title="bbox 208 2926 1227 3005; baseline 0.003 -20"><span class='ocrx_word' id='word_1_245' title='bbox 208 2928 428 3004; x_wconf 83' lang='lat' dir='ltr'><strong>occupaverant</strong></span> <span class='ocrx_word' id='word_1_246' title='bbox 450 2944 547 2987; x_wconf 80' lang='lat' dir='ltr'><strong>erma:</strong></span> <span class='ocrx_word' id='word_1_247' title='bbox 574 2926 717 3003; x_wconf 87' lang='lat' dir='ltr'><strong>quocirca</strong></span> <span class='ocrx_word' id='word_1_248' title='bbox 743 2926 851 2987; x_wconf 90' lang='lat' dir='ltr'><strong>inermi</strong></span> <span class='ocrx_word' id='word_1_249' title='bbox 873 2928 956 3005; x_wconf 87' lang='lat' dir='ltr'><strong>parci</strong></span> <span class='ocrx_word' id='word_1_250' title='bbox 979 2928 1141 3004; x_wconf 85' lang='lat' dir='ltr'><strong>potuisset,</strong></span> <span class='ocrx_word' id='word_1_251' title='bbox 1167 2927 1227 2988; x_wconf 84' lang='lat' dir='ltr'><strong>nisi</strong></span> 
     </span>
     <span class='ocr_line' id='line_1_30' title="bbox 207 3013 1227 3094; baseline 0.003 -19"><span class='ocrx_word' id='word_1_252' title='bbox 207 3015 357 3075; x_wconf 89' lang='lat' dir='ltr'><strong>infelicem</strong></span> <span class='ocrx_word' id='word_1_253' title='bbox 379 3014 501 3094; x_wconf 78' lang='lat' dir='ltr'><strong>linguae</strong></span> <span class='ocrx_word' id='word_1_254' title='bbox 519 3016 700 3093; x_wconf 82' lang='lat' dir='ltr'><strong>protervitas</strong></span> <span class='ocrx_word' id='word_1_255' title='bbox 721 3013 893 3092; x_wconf 85' lang='lat' dir='ltr'><strong>decepisset.</strong></span> <span class='ocrx_word' id='word_1_256' title='bbox 927 3033 982 3094; x_wconf 84' lang='lat' dir='ltr'><strong>per</strong></span> <span class='ocrx_word' id='word_1_257' title='bbox 1004 3020 1043 3086; x_wconf 85' lang='lat' dir='ltr'><strong>te,</strong></span> <span class='ocrx_word' id='word_1_258' title='bbox 1063 3034 1119 3091; x_wconf 81' lang='lat' dir='ltr'><strong>per</strong></span> <span class='ocrx_word' id='word_1_259' title='bbox 1133 3018 1227 3092; x_wconf 76' lang='lat' dir='ltr'><strong>quite</strong></span> 
     </span>
     <span class='ocr_line' id='line_1_31' title="bbox 207 3105 1264 3180; baseline 0.003 -17"><span class='ocrx_word' id='word_1_260' title='bbox 207 3105 294 3164; x_wconf 82' lang='lat' dir='ltr'><strong>tatem</strong></span> <span class='ocrx_word' id='word_1_261' title='bbox 314 3121 439 3180; x_wconf 73' lang='lat' dir='ltr'><strong>oenum</strong></span> <span class='ocrx_word' id='word_1_262' title='bbox 457 3108 608 3179; x_wconf 82' lang='lat' dir='ltr'><strong>parentes,</strong></span> <span class='ocrx_word' id='word_1_263' title='bbox 631 3105 679 3164; x_wconf 86' lang='lat' dir='ltr'><strong>oo&#39;r</strong></span> <span class='ocrx_word' id='word_1_264' title='bbox 702 3105 842 3176; x_wconf 77' lang='lat' dir='ltr'><strong>Troiane,</strong></span> <span class='ocrx_word' id='word_1_265' title='bbox 866 3107 929 3166; x_wconf 79' lang='lat' dir='ltr'><strong>sine</strong></span> <span class='ocrx_word' id='word_1_266' title='bbox 951 3106 1027 3165; x_wconf 79' lang='lat' dir='ltr'><strong>bono</strong></span> <span class='ocrx_word' id='word_1_267' title='bbox 1050 3107 1184 3166; x_wconf 81' lang='lat' dir='ltr'><strong>animem</strong></span> <span class='ocrx_word' id='word_1_268' title='bbox 1202 3109 1264 3166; x_wconf 77' lang='lat' dir='ltr'><strong>eto</strong></span> 
     </span>
     <span class='ocr_line' id='line_1_32' title="bbox 206 3194 1227 3272; baseline 0.001 -20"><span class='ocrx_word' id='word_1_269' title='bbox 206 3194 343 3254; x_wconf 70' lang='lat' dir='ltr'><strong>miserem</strong></span> <span class='ocrx_word' id='word_1_270' title='bbox 359 3195 525 3269; x_wconf 52' lang='lat' dir='ltr'><strong>procoma:</strong></span> <span class='ocrx_word' id='word_1_271' title='bbox 548 3195 684 3255; x_wconf 87' lang='lat' dir='ltr'><strong>convicia</strong></span> <span class='ocrx_word' id='word_1_272' title='bbox 705 3194 867 3256; x_wconf 84' lang='lat' dir='ltr'><strong>necessitas</strong></span> <span class='ocrx_word' id='word_1_273' title='bbox 889 3197 921 3255; x_wconf 90' lang='lat' dir='ltr'><strong>in</strong></span> <span class='ocrx_word' id='word_1_274' title='bbox 940 3195 1116 3272; x_wconf 90' lang='lat' dir='ltr'><strong>obsequium</strong></span> <span class='ocrx_word' id='word_1_275' title='bbox 1135 3215 1172 3257; x_wconf 83' lang='lat' dir='ltr'><strong>ve</strong></span> <span class='ocrx_word' id='word_1_276' title='bbox 1204 3196 1227 3253; x_wconf 83' lang='lat' dir='ltr'><strong>‘t</strong></span> 
     </span>
     <span class='ocr_line' id='line_1_33' title="bbox 208 3283 1226 3363; baseline 0.002 -22"><span class='ocrx_word' id='word_1_277' title='bbox 208 3286 239 3343; x_wconf 90' lang='lat' dir='ltr'><strong>et</strong></span> <span class='ocrx_word' id='word_1_278' title='bbox 252 3283 369 3344; x_wconf 85' lang='lat' dir='ltr'><strong>laudari</strong></span> <span class='ocrx_word' id='word_1_279' title='bbox 383 3283 482 3361; x_wconf 89' lang='lat' dir='ltr'><strong>coepit</strong></span> <span class='ocrx_word' id='word_1_280' title='bbox 500 3283 585 3344; x_wconf 92' lang='lat' dir='ltr'><strong>cuius</strong></span> <span class='ocrx_word' id='word_1_281' title='bbox 606 3286 675 3344; x_wconf 84' lang='lat' dir='ltr'><strong>ente</strong></span> <span class='ocrx_word' id='word_1_282' title='bbox 689 3284 846 3363; x_wconf 89' lang='lat' dir='ltr'><strong>paululum</strong></span> <span class='ocrx_word' id='word_1_283' title='bbox 864 3284 1049 3362; x_wconf 82' lang='lat' dir='ltr'><strong>vituperatio</strong></span> <span class='ocrx_word' id='word_1_284' title='bbox 1064 3284 1226 3346; x_wconf 85' lang='lat' dir='ltr'><strong>dicebatur.</strong></span> 
     </span>
    </p>
   </div>
   <div class='ocr_carea' id='block_1_3' title="bbox 192 3452 1227 3743">
    <p class='ocr_par' dir='ltr' id='par_1_3' title="bbox 192 3452 1227 3743">
     <span class='ocr_line' id='line_1_34' title="bbox 281 3452 1225 3525; baseline 0.002 -18"><span class='ocrx_word' id='word_1_285' title='bbox 281 3459 294 3507; x_wconf 92' lang='lat'>1</span> <span class='ocrx_word' id='word_1_286' title='bbox 322 3460 521 3522; x_wconf 70' lang='lat' dir='ltr'><strong>qemun-esset</strong></span> <span class='ocrx_word' id='word_1_287' title='bbox 545 3454 589 3509; x_wconf 90' lang='lat' dir='ltr'><strong>ed.</strong></span> <span class='ocrx_word' id='word_1_288' title='bbox 621 3454 625 3525; x_wconf 75' lang='lat' dir='ltr'><strong>l</strong></span> <span class='ocrx_word' id='word_1_289' title='bbox 658 3454 812 3509; x_wconf 72' lang='lat' dir='ltr'><strong>iniuriosae</strong></span> <span class='ocrx_word' id='word_1_290' title='bbox 831 3452 865 3508; x_wconf 86' lang='lat' dir='ltr'><strong>V.</strong></span> <span class='ocrx_word' id='word_1_291' title='bbox 938 3453 1161 3524; x_wconf 69' lang='lat' dir='ltr'><strong>repervasor</strong></span> <span class='ocrx_word' id='word_1_292' title='bbox 1182 3454 1225 3511; x_wconf 82' lang='lat' dir='ltr'><strong>ed.</strong></span> 
     </span>
     <span class='ocr_line' id='line_1_35' title="bbox 209 3523 1225 3595; baseline 0.004 -17"><span class='ocrx_word' id='word_1_293' title='bbox 209 3530 225 3578; x_wconf 83' lang='lat'><strong>5</strong></span> <span class='ocrx_word' id='word_1_294' title='bbox 244 3541 358 3594; x_wconf 79' lang='lat' dir='ltr'><strong>quorum</strong></span> <span class='ocrx_word' id='word_1_295' title='bbox 376 3542 427 3594; x_wconf 90' lang='lat' dir='ltr'><strong>pro</strong></span> <span class='ocrx_word' id='word_1_296' title='bbox 446 3542 575 3595; x_wconf 76' lang='lat' dir='ltr'><strong>equonom</strong></span> <span class='ocrx_word' id='word_1_297' title='bbox 589 3523 622 3580; x_wconf 86' lang='lat' dir='ltr'><strong>V.</strong></span> <span class='ocrx_word' id='word_1_298' title='bbox 681 3531 713 3579; x_wconf 91' lang='lat'><strong>11</strong></span> <span class='ocrx_word' id='word_1_299' title='bbox 733 3526 829 3595; x_wconf 78' lang='lat' dir='ltr'><strong>aliqua</strong></span> <span class='ocrx_word' id='word_1_300' title='bbox 841 3526 941 3593; x_wconf 76' lang='lat' dir='ltr'><strong>fefellit</strong></span> <span class='ocrx_word' id='word_1_301' title='bbox 953 3528 1049 3595; x_wconf 81' lang='lat' dir='ltr'><strong>aliquo</strong></span> <span class='ocrx_word' id='word_1_302' title='bbox 1063 3524 1089 3580; x_wconf 87' lang='lat' dir='ltr'><strong>V</strong></span> <span class='ocrx_word' id='word_1_303' title='bbox 1107 3526 1225 3582; x_wconf 83' lang='lat' dir='ltr'><strong>alterum</strong></span> 
     </span>
     <span class='ocr_line' id='line_1_36' title="bbox 201 3595 1227 3668; baseline 0.003 -17"><span class='ocrx_word' id='word_1_304' title='bbox 201 3597 302 3668; x_wconf 56' lang='grc' dir='ltr'><strong>αἶψα</strong></span> <span class='ocrx_word' id='word_1_305' title='bbox 321 3595 413 3655; x_wconf 80' lang='lat' dir='ltr'><strong>delevi</strong></span> <span class='ocrx_word' id='word_1_306' title='bbox 432 3614 496 3653; x_wconf 87' lang='lat' dir='ltr'><strong>cunr</strong></span> <span class='ocrx_word' id='word_1_307' title='bbox 515 3597 558 3652; x_wconf 87' lang='lat' dir='ltr'><strong>ed.</strong></span> <span class='ocrx_word' id='word_1_308' title='bbox 615 3600 648 3651; x_wconf 76' lang='lat'><strong>13</strong></span> <span class='ocrx_word' id='word_1_309' title='bbox 666 3597 788 3652; x_wconf 63' lang='lat' dir='ltr'><strong>induem</strong></span> <span class='ocrx_word' id='word_1_310' title='bbox 801 3595 834 3650; x_wconf 87' lang='lat' dir='ltr'><strong>V.</strong></span> <span class='ocrx_word' id='word_1_311' title='bbox 890 3603 924 3651; x_wconf 80' lang='lat'><strong>14</strong></span> <span class='ocrx_word' id='word_1_312' title='bbox 942 3596 1060 3654; x_wconf 80' lang='lat' dir='ltr'><strong>muroV</strong></span> <span class='ocrx_word' id='word_1_313' title='bbox 1078 3614 1163 3654; x_wconf 76' lang='lat' dir='ltr'><strong>uersu</strong></span> <span class='ocrx_word' id='word_1_314' title='bbox 1176 3614 1227 3654; x_wconf 87' lang='lat' dir='ltr'><strong>noe</strong></span> 
     </span>
     <span class='ocr_line' id='line_1_37' title="bbox 192 3667 1226 3743; baseline 0.002 -19"><span class='ocrx_word' id='word_1_315' title='bbox 192 3670 263 3743; x_wconf 70' lang='lat' dir='ltr'><strong>stopo</strong></span> <span class='ocrx_word' id='word_1_316' title='bbox 281 3670 327 3730; x_wconf 89' lang='lat' dir='ltr'><strong>ed.</strong></span> <span class='ocrx_word' id='word_1_317' title='bbox 405 3678 441 3729; x_wconf 79' lang='lat'><strong>17</strong></span> <span class='ocrx_word' id='word_1_318' title='bbox 460 3667 594 3733; x_wconf 67' lang='lat' dir='ltr'><strong>tactust</strong></span> <span class='ocrx_word' id='word_1_319' title='bbox 615 3673 707 3728; x_wconf 80' lang='lat' dir='ltr'><strong>aestus</strong></span> <span class='ocrx_word' id='word_1_320' title='bbox 725 3667 770 3725; x_wconf 76' lang='lat' dir='ltr'><strong>eb.</strong></span> <span class='ocrx_word' id='word_1_321' title='bbox 840 3673 875 3722; x_wconf 76' lang='lat' dir='ltr'><strong>ti</strong></span> <span class='ocrx_word' id='word_1_322' title='bbox 892 3670 925 3724; x_wconf 75' lang='lat' dir='ltr'><strong>ta</strong></span> <span class='ocrx_word' id='word_1_323' title='bbox 942 3668 1047 3723; x_wconf 55' lang='lat' dir='ltr'><strong>cml.</strong></span> <span class='ocrx_word' id='word_1_324' title='bbox 1113 3674 1147 3724; x_wconf 75' lang='lat' dir='ltr'><strong>tt</strong></span> <span class='ocrx_word' id='word_1_325' title='bbox 1166 3670 1226 3726; x_wconf 69' lang='lat' dir='ltr'><strong>tore</strong></span> 
     </span>
    </p>
   </div>
   <div class='ocr_carea' id='block_1_4' title="bbox 181 3741 754 3821">
    <p class='ocr_par' dir='ltr' id='par_1_4' title="bbox 181 3741 754 3821">
     <span class='ocr_line' id='line_1_38' title="bbox 181 3741 754 3821; baseline -0.007 -18"><span class='ocrx_word' id='word_1_326' title='bbox 181 3742 298 3803; x_wconf 76' lang='lat' dir='ltr'><strong>dari·</strong></span> <span class='ocrx_word' id='word_1_327' title='bbox 305 3749 469 3821; x_wconf 80' lang='lat' dir='ltr'><strong>paululum</strong></span> <span class='ocrx_word' id='word_1_328' title='bbox 487 3751 602 3809; x_wconf 84' lang='lat' dir='ltr'><strong>temere</strong></span> <span class='ocrx_word' id='word_1_329' title='bbox 620 3746 695 3803; x_wconf 86' lang='lat' dir='ltr'><strong>mut.</strong></span> <span class='ocrx_word' id='word_1_330' title='bbox 709 3741 754 3799; x_wconf 80' lang='lat' dir='ltr'><strong>eb.</strong></span> 
     </span>
    </p>
   </div>
   <div class='ocr_carea' id='block_1_5' title="bbox 0 0 1370 4150">
    <p class='ocr_par' dir='ltr' id='par_1_5' title="bbox 0 0 1370 4150">
     <span class='ocr_line' id='line_1_39' title="bbox 0 0 1370 4150; baseline 0 0"><span class='ocrx_word' id='word_1_331' title='bbox 0 0 1370 4150; x_wconf 95' lang='lat' dir='ltr'><strong> </strong></span> 
     </span>
    </p>
   </div>
  </div>
 </body>
</html>
