2725 4150
182 346 248 412 492
465 341 607 400 DONA'I'I
624 342 795 399 INTERPB.
809 342 919 399 VERG.

182 512 281 589 eoepit
297 511 327 572 ei
344 510 577 589 dispositionum
594 501 719 573 suarim
735 514 850 573 secreta
868 512 1062 572 committere.
1094 511 1209 572 relatio

180 604 283 662 tamen
295 602 364 678 ipsa
377 621 438 662 non
450 601 591 662 fabulosa
607 602 677 677 tuit,
695 602 747 664 sed
764 603 894 679 tempori
906 599 1087 662 necessaria:
1105 600 1208 678 loqui·

180 693 245 766 tur,
262 691 376 768 inquit,
394 691 477 750 fama
493 691 583 751 fidem
600 711 710 751 rerum.
741 710 789 752 res
807 709 887 752 nova
904 692 978 751 suite
998 691 1081 750 fama
1098 690 1208 767 loque·

180 783 264 840 retur
277 780 442 856 aliquando
457 780 538 857 quod
551 780 632 840 eradi
651 780 815 842 debuisset!
840 781 913 841 dioit
927 780 988 839 iam
1004 778 1083 839 unde
1101 781 1209 855 potuit

179 867 246 930 fieri
267 872 303 929 ut
324 870 408 930 fama
428 867 484 929 illa
506 868 638 930 veridica
659 868 853 946 probaretur:
879 869 1023 946 missique
1045 872 1209 946 reportant
1239 887 1251 929 e

180 958 392 1036 exploratores.
438 958 520 1035 quod
541 956 619 1018 dixit
639 959 736 1035 fama,
762 960 819 1019 hoo
846 958 1004 1034 adserunt,
1029 957 1146 1035 inquit,
1174 961 1208 1019 et

181 1049 234 1124 qui
256 1049 446 1124 exploratum
473 1045 663 1123 missisunt,
690 1047 873 1124 perindeque
900 1067 960 1108 non
988 1047 1135 1107 oreditum
1158 1050 1208 1108 eet

179 1138 291 1196 temere
305 1137 386 1214 quod
399 1137 482 1197 fame
495 1136 630 1213 pertulit,
644 1138 718 1214 quia
736 1136 969 1198 confirmabatur
978 1135 1206 1197 adseveratione

180 1225 345 1286 multorum
363 1228 395 1285 et
412 1245 516 1286 eorum
535 1245 665 1302 quorum
683 1226 818 1286 officium
835 1229 883 1286 est
894 1228 972 1286 nihil
989 1225 1129 1285 nuntiam
1143 1226 1207 1287 nisi

180 1314 262 1390 quod
284 1315 325 1375 sit
346 1315 437 1392 plena
458 1316 586 1376 veritate
610 1316 776 1375 suffultum.
816 1335 887 1376 nam
906 1316 977 1376 inde
995 1315 1052 1375 hoo
1070 1317 1207 1375 tractum
1225 1332 1251 1373 re

181 1406 227 1464 est
253 1405 476 1482 exploratorum
504 1424 627 1480 nomen,
657 1406 730 1481 quia
757 1405 912 1481 explorata
936 1406 1038 1465 ferunt
1070 1404 1128 1465 hoo
1158 1409 1207 1465 est

180 1497 323 1571 conperta
341 1497 432 1571 atque
446 1493 588 1555 disoussa
619 1494 710 1554 fidem
726 1494 772 1554 bis
788 1494 929 1555 debemus
947 1494 1095 1571 eooiperez
1111 1492 1206 1553 fidem

180 1584 285 1644 attulit
306 1584 401 1659 fama,
423 1583 513 1643 fidem
535 1584 705 1643 attulerunt
727 1584 938 1661 exploratores.
975 1584 1103 1658 equtrure
1126 1583 1206 1643 uera

179 1674 321 1747 inprobus
337 1690 424 1732 ormo
437 1673 602 1746 praemisit,
616 1677 768 1745 quaterent
785 1688 917 1747 compos:
939 1672 1100 1750 inprobum
1117 1671 1218 1748 dixit,

179 1782 217 1821 ne
238 1760 395 1823 inimicum
417 1780 506 1821 suum
529 1762 592 1822 sine
614 1762 796 1822 laceratione
813 1763 969 1836 transiret,
992 1762 1041 1822 vel
1062 1761 1133 1821 indo
1156 1762 1204 1821 in·
1224 1777 1250 1819 u

179 1851 319 1929 probum,
350 1852 422 1928 quia
448 1850 562 1911 bellum
588 1851 672 1927 prior
700 1850 862 1928 repetebat
908 1851 989 1911 levia
1018 1868 1116 1926 arma,
1145 1851 1206 1911 hoo

158 1937 226 2001 'est
248 1940 401 2017 expeditos
419 1942 550 2017 equites,
573 1940 729 2018 praemisit
751 1940 790 1999 ad
807 1941 865 2000 hoo
887 1942 997 2016 solum,
1019 1942 1057 1999 ut
1080 1940 1204 2017 ungulis

178 2029 335 2090 verberent
357 2048 478 2107 campos
501 2030 712 2091 ostentationis
735 2048 827 2090 eausa
850 2032 881 2089 et
902 2032 1026 2108 propter
1042 2028 1203 2108 tegendam

179 2119 329 2195 taudem,
352 2139 412 2179 non
434 2122 537 2180 tamen
554 2122 591 2178 ut
609 2122 759 2180 certamen
778 2119 953 2197 inoiporent
990 2118 1114 2197 proinde
1131 2119 1201 2177 nnl-

178 2208 243 2268 lum
265 2209 423 2270 adserebat
445 2227 508 2270 esse
525 2211 684 2284 terrorem,
708 2209 829 2286 quando
847 2209 899 2268 ille
922 2211 1068 2269 exereitus
1087 2208 1127 2268 ad
1143 2209 1203 2269 hoo
1222 2226 1251 2268 so

178 2301 310 2376 venerat,
328 2301 363 2358 ut
380 2299 538 2376 proludere
554 2298 761 2376 potiusquam
780 2299 819 2357 ad
837 2301 988 2358 certamen
1006 2296 1203 2358 exeroendum

177 2390 293 2449 venisse
303 2388 464 2450 videretur.
476 2390 540 2461 lpse
553 2387 652 2448 arduo
664 2389 772 2447 moretis
781 2388 961 2462 perdeserta
973 2389 1041 2464 iuqo
1054 2401 1203 2462 setpuons

179 2479 318 2538 odoeutot
335 2476 376 2537 ud
396 2479 513 2537 urbem:
539 2478 604 2553 ipse
626 2496 679 2553 per
701 2479 813 2538 montis
838 2478 957 2537 deserta
978 2479 1010 2536 et
1032 2477 1128 2536 ardua
1149 2494 1201 2536 su-

178 2586 299 2643 perans,
326 2568 383 2626 hoo
406 2568 452 2626 est
474 2566 512 2626 ad
535 2567 635 2642 ipsum
658 2585 801 2627 oaoumen
824 2566 1000 2642 ascendens,
1026 2569 1200 2626 transoenso

178 2657 289 2716 montis
311 2655 383 2733 iugo
406 2655 445 2716 ad
463 2654 569 2714 urbem
586 2655 687 2715 venire
706 2655 863 2733 disposuit
897 2657 1036 2732 conpleta
1052 2652 1201 2715 relatione
1221 2671 1249 2713 aa

178 2744 410 2821 dispositionum
438 2743 534 2821 partis
564 2743 713 2820 diversae,
745 2747 777 2804 in
810 2765 871 2821 qua
903 2745 1035 2806 ostendit
1065 2744 1202 2805 laborem

179 2832 323 2893 Camillae
340 2852 401 2893 non
418 2835 483 2894 fore
501 2833 597 2910 oneri,
616 2852 704 2894 suum
721 2854 806 2910 vero,
824 2834 878 2894 ubi
894 2834 959 2912 ipse
978 2834 1094 2895 Aeneas
1113 2837 1201 2910 esset,

177 2923 315 2982 fleturum
328 2941 392 2983 osse
404 2925 557 2999 maiorem,
572 2923 766 2984 consiliorum
778 2926 969 3000 propriorum
982 2924 1090 3000 incipit
1102 2925 1200 3001 partis

116 3013 300 3072 t1tintrare.
344 3015 441 3086 furto,
466 3011 580 3090 inquit,
603 3030 681 3088 poro
706 3013 787 3073 belli:
815 3014 930 3073 furtum
956 3012 1029 3072 belli
1056 3014 1102 3072 est
1131 3031 1201 3072 oum

177 3121 238 3163 non
261 3105 365 3179 aperto
393 3103 566 3178 certamine,
596 3102 648 3162 sed
676 3102 753 3162 dolis
780 3104 811 3162 et
837 3102 944 3162 fraude
972 3101 1012 3161 ad
1040 3101 1201 3162 victoriam
1220 3119 1248 3159 eo

177 3191 320 3252 tenditur.
357 3191 463 3251 deeeuo
481 3192 514 3251 iu
531 3193 647 3251 tremite
664 3192 758 3251 siloae
774 3195 808 3250 ut
823 3192 919 3251 biuios
932 3194 1047 3251 armato
1065 3191 1200 3251 obsidem

176 3282 267 3341 milite
288 3284 405 3355 fauces:
431 3283 488 3342 hoo
511 3283 577 3340 erat
598 3281 715 3340 furtum
736 3280 822 3356 belli,
847 3283 897 3341 oui
923 3283 1034 3341 natura
1056 3279 1115 3339 looi
1138 3280 1199 3340 suf·

249 3458 266 3506 3
288 3453 345 3519 fuit
364 3452 391 3506 V
412 3453 433 3519 f.
454 3458 487 3507 ut
508 3451 552 3505 ed.
632 3457 648 3506 5
673 3452 707 3518 fo
723 3453 776 3506 ello
795 3450 829 3505 V.
909 3455 925 3504 8
950 3452 1130 3520 confirmatur
1155 3451 1199 3505 ed.

179 3529 213 3579 10
226 3525 318 3593 pluteo
331 3522 357 3577 V
371 3525 457 3592 pterea
475 3539 544 3577 corr.
564 3521 608 3579 ed.
672 3528 707 3576 15
724 3524 857 3578 transiret
869 3520 895 3575 V
909 3523 1137 3592 praetermitteret
1154 3523 1199 3577 ed.

179 3600 212 3649 1⁷
237 3593 397 3665 uuqute'sV
421 3596 522 3649 ioeutie
546 3594 590 3648 ed.
673 3598 707 3648 18
731 3595 870 3650 verterent
888 3593 915 3647 V
935 3593 979 3648 ed.
1007 3594 1200 3649 verberarent?

175 3673 209 3721 21
222 3667 376 3737 proludere
389 3664 415 3719 V
428 3666 467 3720 od
479 3665 702 3735 praeludendum
715 3665 759 3720 ed.
814 3669 848 3718 23
868 3670 893 3719 et
911 3681 965 3719 om.
980 3664 1051 3720 eds.
1102 3670 1138 3719 26
1156 3665 1201 3720 lo-

161 3738 231 3795 bore
247 3737 274 3794 V
291 3756 362 3797 corr.
384 3737 429 3796 ed.
504 3742 539 3795 31
558 3737 658 3796 deeeeu
669 3736 696 3792 V
710 3736 756 3792 ed.
772 3752 891 3792 emoeao
908 3735 976 3790 libri
989 3734 1073 3806 Verg.
1092 3751 1200 3792 omnes.
