2725 4150
179 335 223 400 42
463 331 605 387 DONATI
622 330 792 386 INTERPR.
807 329 916 386 VnRo.

178 500 334 576 praedicta
362 519 453 578 super
481 501 561 561 votis
592 500 674 559 filiae
704 517 766 560 esse
797 500 944 576 conpleta.
970 495 1072 576 ¹[dit]
1100 504 1205 560 nostra

117 591 294 664 atotnoepto
325 591 483 650 secundent
514 591 728 665 nummumque
761 607 863 648 emon:
909 589 989 668 quod
1022 608 1205 668 magnopere

180 677 383 740 desideramus
411 679 521 756 inpleri
549 676 790 739 commendamus
818 678 890 754 diis,
912 680 945 737 in
969 698 1097 756 quorum
1119 682 1204 756 pote·

179 770 258 828 state
289 771 361 829 sunt
389 787 466 846 quae
494 769 574 828 inter
599 767 735 827 homines
763 771 907 846 aguntur,
933 768 1001 827 ideo
1024 769 1068 829 sio
1091 768 1204 845 eoepit:

180 857 223 916 dii
245 861 366 918 tantum
388 859 501 933 ooeptis
524 858 635 918 nostrie
658 858 795 932 faveant,
817 858 874 916 hoo
897 859 942 917 est
963 857 1010 918 his
1035 876 1112 934 quae
1134 875 1205 916 oon·
1236 870 1248 912 o

179 949 315 1008 tinentur
340 947 519 1007 traotatibus
544 947 663 1006 nostris.
709 947 766 1006 hoo
789 949 908 1023 optasse
930 948 1031 1022 potest
1052 948 1205 1024 pertinere

181 1038 220 1097 ad
246 1038 369 1114 nuptias
395 1037 488 1112 filiae,
516 1055 607 1113 super
633 1035 742 1113 quibus
765 1037 876 1096 taeitus
899 1036 1007 1095 habuit
1028 1039 1204 1111 tractatum,

179 1127 305 1203 ideoque
334 1144 395 1185 non
425 1124 512 1185 debet
541 1125 644 1185 oeterIs
676 1144 739 1185 esse
762 1125 966 1199 oouiunotum,
989 1127 1025 1184 ut
1047 1125 1136 1201 quusi
1157 1145 1204 1184 re·

180 1215 349 1291 sponsionis
378 1215 417 1274 ad
438 1215 587 1274 Ilioneum
612 1214 683 1274 iude
711 1217 847 1274 sumatur
870 1215 1004 1290 initium;
1027 1215 1135 1274 melius
1158 1215 1206 1274 est

180 1305 260 1362 enim
281 1305 318 1362 ut
340 1303 398 1363 sibi
420 1303 452 1362 id
475 1304 585 1363 dixisse
602 1303 751 1379 videatur,
769 1305 841 1362 tune
860 1303 979 1362 demum
998 1302 1036 1360 ad
1055 1303 1206 1363 Ilioneum
1224 1318 1250 1358 ro

179 1393 280 1470 ipsum
302 1392 416 1452 olaram
437 1392 550 1471 dirigat
567 1412 671 1454 vooem
689 1393 790 1451 dieens
817 1393 944 1461 dabitur,
965 1392 1107 1462 Trolone,
1128 1393 1207 1465 qood

180 1486 278 1556 optas:
302 1481 494 1560 responsione
512 1481 631 1542 modioa
648 1484 749 1542 totum
767 1481 927 1557 eonplexus
947 1483 1005 1555 est,
1023 1481 1207 1561 largiturum

181 1591 211 1631 se
241 1571 323 1648 quod
352 1572 452 1630 fuerat
480 1571 676 1647 postulatum.
727 1571 891 1629 Troianum
923 1570 1102 1646 appellavit,
1133 1572 1207 1647 quia
1284 1588 1287 1593 ·

179 1680 287 1720 nomen
306 1661 404 1739 gentis
422 1661 521 1721 solum
538 1660 673 1734 noverat,
687 1659 836 1718 Ilioneum
854 1660 954 1718 autem
968 1659 1029 1718 dioi
1044 1660 1205 1721 nesciebat.

179 1769 305 1810 munero
331 1767 384 1809 neo
410 1767 530 1823 sperno:
565 1750 622 1808 hoe
651 1749 717 1808 loco
746 1749 854 1808 melius
883 1749 1030 1825 probatur
1055 1748 1206 1809 Ilioneum
1225 1762 1251 1806 ro

180 1859 241 1899 non
267 1858 322 1915 pro
349 1840 456 1898 merito
479 1839 598 1899 Aeneae
625 1856 723 1912 neque
746 1857 801 1913 pro
824 1838 930 1897 merito
954 1837 1058 1897 Lutini
1079 1858 1207 1899 munera

180 1928 338 2004 obtulisse,
365 1947 434 1987 oum
460 1929 560 2005 ipsum
583 1927 727 1986 Latinum
753 1927 877 1986 inducat
905 1925 1053 1987 dieentem
1079 1947 1207 1988 munera

180 2035 235 2077 neo
262 2035 378 2095 sperno.
423 2017 543 2078 videtur
569 2018 649 2077 enim
676 2016 786 2077 dixisse
815 2035 869 2077 nee
895 2016 1020 2094 speretis
1048 2017 1130 2094 apud
1155 2037 1206 2079 me

180 2126 235 2185 pro
267 2109 375 2167 merito
405 2110 575 2168 vestrorum
605 2127 765 2165 munerum
795 2111 929 2167 vestrum
957 2108 1099 2166 meritum
1130 2109 1205 2185 fore,

181 2215 257 2273 quae
287 2197 398 2257 ideireo
429 2199 543 2274 aceepi,
573 2217 610 2255 ne
641 2196 830 2256 arbitremini
857 2198 890 2255 iu
917 2215 1021 2255 eorum
1042 2198 1204 2257 reiectione
1225 2213 1252 2253 so

181 2286 345 2345 amicitiam
377 2305 496 2363 quoque
527 2287 621 2346 vestri
652 2286 782 2345 nominis
816 2304 879 2345 esse
912 2286 1092 2362 despectam.
1147 2287 1205 2347 hoo

182 2376 234 2451 qui
256 2377 364 2435 melius
388 2377 473 2453 eupit
496 2376 651 2435 advertere
674 2374 713 2433 ad
737 2375 921 2434 oblationem
942 2376 1078 2452 ipsorum
1098 2396 1204 2435 mune·

180 2486 248 2524 rum
269 2464 373 2525 redeat
395 2468 426 2525 et
446 2465 580 2525 inveniet
601 2464 749 2523 Ilioneum
772 2465 804 2523 in
826 2464 1028 2542 legationibus
1049 2465 1205 2540 perficien-

182 2556 227 2614 dis
250 2554 496 2632 probatissimum
519 2554 641 2613 dixisse:
661 2573 739 2630 quae
758 2554 849 2613 offero
868 2572 962 2629 parva
980 2554 1115 2629 fuerunt,
1135 2574 1204 2614 oum

180 2644 212 2701 in
244 2662 299 2703 suo
331 2646 414 2704 statu
445 2644 569 2702 fortuna
600 2644 732 2702 Troiana
767 2642 954 2718 consisteret3
990 2663 1094 2703 verum
1131 2644 1204 2719 quia
1224 2659 1251 2699 as

180 2733 299 2807 potiora
321 2733 484 2809 perierunt,
508 2751 599 2805 sume,
622 2734 733 2808 inquit,
756 2752 816 2792 non
840 2732 921 2808 quod
944 2750 975 2790 es
997 2732 1132 2807 meritus,
1151 2734 1205 2792 sed

182 2821 264 2896 quod
292 2823 396 2897 potuit
423 2822 547 2881 liberari
574 2822 610 2880 de
640 2822 776 2881 flammis.
822 2821 950 2897 interea,
974 2822 1047 2897 quia
1070 2821 1204 2881 Ilioneus

180 2912 293 2985 perisse
321 2929 440 2969 omnem
462 2911 664 2971 substantiam
687 2912 885 2970 Troianorum
908 2911 1025 2970 dixerat
1048 2914 1077 2969 et
1100 2931 1203 2970 mune·

181 3020 249 3058 rum
282 3000 414 3077 qualitas
448 3002 604 3079 augustias
636 2999 803 3075 indicabat,
839 3000 882 3059 ait
913 2998 1041 3060 Latinus
1078 3019 1205 3060 munera

183 3092 283 3149 vestra
312 3108 372 3148 non
401 3091 502 3149 reicio.
557 3094 687 3150 oeterum
709 3089 736 3149 si
759 3093 859 3168 egeret
882 3090 995 3165 alieno,
1018 3089 1144 3164 dieeret,
1167 3093 1205 3150 ut
1223 3106 1252 3145 so

182 3180 214 3237 in
237 3199 296 3238 usu
319 3182 365 3239 est
386 3179 556 3254 hominum,
578 3178 652 3237 bene
679 3199 727 3238 me
755 3179 921 3255 aooepistis.
963 3179 1079 3237 addidit
1101 3183 1204 3238 tamen

182 3269 247 3344 ipse
283 3268 476 3329 liberalitatis
512 3268 647 3328 infinitae
684 3269 879 3344 promissum3
922 3268 1052 3344 optimus
1091 3268 1205 3345 quippe

256 3516 269 3562 1
292 3517 406 3565 nostro
424 3510 465 3564 sie
483 3509 509 3564 V
527 3510 569 3564 dii
587 3515 683 3563 uestra
701 3508 738 3561 ad
759 3515 800 3577 11,
815 3514 865 3563 301
886 3507 919 3561 V.
988 3514 1003 3562 6
1023 3515 1129 3577 optasse
1147 3525 1202 3565 om.

171 3580 216 3630 ed.
294 3586 333 3633 10
356 3583 414 3637 sebi
438 3599 492 3637 om.
512 3581 555 3636 ed.
630 3586 662 3633 11
687 3581 785 3648 diripit
809 3580 852 3633 ed.
931 3581 1158 3649 reportaturum
1176 3580 1204 3635 V

157 3652 226 3699 -tue
247 3651 291 3702 ed.
372 3658 410 3707 14
429 3662 525 3711 autem
549 3671 604 3710 om.
625 3652 670 3710 ed.
744 3655 778 3705 it
796 3658 915 3707 emirum
936 3653 1062 3705 moritum
1084 3668 1139 3704 om.
1158 3652 1204 3707 ed.

142 3716 332 3778 21fuemnt
352 3723 379 3776 V
394 3734 467 3783 sunt
486 3729 533 3785 ed.
