2725 4150
208 343 274 409 526
491 342 632 398 DONATI
649 342 819 397 INTERPR.
834 342 942 398 VERG.

208 527 331 584 aequore
359 512 494 571 Tarchon
524 530 610 572 orme
638 513 791 586 uirumque
822 513 934 586 fucus:
962 514 1063 572 totum
1092 512 1234 572 mirabile

207 599 279 676 fuit,
303 601 418 661 scilicet
436 600 517 678 quod
539 604 682 678 rapuerat
704 603 817 677 uirum,
840 601 920 678 quod
938 621 992 677 per
1009 620 1136 680 campos
1160 603 1232 664 voli·

207 692 276 750 tans
303 690 427 768 regebat
454 690 645 767 quadrupede
673 709 807 766 cursum,
836 691 918 767 quod
943 690 1065 750 tenebat
1092 711 1181 751 arma
1203 695 1232 752 et

207 798 308 839 secum
325 779 453 839 vehebat
475 783 634 840 armatum.
670 784 732 838 tum
754 798 872 839 summu
893 781 989 853 ipsius
1010 781 1047 840 ab
1070 781 1163 841 hosio
1185 782 1231 841 dc·

205 869 311 944 friupit
331 870 446 942 ferrum
469 872 495 928 ei
514 871 612 943 partis
634 870 763 929 rimatur
781 873 911 943 opertos,
936 887 995 942 quo
1017 869 1131 929 ouluus
1149 871 1231 930 lucie
1254 887 1263 928 r

205 961 297 1031 ferat:
319 958 453 1018 cumulat
475 958 521 1018 his
545 959 714 1036 augmentis
733 958 897 1018 Tarchonis
919 958 1041 1018 laudem
1060 958 1230 1020 describens

206 1050 356 1107 certamen
388 1065 506 1125 quoque
537 1048 613 1123 eius,
646 1047 726 1123 quod
757 1049 837 1106 inter
865 1050 913 1107 tot
943 1048 1141 1110 difficultates
1171 1067 1229 1108 non

205 1135 364 1196 dubitabat
382 1156 529 1213 exercere3
547 1139 679 1214 primum
698 1138 810 1214 quippe
823 1136 937 1213 proelio
956 1140 1096 1198 strenuus
1116 1141 1150 1199 et
1163 1157 1228 1198 con·

204 1225 273 1284 silio
291 1225 387 1286 bonus
404 1228 547 1286 renitenti
565 1227 689 1287 sustulit
707 1228 818 1286 ferrum
836 1225 1006 1305 defringens
1025 1245 1092 1285 eam
1112 1230 1229 1305 partem

203 1315 309 1374 hastae
327 1335 389 1392 qua
406 1316 564 1376 tenebatur
585 1316 723 1391 infixum,
745 1336 783 1374 nc
806 1334 889 1392 spem
913 1318 1006 1375 etiam
1026 1318 1091 1392 ipse
1111 1319 1261 1396 gereretur

203 1404 235 1462 in
252 1406 451 1464 reluctatione
469 1406 609 1481 fouendi,
628 1405 735 1464 dehinc
752 1407 858 1464 rimari
876 1405 975 1482 coepit
991 1406 1047 1466 hoc
1066 1408 1114 1466 est
1133 1409 1227 1468 atten-

203 1493 263 1553 tius
288 1513 429 1571 quaerere
457 1514 524 1554 eam
554 1496 686 1572 corporis
709 1497 827 1571 partem
852 1513 913 1570 qua
934 1514 995 1554 non
1018 1494 1156 1555 laederet
1176 1497 1225 1555 ho·

142 1593 194 1643 ⁷50
202 1584 314 1642 minem
336 1585 472 1660 vulnere,
495 1584 547 1644 sed
568 1587 697 1644 necaret.
732 1588 833 1643 coutro
849 1585 899 1642 ille
915 1602 1087 1659 repupucus
1105 1586 1228 1645 sustinet

203 1691 224 1732 o
242 1673 340 1747 iupuio
359 1674 491 1733 deutrum
510 1679 537 1733 et
557 1675 618 1732 cim
638 1675 752 1732 uiribus
770 1675 841 1732 ccii:
864 1692 917 1732 nec
930 1673 1048 1733 Venulo
1068 1674 1226 1734 consilium

204 1761 313 1838 detuit3
335 1763 503 1822 sustinebat
526 1764 605 1822 enim
629 1782 753 1823 occursu
772 1762 938 1822 necessario
961 1763 1160 1824 inminentem
1181 1763 1260 1822 iu-rs

202 1852 273 1930 gulo
296 1853 436 1911 hostilem
459 1852 602 1911 dextram.
635 1852 772 1911 Tarchon
791 1852 954 1927 quaerebat
976 1852 1144 1912 instantius
1167 1872 1226 1931 qua

201 1942 282 2001 hosti
304 1942 365 2001 tale
393 1943 502 2002 vulnus
530 1941 668 2017 inferret,
697 1942 833 2000 Venulus
862 1944 967 2001 contra
994 1959 1061 2000 eam
1082 1942 1226 2002 tuebatur

202 2032 334 2106 corporis
362 2034 479 2108 partam
502 2050 563 2108 qua
585 2034 687 2108 posset
710 2031 812 2091 occidi.
847 2032 963 2091 interea
986 2031 1058 2090 dum
1082 2033 1226 2093 contrarii

201 2121 356 2196 nituntur,
384 2122 416 2181 ri
439 2121 546 2181 effudit
566 2121 702 2181 Venulus
726 2120 807 2197 quod
833 2121 993 2181 advexerat
1015 2121 1142 2181 inimica
1164 2122 1225 2183 vio·

201 2209 303 2270 lentia.
336 2213 367 2270 et
384 2210 441 2270 hoc
453 2210 660 2286 memorabile;
678 2229 749 2269 nam
766 2212 886 2268 tantum
904 2210 964 2269 fuit
982 2212 1114 2271 evasisse
1130 2228 1224 2288 quan-
1239 2226 1261 2267 u

201 2302 268 2358 tum
285 2301 390 2359 iecisse
408 2299 580 2377 gloriosum.
612 2304 700 2374 utque
716 2299 821 2357 colons
842 2299 899 2359 ulte
916 2303 1036 2373 raptui
1054 2318 1122 2359 curu
1140 2302 1225 2375 fuleo

201 2389 357 2449 draconem
369 2390 427 2463 fert
441 2389 542 2463 aquilo
554 2390 744 2462 implicuitque
752 2389 844 2461 pedes
862 2392 946 2462 utque
958 2389 1108 2462 rupuihus
1122 2390 1224 2459 haesit,

200 2481 322 2538 saucius
340 2482 372 2538 at
388 2480 644 2551 supersticiose
661 2479 811 2537 columina
827 2482 925 2537 ousot
939 2480 1116 2552 arrectisque
1129 2480 1225 2539 horret

141 2570 333 2640 tesserariis
356 2571 383 2627 et
403 2568 502 2626 sibilet
528 2585 577 2627 ore
603 2566 736 2643 [arduus
758 2569 930 2642 iusurpeus;
958 2567 1007 2625 ille
1029 2568 1102 2626 licui
1124 2570 1224 2627 miuus

200 2662 283 2731 urpet
305 2658 414 2717 cauco
433 2657 589 2716 iuuenum
605 2661 712 2726 rostro,
736 2658 825 2715 simul
847 2657 965 2717 aethera
987 2658 1122 2716 verberat
1139 2656 1261 2733 olislsu

201 2748 326 2822 pulchra
342 2746 477 2807 inventio
496 2745 534 2805 ad
553 2749 694 2805 ornatum
706 2746 868 2822 parabolae
886 2748 975 2806 istius
996 2745 1138 2822 adposita
1156 2748 1223 2807 dra·

200 2836 283 2896 conis
301 2838 332 2895 et
350 2836 468 2912 aquilae
492 2828 577 2913 (sunt
595 2837 675 2894 enim
693 2836 726 2894 in
744 2854 798 2895 suo
817 2855 923 2913 genere
941 2828 1132 2916 fortissima),
1151 2838 1224 2914 quia

200 2945 255 2984 nec
276 2929 397 3002 raperet
418 2925 570 2999 Tarchon,
593 2924 652 2985 nisi
675 2925 747 3001 quia
770 2924 950 2985 fortissimus
973 2924 1046 2999 fuit,
1076 2944 1132 2986 nec
1155 2945 1223 2987 eva-

201 3014 284 3074 deret
301 3015 450 3089 Venulus‚
472 3014 532 3074 nisi
550 3014 622 3090 quia
642 3013 768 3073 inferior
787 3033 847 3073 non
865 3015 933 3074 fuit.
966 3014 1128 3090 descriptio
1148 3035 1223 3093 quo·

273 3173 290 3221 6
311 3168 473 3222 Tarutius
491 3166 535 3222 ed.
591 3170 625 3220 10
643 3167 749 3234 infixus
767 3165 810 3220 ed.
863 3172 895 3220 13
915 3166 945 3220 in
962 3166 1066 3220 lemma
1084 3175 1223 3223 coutra-

201 3244 235 3292 14
254 3240 311 3293 exit
333 3238 409 3307 quod
432 3238 596 3293 continuum
618 3236 707 3291 habet
726 3236 752 3291 V
775 3238 919 3303 „sustinet
941 3238 1015 3293 enim
1035 3255 1154 3293 occursu
1171 3256 1223 3294 ne-

201 3310 322 3364 cessario
346 3327 363 3363 a
385 3309 483 3379 iugulo
507 3310 656 3364 dextram“
679 3311 744 3377 post
766 3310 891 3364 matrum
913 3309 1010 3377 inepte
1033 3310 1153 3365 inseruit
1176 3313 1222 3365 cd.

199 3398 256 3435 non
279 3383 358 3435 extat
379 3381 410 3435 in
432 3380 518 3435 HOU.
592 3387 625 3435 17
648 3381 745 3435 tortile
767 3381 822 3435 tole
841 3379 866 3433 V
887 3397 955 3435 corr.
975 3381 1018 3435 ed.
1097 3387 1130 3435 18
1155 3399 1222 3439 con-

199 3454 296 3508 trariis
310 3451 335 3505 V
349 3451 392 3506 ed.
449 3458 481 3507 19
502 3453 637 3507 Venulum
655 3450 738 3506 Ved.
759 3453 880 3507 Veuulua
898 3468 960 3506 nos:
980 3452 1095 3521 interpr.
1113 3453 1150 3507 ad
1168 3459 1221 3510 'iol

200 3523 283 3578 docet
300 3522 444 3578 Donatum
463 3524 583 3578 evasisse
601 3523 742 3578 Venulum
760 3524 869 3592 putare.
942 3527 976 3577 20
996 3524 1054 3591 fuit
1074 3541 1127 3579 om.
1147 3524 1221 3580 edIl.

200 3602 233 3649 21
258 3597 317 3650 alta
337 3594 370 3651 V.
444 3601 478 3649 23
500 3598 613 3651 raudus
635 3602 661 3650 et
680 3593 714 3649 V.
787 3601 821 3649 24
844 3596 993 3649 orduuo-
1009 3601 1042 3649 25
1062 3597 1116 3651 ulia
1140 3596 1223 3652 deest

199 3668 230 3721 in
248 3668 282 3735 V,
306 3666 356 3722 sed
379 3667 544 3736 explicatur.
623 3672 657 3721 26
681 3666 808 3736 adpouta
830 3666 925 3720 neseio
948 3683 985 3720 an
1007 3670 1072 3734 post
1090 3674 1223 3725 ornatum

198 3739 441 3812 transponendum
459 3739 506 3794 ait.
