2725 4150
187 332 252 398 144
467 329 608 385 ΒΟΝΑΤΙ
625 328 795 384 INTERPR.
810 328 919 385 VERG.

123 511 174 562 195
183 500 276 573 facies
299 516 389 572 quom
418 498 486 557 dira
510 499 620 572 tepebit
647 494 736 574 [eolis
764 499 945 559 inaccessam
973 496 1101 575 radiisJ:
1129 499 1205 560 haec

184 587 276 647 etiam
304 587 485 648 extrinsecus
514 586 581 646 dira
608 589 639 647 et
665 587 831 664 horribilis,
858 607 955 666 usqne
983 589 1057 649 adeo
1079 590 1117 648 ut
1138 590 1204 650 sine

183 680 313 738 tremore
342 676 439 739 videri
467 695 527 736 non
550 679 665 753 posset,
692 678 780 735 tanta
808 680 909 737 autem
931 677 1110 739 inmanitate
1132 677 1205 755 fuit,

183 771 220 827 ut
241 769 319 827 hanc
341 767 414 827 solis
436 764 515 824 radii
537 784 591 825 nec
608 768 769 843 tangerent
786 785 841 826 nec
858 768 1003 828 viderent.
1035 783 1204 841 senmerpuc

182 858 290 916 recenti
319 856 405 916 ccede
435 856 548 927 cepaea
574 855 696 914 bamus:
724 856 782 915 hoe
809 857 913 932 potuit
941 857 1007 916 leve
1035 855 1201 933 aestimari,
1227 869 1247 913 'e

183 946 316 1006 nondum
344 945 424 1002 enim
452 944 580 1020 speciem
608 943 707 1003 caedis
735 943 868 1005 edixerat
897 962 951 1005 nec
980 945 1203 1024 significaverat

183 1054 311 1112 quoram
340 1034 405 1092 illic
434 1034 558 1111 sanguis
588 1032 741 1095 videretur
770 1035 895 1094 effusus:
918 1036 1086 1095 necessario
1107 1034 1204 1114 igitur

183 1122 300 1183 addidit
327 1124 498 1197 foribusque
527 1120 630 1195 adfice
656 1123 792 1195 scepeie
818 1141 873 1182 ora
899 1125 997 1182 ciram
1024 1125 1102 1184 bisti
1129 1141 1204 1199 pen·

182 1212 290 1271 debant
311 1212 430 1286 pallida
459 1212 540 1270 tabo:
565 1214 653 1272 tanta
680 1212 762 1271 illius
784 1213 917 1273 monstri
940 1213 1044 1274 feritas
1071 1214 1145 1290 fuit,
1168 1216 1204 1274 ut

181 1319 299 1378 semper
320 1301 433 1360 recenti
455 1299 543 1360 caede
567 1301 724 1379 gauderet,
751 1319 868 1378 semper
893 1302 1019 1361 humani
1045 1301 1202 1381 sanguinis
1221 1318 1249 1359 ro

181 1390 341 1467 vaporibus
365 1390 509 1465 aleretur3
531 1408 586 1449 nec
608 1391 654 1449 ita
677 1389 808 1449 faciebat
831 1391 955 1467 occulte,
974 1391 1027 1451 sed
1045 1391 1085 1451 ad
1103 1393 1206 1453 oeten·

181 1479 326 1540 tationem
347 1479 537 1557 propriorum
560 1479 706 1538 scelerum
729 1497 883 1539 caesorum
906 1481 1007 1557 capita
1034 1480 1148 1559 figebat
1169 1482 1202 1540 in

181 1569 305 1630 foribus.
365 1569 462 1629 adfixa
498 1587 568 1628 vero
604 1567 674 1627 tabe
712 1571 852 1645 corrupta
888 1569 1072 1646 pendebant:
1108 1570 1203 1631 fixum

181 1658 309 1719 durabat
328 1657 409 1736 quod
426 1656 555 1718 solidum
571 1657 604 1715 in
623 1657 740 1717 ossibus
758 1657 826 1734 fuit,
845 1658 995 1736 corruptio
1013 1677 1084 1719 vero
1104 1660 1203 1720 carnis

180 1749 312 1825 pendula
340 1746 522 1807 remanebat.
575 1746 644 1804 huic
673 1750 802 1806 monstro
838 1747 989 1807 Vulcanus
1017 1752 1080 1807 crat
1103 1753 1201 1823 pater,
1221 1765 1250 1808 re

179 1838 262 1897 illias
287 1842 367 1897 atros
390 1853 439 1896 ore
460 1852 579 1895 comens
600 1836 679 1909 ipram
700 1853 812 1910 caepae
834 1854 865 1896 se
887 1837 961 1897 mole
982 1838 1110 1911 ferebat:
1135 1839 1202 1915 hoc,

179 1926 289 2003 inquit,
311 1928 476 1985 monstrum
501 1925 657 1984 Vulcanus
680 1927 834 2002 genuerat,
856 1925 987 1986 Vulcani
1008 1924 1147 1986 incendia
1169 1926 1202 1986 in

179 2016 283 2093 pectus
306 2015 350 2074 fili
372 2014 585 2094 migraverant,
608 2012 746 2074 exiebant
774 2015 810 2075 de
837 2015 901 2076 eius
929 2016 1067 2076 faucibus
1098 2016 1202 2078 fumus

179 2108 210 2165 et
226 2105 365 2166 fiammae
383 2106 426 2180 et,
445 2123 514 2164 cum
530 2106 595 2181 ipse
614 2105 719 2164 contra
732 2106 873 2164 naturam
885 2124 987 2164 rerum
999 2125 1061 2165 non
1075 2105 1201 2181 arderet,

179 2193 305 2254 ardebat
334 2196 436 2253 tamen
466 2193 548 2270 quod
575 2192 698 2253 flatibus
729 2194 894 2272 attigisset3
923 2213 978 2254 nec
1007 2195 1105 2254 deluit
1132 2196 1200 2256 sub·
1219 2213 1250 2256 aa

179 2284 293 2344 stantia
316 2283 448 2360 corporis
471 2283 589 2342 animae
613 2282 701 2342 ferali
723 2283 915 2344 conveniensi
938 2303 1065 2362 magnus
1088 2284 1149 2345 fuit
1171 2288 1206 2345 et

179 2374 218 2433 ad
249 2371 456 2433 incutiendum
487 2373 631 2431 terrorem
663 2372 819 2433 altissimis
851 2372 1003 2452 gressibus
1039 2373 1201 2434 ferebatur.

179 2464 247 2541 quis
270 2463 367 2540 possit
393 2463 522 2522 tolerare
549 2480 695 2539 magnum
722 2480 844 2538 corpore
873 2465 904 2522 et
929 2463 1047 2521 ratione
1069 2463 1201 2525 feritatis

177 2555 280 2613 tutum
303 2571 338 2612 ac
364 2555 532 2613 vomentem
554 2550 687 2610 Vulcani
715 2550 811 2628 patris
840 2550 999 2610 incendia?
1052 2552 1127 2612 haec
1156 2552 1201 2611 id·

179 2642 257 2702 circo
285 2644 355 2702 sunt
381 2640 495 2717 posita,
522 2660 559 2698 ne
586 2638 713 2698 inertiae
737 2640 847 2702 vitium
868 2641 984 2700 teneret
1009 2641 1123 2701 incolas
1147 2641 1202 2720 qui
1219 2655 1248 2700 aa

179 2732 397 2807 qualecumque
420 2731 588 2789 monstrum
610 2748 707 2788 unum
729 2745 831 2789 omnes
850 2748 910 2788 non
928 2730 1091 2790 valuerunt
1113 2748 1200 2807 supe-

177 2839 258 2894 rare;
291 2837 426 2879 accessus
457 2820 537 2877 enim
567 2817 607 2877 ad
636 2837 705 2877 eum
735 2818 803 2895 quis
826 2837 890 2878 esse
912 2822 1015 2895 posset
1037 2820 1123 2879 cuius
1147 2839 1199 2879 an·

176 2909 296 2967 helatus
319 2908 442 2966 flamma
463 2907 565 2967 fuerat
587 2910 619 2967 et
639 2907 811 2967 incendium
829 2907 982 2969 vomitus?
1017 2910 1074 2968 hoc
1092 2927 1200 2986 genere

176 2996 301 3056 Herculi
328 2996 480 3057 crescebat
508 2996 740 3073 praedicationis
771 3001 979 3075 augmentum,
1010 2998 1091 3073 quod
1117 2998 1199 3059 solus

176 3082 303 3164 perfecit
330 3087 392 3147 eius
419 3087 603 3163 insperatam
630 3104 746 3162 necem,
773 3106 865 3163 quam
887 3086 1022 3148 universi
1047 3087 1131 3147 illius
1154 3106 1199 3147 re·
1216 3103 1249 3145 eo

115 3177 276 3255 200gionis
297 3176 433 3236 homines
456 3176 603 3252 temptare
626 3193 687 3234 non
715 3175 783 3235 ausi
809 3178 887 3236 sunt.
938 3177 1035 3236 adolii
1062 3180 1089 3234 et
1114 3178 1200 3237 nobis

177 3266 337 3339 claudeda
360 3265 528 3340 optantibus
550 3268 632 3324 caus
655 3265 802 3325 cecilium
824 3265 1036 3339 avenamque
1058 3265 1120 3326 dei:
1147 3266 1199 3326 ad-

250 3441 264 3489 1
284 3436 488 3492 solis-radice
501 3434 581 3489 deest
594 3436 624 3489 in
638 3433 673 3502 V,
688 3434 738 3489 sed
752 3434 916 3504 explicatur.
972 3439 988 3488 8
1004 3441 1095 3491 autem
1108 3438 1198 3491 maeri·

176 3513 232 3562 tate
245 3505 271 3560 V
286 3525 354 3562 corr.
370 3507 413 3562 ed.
466 3507 611 3563 edixerat
628 3507 671 3561 ed.
723 3511 739 3560 8
758 3507 839 3561 addit
856 3505 899 3560 ed.
951 3510 984 3559 11
1003 3508 1045 3561 ita
1058 3505 1084 3559 V
1102 3507 1134 3561 id
1152 3507 1196 3563 ed.

167 3583 206 3629 13
226 3580 295 3633 tabo
318 3579 362 3634 ed.
438 3584 472 3633 16
495 3585 557 3635 utro
574 3577 609 3646 V,
633 3578 683 3633 sed
701 3577 844 3632 Donatum
868 3592 979 3645 quoque
1002 3584 1076 3633 atros
1093 3577 1197 3648 legisse

148 3647 257 3710 fiamus
276 3650 309 3705 in
334 3651 579 3725 interpretatione
603 3650 696 3708 docet.
767 3654 803 3705 it
825 3649 952 3705 enbbcm
969 3647 996 3702 V
1019 3648 1055 3703 ci.
1077 3654 1196 3715 11164.

139 3718 179 3766 20
197 3721 329 3784 ardebat
348 3724 376 3780 V
398 3729 505 3789 metae
528 3728 573 3787 ed.
650 3731 686 3783 ni
710 3722 850 3781 aetatibus
868 3719 913 3776 ed.
982 3723 1020 3771 bb
1039 3720 1147 3784 perfidi
1161 3720 1210 3771 ab.
