2725 4150
209 348 274 414 100
492 343 634 400 nouum
650 313 943 401 munninvnuo.

205 507 307 572 venite
333 515 525 590 putarentur,
555 531 624 573 oum
646 512 830 572 descendunt
851 531 867 572 e
890 511 1052 572 verticibus
1078 511 1228 572 montium

205 602 301 662 ethis
321 602 509 663 currentibus
528 601 639 662 cedunt
657 601 759 660 omnia
777 620 854 680 quae
872 601 1010 662 fortassis
1028 603 1227 663 occurrerent.

275 693 338 753 Nee
360 692 571 752 Praenestinae
592 691 736 766 snnbator
757 691 852 765 defait
872 692 969 760 nrbis,
998 691 1130 751 Vulcano
1145 691 1228 765 oeni·

143 784 267 840 ototnrn
285 799 394 856 peoora
419 781 496 840 inter
522 781 652 855 aprestia
677 797 774 855 nepem
799 781 1005 853 inoentnonaae
1030 779 1105 853 soeis
1130 780 1228 841 omnis

205 887 289 944 anem
312 870 433 931 eredidit
455 873 550 938 aetas,
576 867 735 929 anealns:
760 867 793 928 in
814 867 868 928 illo
892 871 1041 929 conventu
1062 868 1227 928 multorum
1260 886 1274 927 s

204 978 310 1037 regum
324 962 354 1019 et
367 958 567 1035 plurimarum
585 958 722 1036 gentium
735 977 796 1018 non
810 957 908 1018 defuit
923 955 1068 1018 Gaetulus
1082 957 1228 1018 fundator

204 1048 287 1108 urbis
302 1046 523 1123 Praenestinae,
543 1066 631 1125 quem
649 1066 685 1107 ex
698 1048 835 1107 Vulcano
855 1050 886 1107 et
900 1045 1075 1106 Sebethride
1093 1047 1227 1124 nympha

204 1140 341 1215 genitum
364 1155 467 1197 omnes
489 1157 550 1198 uno
574 1154 719 1197 consensu
746 1136 936 1197 erediderunt
961 1137 1018 1196 hae
1046 1136 1227 1211 eonieotum,

204 1225 277 1302 quia
298 1225 331 1284 in
353 1225 452 1287 medio
474 1225 540 1305 igni
557 1225 698 1286 inventus
717 1226 821 1286 ardere
839 1245 900 1286 non
918 1224 1026 1302 potuit.
1057 1225 1137 1285 bnne
1154 1225 1227 1301 lepio

205 1315 262 1374 bate
300 1316 454 1375 connitatur
485 1316 623 1390 aprestis:
662 1316 742 1375 tnuei
773 1317 885 1375 natura
922 1318 1014 1393 atque
1052 1333 1160 1390 aspera
1197 1316 1228 1373 et
1247 1333 1274 1374 io

205 1403 404 1480 copiosissimi
432 1405 562 1480 numeri3
586 1423 659 1464 nam
687 1424 755 1465 eum
785 1403 858 1464 dicit
886 1403 946 1463 late
977 1402 1152 1479 comitatur,
1180 1403 1227 1463 in·

204 1493 324 1554 finitum
345 1495 379 1552 in
401 1493 524 1553 modum
542 1493 684 1553 diffusam
706 1492 932 1554 multitudinem
950 1493 1044 1553 fuisse
1066 1492 1228 1570 signifieat.

204 1585 310 1656 annae
332 1584 426 1643 aitnm
447 1583 605 1642 Praeneste
629 1584 690 1642 oiri
713 1583 818 1658 aniane
840 1600 916 1642 arva
940 1581 1076 1643 Gabinae
1097 1582 1228 1642 Innonis

202 1674 386 1747 aeiibnmqne
407 1670 554 1731 Anienem
576 1675 603 1730 et
622 1673 741 1733 roseida
767 1672 841 1731 rivis
863 1672 997 1731 Hernica
1021 1688 1098 1730 sano
1120 1671 1227 1742 bobini,

142 1770 194 1819 685
204 1779 276 1834 qnos
299 1763 379 1821 diaes
396 1759 541 1836 Anapnia
556 1762 665 1835 nasei,
689 1779 768 1834 qnos,
787 1759 936 1820 Amasene
954 1763 1056 1834 pater:
1082 1763 1229 1821 venerant
1248 1776 1274 1820 ιι

204 1851 296 1909 etiam
314 1851 362 1909 illi
380 1851 433 1927 qui
451 1850 554 1910 colunt
572 1851 639 1910 losa
652 1870 730 1928 quae
750 1850 920 1926 spetialiter
938 1850 1022 1924 dixit,
1039 1849 1087 1908 illi
1105 1868 1228 1927 qnoque

205 1958 280 2015 quos
303 1937 402 2015 pascit
423 1938 565 2018 Anagnia
589 1943 619 2000 et
637 1940 806 2000 Amasenus
828 1939 946 2000 fluvius.
978 1956 1038 1997 non
1055 1938 1117 1997 illis
1135 1939 1229 1998 omni·

204 2029 259 2088 bns
282 2045 383 2088 arna:
409 2027 471 2090 illis
500 2027 638 2090 omnibus
665 2048 727 2089 non
751 2029 874 2090 fuerant
896 2046 1047 2089 armanum
1069 2026 1168 2088 uultus
1192 2047 1228 2089 ex

203 2137 285 2177 more
299 2117 485 2177 bellantium.
510 2136 564 2178 nee
581 2119 666 2193 clipei
684 2136 824 2179 ennrnsoe
840 2122 962 2179 sonant:
979 2137 1034 2177 neo
1047 2117 1230 2179 emittebant

204 2207 337 2283 aliquem
360 2207 533 2284 strepitum,
556 2210 662 2284 utpote
687 2208 740 2285 qui
763 2211 849 2268 scuta
872 2211 903 2268 et
925 2226 1028 2267 eunus
1051 2225 1112 2265 nou
1136 2207 1228 2267 habe·
1247 2224 1275 2266 ro

203 2296 287 2356 bant.
327 2314 405 2370 pars
426 2297 559 2356 manino
584 2298 704 2372 planetis
732 2298 847 2357 liuentis
870 2297 988 2371 pbnmbi
1016 2297 1144 2371 sparpit:
1174 2297 1230 2356 alii

205 2384 285 2444 enim
298 2386 434 2461 ipsorum
453 2389 483 2446 et
500 2387 597 2464 magis
612 2387 779 2462 complures
792 2385 942 2463 plumbeis
955 2384 1095 2445 massulis
1109 2404 1228 2465 pugna·

203 2474 279 2535 bant
300 2476 443 2535 iacientes
466 2476 521 2534 has
543 2495 597 2551 per
619 2475 748 2535 diversa.
788 2492 866 2549 pars
892 2475 1008 2547 splenia
1033 2478 1127 2549 bestat
1153 2476 1229 2535 bina

203 2582 311 2623 mann:
334 2565 395 2624 alia
417 2583 487 2641 pars
510 2564 623 2624 fidebat
644 2565 768 2643 spinulis
796 2563 884 2623 binis.
929 2563 1082 2636 fnloosqne
1105 2564 1170 2637 lapi
1191 2564 1228 2624 de

198 2654 277 2727 pelle
309 2654 425 2727 anteros
456 2658 566 2727 teomen
597 2655 705 2713 babent
735 2654 839 2727 eapitis
874 2670 929 2728 pro
961 2651 1056 2730 galeis
1088 2653 1228 2714 velamen
1247 2669 1274 2710 ss

204 2741 354 2818 capitibus
386 2761 489 2801 eorum
521 2743 581 2802 fuit
612 2747 703 2820 rapta
732 2743 822 2819 pellis
853 2761 889 2801 ex
920 2740 1033 2817 lupinis
1066 2740 1227 2818 capitibus.

142 2832 326 2904 690oestipia
348 2831 432 2891 nnda
458 2832 573 2891 sinistri
599 2833 749 2893 instituere
770 2832 871 2906 pedis,
900 2830 1010 2891 nndns
1038 2832 1106 2904 tepit
1132 2831 1228 2891 attera

199 2936 287 2994 pero:
314 2939 410 2978 unum
436 2921 542 2996 pedem
569 2921 695 2983 honest
719 2921 876 2983 sinistmm
905 2919 1020 2980 nudum
1046 2919 1228 2996 habuerunt,

206 3008 358 3068 dexterum
381 3011 503 3068 tectum.

278 3240 292 3287 1
312 3231 472 3288 incendent
484 3231 511 3286 V
525 3249 593 3287 corr.
609 3232 653 3288 ed.
709 3238 725 3287 '1
744 3234 896 3289 sebetbrida
909 3232 1000 3305 nynia
1016 3231 1047 3286 V:
1066 3232 1140 3286 hane
1154 3231 1226 3287 Don.

205 3305 242 3358 ad
260 3321 285 3358 v.
300 3309 353 3358 '184
371 3302 506 3358 aberrans
524 3303 645 3358 induxit.
710 3309 726 3359 8
744 3303 849 3360 baeeV
867 3306 919 3360 boe
938 3304 981 3358 ed.
1046 3309 1063 3356 9
1082 3304 1182 3360 ardore
1199 3303 1228 3357 V

205 3377 302 3431 ardere
319 3392 371 3430 nos
389 3377 469 3430 emori
487 3375 530 3430 ed.
596 3382 627 3429 11
648 3376 864 3445 cannensimnnt
882 3377 924 3431 eri
936 3374 963 3428 V
975 3377 1081 3429 temere
1095 3378 1165 3429 mut.
1181 3375 1227 3431 ed.

207 3454 240 3501 15
258 3453 431 3502 venerant—
442 3452 474 3500 17
490 3454 515 3502 et
530 3463 584 3501 om.
595 3446 639 3501 ed.
707 3452 739 3501 17
753 3449 855 3516 sinnas
868 3446 894 3500 V
907 3448 934 3515 fi.
949 3452 988 3501 est
1006 3446 1050 3501 ed.
1113 3452 1147 3501 18
1164 3448 1227 3514 fne-

200 3525 271 3571 rant
283 3519 310 3571 V
325 3519 442 3585 faerinit
459 3518 502 3573 ed.
561 3522 594 3571 19
613 3536 704 3573 nee-
715 3522 749 3572 20
762 3518 897 3573 habebant
915 3534 968 3572 om.
984 3517 1028 3573 ed.
1083 3522 1117 3570 22
1136 3519 1228 3588 napis

189 3602 245 3640 om.
262 3589 308 3642 ed.
375 3596 412 3644 24
428 3590 563 3662 fulanam
582 3589 625 3645 ed.
688 3595 722 3643 25
741 3589 820 3645 babet
838 3589 882 3643 ed.
946 3594 981 3643 26
1000 3605 1034 3643 en
1051 3589 1112 3656 lnpi
1129 3590 1161 3643 in
1178 3605 1226 3643 ea·

163 3657 291 3737 ffl'tfbus
309 3659 336 3714 V
350 3678 390 3717 en
408 3664 479 3735 lopo
498 3666 517 3722 i.
532 3681 557 3722 o.
578 3663 621 3722 ed.
642 3680 677 3721 en
695 3663 804 3735 lupinis
822 3677 845 3717 e.
860 3676 923 3716 nas.
977 3666 1011 3715 ‘tt
1031 3660 1151 3714 stataria
1163 3659 1198 3713 V.
1219 3660 1229 3731 t

159 3727 236 3791 teffli
253 3726 284 3780 V
298 3735 379 3802 'effe'l
397 3735 486 3817 {JOU
504 3738 551 3796 ed.
