2725 4150
546 335 788 392 maamosxr
1112 339 1177 406 477

157 524 232 583 quos
262 503 418 581 superavit
445 502 478 562 in
508 505 607 564 Troia.
653 507 686 564 et
713 503 888 564 Larissaeus
918 503 1065 565 Achilles:
1095 507 1125 564 et
1153 505 1180 566 si

157 595 289 654 Achilles
313 596 496 671 superesset,
526 594 619 652 etiam
640 594 721 654 hunc
748 594 860 654 diceres
883 592 1028 654 timuisse.
1073 594 1181 671 etqui

156 685 230 743 haee
259 683 345 743 falsis
375 682 515 744 roborare
545 681 700 743 contendis
730 682 778 742 dio
807 682 951 742 Aufidum
979 681 1106 743 fluvium
1134 683 1179 742 in-

156 792 292 832 mensum
316 776 346 832 et
368 791 512 850 magnum
534 775 614 832 retro
634 790 721 850 posse
743 772 866 831 refluere
885 775 916 832 et
934 771 1016 847 quod
1033 772 1065 831 in
1083 772 1180 833 undas

125 879 138 918 e
156 862 328 922 Hadriatici
349 862 441 921 maris
460 861 603 922 formidet
624 861 713 920 exire.
746 880 811 922 ecca
834 862 884 921 hic
906 861 1058 921 subtiliter
1079 861 1181 939 tangit

158 952 239 1029 quod
261 951 354 1029 legati
377 950 416 1010 ad
439 950 605 1011 Diomeden
637 949 723 1011 missi
751 951 868 1010 nullum
895 950 1025 1011 viderint
1048 953 1079 1010 et
1101 951 1180 1012 falsa

156 1041 285 1117 professi
307 1039 376 1100 sint.
409 1040 456 1099 ool
473 1058 539 1099 cura
556 1056 588 1098 se
601 1040 749 1114 pavidam
767 1044 868 1100 eontra
884 1057 951 1100 mea
969 1041 1069 1116 turpia
1084 1042 1179 1116 fiaptt,

157 1131 281 1204 artatas
299 1130 392 1189 scelus
411 1134 437 1188 et
449 1129 607 1202 formidine
625 1130 736 1189 ainwa
753 1131 885 1189 acerbat:
905 1130 996 1206 certe,
1014 1129 1071 1205 ait,
1091 1131 1180 1208 quale

156 1218 233 1278 illud
257 1218 394 1279 scelerati
412 1220 614 1278 commentum
632 1220 690 1294 est,
713 1217 851 1278 timorem
868 1218 993 1296 11113111,
1014 1221 1179 1280 accusatio·

113 1325 139 1363 ro
157 1328 209 1368 nes
238 1308 328 1368 duras
356 1309 503 1367 exercerel
538 1325 702 1382 acrnqcam
731 1309 864 1368 ananam
890 1308 978 1367 talem
1000 1309 1103 1370 dcatra
1124 1310 1180 1371 bac

157 1398 279 1471 (absiste
296 1397 419 1471 maceri)
438 1399 568 1456 amittes:
590 1398 698 1456 habitet
714 1400 807 1456 tecam
825 1401 853 1456 et
868 1398 908 1456 stt
920 1401 1035 1470 pecore
1056 1399 1089 1456 ia
1110 1400 1180 1458 isto:

157 1489 221 1546 esto
240 1505 374 1562 securus,
396 1487 528 1560 Drance,
550 1505 674 1563 parcam
691 1484 761 1562 tibi,
783 1486 855 1545 licet
875 1485 1017 1546 merearis
1039 1486 1180 1547 interfici:

158 1595 324 1652 numquam
346 1575 425 1634 enim
449 1576 571 1635 dextera
588 1595 656 1635 mea
673 1574 793 1635 inbellis
812 1575 930 1636 occidit.
963 1575 1004 1635 sit
1021 1575 1118 1655 magis
1136 1580 1179 1637 te·

158 1685 226 1724 cum
249 1665 351 1724 anima
372 1666 440 1739 tua,
466 1664 584 1725 habitet
610 1664 642 1723 in
665 1667 720 1724 tuo
743 1666 876 1742 pectore,
905 1665 1014 1724 melius
1042 1667 1122 1723 enim
1144 1666 1181 1726 de

114 1769 139 1809 re
158 1757 188 1813 te
208 1754 389 1831 supplicium
407 1753 530 1814 dabitur
548 1753 627 1814 votis
644 1755 733 1828 meis,
752 1755 780 1814 si
797 1754 912 1814 diutius
926 1753 1011 1815 vivas
1026 1757 1057 1814 et
1069 1773 1181 1832 poenas

158 1842 269 1920 iugiter
290 1843 394 1903 livoris
417 1844 589 1919 expendas·
610 1851 691 1902 acac
713 1843 754 1902 ad
776 1847 802 1902 te
825 1848 852 1902 et
872 1847 937 1913 taa,
960 1862 1066 1918 mayoc
1082 1849 1243 1918 pater,410

158 1932 291 1992 consalta
308 1937 450 1991 revertor:
474 1933 664 1993 exoratione
682 1931 858 1992 turbulenta
877 1952 968 2009 quam
986 1952 1040 2011 pro
1063 1935 1180 1994 ratione

158 2041 302 2100 personae
324 2020 453 2100 protulit
475 2021 515 2082 ad
542 2021 646 2082 mitem
673 2023 765 2099 atque
792 2022 936 2083 humilem
962 2026 1084 2101 repente
1112 2043 1180 2085 con·

158 2131 260 2172 versus
289 2115 347 2188 est,
374 2113 424 2173 vel
447 2111 615 2187 quiscum
640 2131 711 2190 rege
737 2112 912 2172 instituerat
933 2113 1019 2190 loqui
1040 2115 1089 2175 vel
1112 2134 1180 2175 cum

113 2216 140 2256 so
159 2220 194 2260 eo
218 2222 305 2277 quem
330 2220 465 2262 socerum
494 2220 557 2262 esse
580 2201 728 2279 cupiebat.
774 2201 843 2278 plus
865 2205 967 2262 tamen
995 2203 1125 2263 ostendit
1148 2222 1180 2264 se

158 2309 259 2350 socero
282 2291 397 2351 deferre
420 2298 514 2367 quam
538 2292 603 2370 1131
630 2290 755 2351 dicendo
782 2310 891 2370 magne
918 2293 1017 2368 pater,
1047 2291 1181 2369 alioquin

159 2380 271 2439 diceret
292 2400 400 2459 magne
423 2400 483 2439 rex.
519 2380 551 2439 in
573 2382 642 2457 ipsa
665 2384 766 2440 tamen
788 2381 1012 2457 tranquillitate
1036 2381 1180 2441 sermonis

159 2471 205 2528 est
227 2470 375 2545 quaedam
406 2468 599 2530 consiliorum
622 2468 726 2529 Latini
753 2473 783 2530 et
805 2470 1037 2547 dispositionum
1064 2471 1181 2530 occulta

159 2559 353 2635 vituperatio.
397 2578 477 2619 nuno
500 2558 539 2618 ad
562 2562 606 2634 te,
633 2560 692 2634 ait,
719 2578 827 2637 magne
850 2561 950 2637 peter,
976 2558 1065 2619 redeo
1089 2560 1181 2619 etad

113 2667 140 2708 11
159 2648 297 2707 consulta
319 2651 383 2707 tua.
419 2651 538 2725 patrem
559 2647 680 2707 videtur
703 2647 812 2707 dixisse
831 2649 919 2726 quasi
936 2649 1180 2708 honorificentiae

158 2738 238 2812 loco,
261 2739 367 2813 utpote
390 2738 445 2813 qui
463 2736 643 2814 loquebatur
660 2740 696 2797 ut
714 2757 817 2815 gener,
840 2741 876 2798 ut
894 2738 1076 2813 ostenderet,
1100 2740 1181 2815 qaod

159 2826 297 2902 diximus,
315 2827 383 2903 plus
397 2846 429 2887 se
443 2846 544 2887 socero
559 2826 672 2886 deferre
691 2845 783 2903 quam
800 2830 872 2906 1131.
910 2827 961 2887 111
980 2828 1040 2888 alia
1057 2828 1180 2904 loquen-

158 2916 198 2974 tis
226 2915 355 2975 intentio
384 2919 442 2977 est:
473 2934 589 2977 summa
616 2917 696 2976 enim
730 2915 962 2993 dispositionum
989 2916 1093 2976 Latini
1122 2916 1181 2976 dis-

158 3004 291 3080 plicebat
314 3006 428 3083 Turno,
456 3005 584 3083 denique
606 3008 676 3082 post
704 3006 938 3083 appellationem
960 3008 1056 3082 patris
1080 3009 1181 3066 secuta

113 3114 141 3153 eo
159 3093 326 3171 propositio
359 3097 404 3154 est
436 3114 498 3172 qua
525 3095 656 3155 ostendit
682 3114 713 3155 se
739 3095 775 3155 de
801 3095 884 3155 illius
911 3096 1043 3156 consiliis
1070 3098 1180 3156 tracta-

158 3185 274 3263 turum,
294 3185 329 3241 ut
347 3183 516 3243 ostenderet
533 3185 727 3264 inprovidum
747 3187 877 3262 patrem:
896 3204 966 3263 1130
981 3185 1181 3264 appellatione

233 3372 504 3427 1larisseviarailles
517 3372 551 3428 V.
603 3373 803 3428 sandraca
816 3372 842 3426 V
855 3373 974 3428 Adriaci
988 3372 1031 3426 ed.
1083 3378 1181 3442 'ipro-

159 3444 299 3509 feesiseent
311 3443 337 3497 V
351 3445 472 3513 professi
484 3445 602 3512 fuissent
620 3444 664 3498 11.
719 3449 735 3498 8
754 3446 870 3512 artificis
888 3444 975 3499 ecelaa
992 3460 1043 3513 pro
1063 3443 1182 3512 apodosi

160 3515 288 3583 accipere
313 3515 456 3569 Donatum
481 3517 573 3584 patet,
599 3514 673 3570 male
699 3532 763 3570 eum
787 3515 928 3570 intellexit
951 3514 1120 3585 Forbigerus
1144 3515 1181 3569 ad

159 3586 235 3639 hunc
253 3586 354 3641 locum.
407 3592 441 3640 14
459 3587 612 3655 habitetque
631 3585 674 3642 ed.
726 3593 759 3641 16
778 3588 876 3643 livores
889 3587 922 3642 V.
974 3591 1008 3641 20
1026 3603 1141 3643 sorerem
1155 3586 1182 3641 V

159 3674 281 3712 corcram
303 3659 357 3712 eibi
382 3657 425 3712 ed.
506 3663 539 3711 2³
559 3659 641 3713 latiat
658 3655 723 3713 etV
741 3659 842 3713 Latiaa'
859 3665 939 3728 atque
958 3658 1001 3714 11.
1030 3659 1033 3731 l
1064 3660 1181 3729 disposi-

160 3730 261 3783 tionem
279 3728 391 3784 ooaliV
410 3746 479 3784 corr.
499 3730 542 3784 ed.
