2725 4150
203 324 270 391 520
488 321 630 377 DONATI
646 320 817 377 INTERPR.
831 322 939 378 VERG.

203 489 349 551 Camillae
371 490 513 549 meritum
536 492 649 550 crescat
672 510 749 567 quae
770 492 842 551 talis
866 491 983 552 occidit.
1030 491 1145 553 dicitur
1167 493 1226 554 iam

203 580 352 656 quomode
376 580 538 640 occiderint
564 580 685 658 singuli.
734 581 787 640 sed
813 581 913 640 Buten
940 597 1081 640 enormen
1107 583 1227 657 nuptu

202 671 267 744 [ipit
288 670 601 745 ornamentumque
622 670 707 739 inter,
739 686 798 742 quo
827 670 902 729 collo
930 671 1057 730 sedenis
1087 671 1228 731 urente

203 759 284 817 laem
307 759 448 831 dependet
464 777 576 833 perun
600 760 721 817 lacerto:
743 758 801 819 iste
824 777 914 837 eques
937 759 1009 835 fuit,
1031 760 1090 819 hoe
1111 759 1227 821 indicat

203 848 276 923 quia
298 847 376 905 dixit
398 848 536 909 sedentis.
583 848 708 907 loricam
730 848 851 924 habuit,
878 849 997 926 galcam
1020 852 1051 909 et
1073 866 1225 927 parmam3
1250 863 1259 904 r

202 954 270 995 cum
300 937 348 996 his
380 937 519 997 omnibus
549 938 685 997 munitus
718 936 797 996 adiri
827 956 888 997 non
919 939 1037 1015 posset,
1074 939 1225 1017 sequentis

203 1024 349 1085 Camillae
378 1027 526 1087 vivacitas
556 1030 673 1103 partem
704 1046 764 1104 qua
795 1027 946 1086 hominem
978 1029 1154 1103 penetraret
1184 1028 1226 1088 in·

202 1117 299 1191 venit,
321 1135 392 1175 nam
415 1135 484 1175 cum
505 1116 593 1176 laeva
615 1115 711 1174 umeri
732 1118 819 1192 parte
840 1135 947 1193 parma
964 1119 1132 1194 tegeretur,
1150 1117 1227 1177 inter

202 1205 312 1263 loricae
341 1205 409 1264 finis
439 1208 470 1265 et
499 1206 603 1283 galeae
634 1224 703 1265 caro
735 1225 811 1282 quae
840 1204 925 1265 feriri
954 1207 1057 1283 posset
1084 1206 1227 1284 apparuit

203 1296 293 1369 atque
323 1295 369 1353 ita
398 1295 474 1354 fixus
506 1297 553 1355 est
582 1294 713 1372 cuspide.
768 1295 951 1371 superfluum
982 1295 1042 1354 fuit
1073 1299 1224 1357 mortuum
1241 1311 1262 1352 n

203 1383 314 1459 dicere,
338 1403 404 1442 cum
429 1383 636 1462 designatione
653 1384 733 1443 ictus
752 1387 783 1443 et
801 1385 858 1444 loci
876 1384 1014 1463 intellegi
1031 1385 1137 1445 valeat
1156 1384 1226 1463 quid

202 1471 243 1532 sit
275 1475 475 1533 consecutum.
531 1473 714 1533 &stomun
741 1473 859 1548 fugiens
888 1490 1085 1548 ruupnuruque
1115 1475 1227 1550 agitato

142 1574 255 1636 eaepcr
290 1564 388 1621 orbern
424 1563 516 1621 eludit
552 1581 624 1638 pyro
663 1563 787 1622 interior
826 1564 1011 1636 sequiturque
1046 1568 1227 1637 sequentur:

202 1651 331 1729 fugiens,
353 1651 464 1729 inquit,
486 1651 593 1711 fraude
615 1653 718 1729 potius
742 1671 832 1728 quam
854 1652 962 1713 timore
981 1671 1078 1729 neque
1095 1656 1133 1713 ut
1151 1652 1226 1732 peri·

204 1742 304 1800 culum
331 1739 506 1816 declinaret,
534 1741 586 1800 sed
612 1744 648 1801 ut
670 1742 820 1819 deciperet
836 1741 1061 1818 inprudentem,
1084 1743 1228 1820 namqui
1241 1753 1262 1796 u

203 1850 272 1891 vere
302 1829 382 1908 fugit
409 1833 490 1890 recto
521 1833 552 1889 et
580 1831 671 1910 longo
695 1831 848 1891 contendit
870 1831 990 1906 itinere,
1017 1831 1079 1890 ista
1101 1850 1175 1892 vero
1197 1832 1227 1891 in

203 1920 306 1979 orbem
335 1919 471 1998 fugiebat
499 1920 690 1980 interioribus
721 1921 816 2000 gyris:
847 1921 922 1980 haec
950 1920 1010 1981 fuit
1036 1920 1121 1980 fraus
1150 1940 1227 1999 quae

202 2008 288 2068 illam
318 2008 390 2068 fecit
418 2011 592 2086 sequentem
621 2011 715 2087 sequi.
761 2013 823 2068 tum
844 2010 977 2069 calidum
1000 2026 1114 2083 perque
1142 2027 1228 2070 anuo

202 2100 267 2157 niro
291 2114 403 2173 perun
425 2116 494 2159 essu
525 2101 651 2158 secunru
681 2100 769 2159 ultim
799 2116 941 2174 enurpens
963 2100 1062 2158 nanti
1084 2103 1113 2157 et
1134 2100 1228 2160 multu

198 2189 336 2262 precone
358 2189 552 2262 conpuninot,
575 2190 685 2248 nulnue
708 2188 803 2247 calido
825 2189 904 2262 ripat
925 2206 980 2247 ora
1003 2189 1134 2247 cerebro:
1162 2208 1227 2250 ecce
1242 2202 1264 2243 u

205 2280 353 2355 quantum
370 2278 486 2355 prefuit
503 2277 604 2336 dolus:
628 2296 706 2353 quae
725 2276 785 2335 fuit
803 2280 913 2353 prima,
933 2296 1002 2336 cum
1020 2276 1103 2355 gyris
1122 2277 1227 2339 interi·

205 2367 306 2427 oribus
333 2367 464 2445 fugeret,
491 2369 610 2426 tantum
638 2365 739 2442 potior
761 2365 843 2426 facta
866 2369 924 2442 est,
953 2369 991 2425 ut
1018 2385 1079 2425 non
1109 2368 1228 2427 eminus

204 2477 301 2533 neque
324 2456 426 2531 hasta,
449 2456 501 2515 sed
524 2457 622 2516 securi
643 2456 779 2532 potuerit
801 2457 890 2515 ferire
914 2456 1165 2532 circumventum,
1183 2457 1228 2518 iu

203 2547 353 2605 instanter
385 2564 573 2622 oppressum,
604 2547 641 2604 ut
671 2564 732 2605 non
764 2564 837 2621 uno,
867 2544 919 2605 sed
949 2544 1078 2605 secundo
1107 2565 1229 2624 quoque

205 2636 278 2709 ictu,
298 2653 366 2694 oum
383 2634 417 2693 in
435 2653 554 2695 mesum
571 2636 668 2694 multa
686 2635 833 2694 conferret
851 2636 884 2694 in
902 2653 1029 2713 precem,
1042 2639 1229 2696 monstretur
1244 2648 1265 2691 u

205 2742 269 2783 esse
291 2741 458 2801 percussus.
504 2742 563 2801 quo
587 2727 688 2784 autem
715 2725 845 2801 corporis
874 2726 940 2783 loco
970 2726 1049 2784 ictus
1079 2726 1230 2803 exceperit

204 2812 274 2871 inde
297 2815 435 2890 apparet:
458 2832 616 2891 oppressus
640 2814 752 2890 quippe
776 2832 844 2873 cum
862 2831 925 2873 sese
944 2815 1028 2872 scuto
1048 2817 1230 2894 contegeret

204 2902 260 2962 illa
288 2920 433 2981 exurgens
463 2902 554 2963 altior
583 2905 614 2962 et
643 2906 764 2962 scutum
792 2903 891 2978 ipsum
920 2905 952 2962 et
978 2906 1070 2979 caput
1091 2907 1230 2983 rogantis

205 3010 265 3051 uno
289 2992 401 3052 securis
423 2992 486 3051 ictu
509 2995 600 3069 atque
623 2992 684 3051 alio
702 2992 831 3071 repetite
854 2991 1008 3069 perfregit.
1039 2994 1145 3052 inridit
1160 2995 1232 3054 huic

145 3082 355 3156 tonsumque
386 3084 505 3156 mpetu
540 3082 659 3141 territus
694 3082 789 3140 iuuit
819 3079 1072 3155 Appenninicolae
1108 3082 1232 3143 bellator
1245 3096 1270 3137 u

205 3172 288 3244 filius
310 3169 409 3229 Auni:
430 3169 551 3245 incidit,
573 3171 630 3230 hoc
652 3168 753 3231 estin
775 3188 883 3229 manus
907 3171 972 3229 eius
995 3170 1159 3246 inprudens
1182 3172 1231 3231 in·

205 3263 290 3321 venit
312 3259 395 3320 Auni
419 3259 514 3335 filius,
542 3261 658 3320 incolae
686 3261 796 3319 montis
820 3259 1006 3336 Appennini,
1033 3260 1098 3336 ipse
1125 3262 1231 3323 tamen

206 3350 342 3410 bellator.
386 3350 460 3409 tout
480 3350 628 3425 Istpurem
656 3353 812 3418 extruens,
841 3349 913 3407 dcun
939 3349 1042 3421 fallere
1063 3351 1130 3422 futu
1152 3351 1232 3411 sine-

279 3579 295 3627 3
314 3574 388 3644 fugit
404 3589 456 3643 pro
473 3573 535 3643 figit
547 3570 580 3625 V.
654 3578 689 3626 24
707 3588 764 3627 nen
781 3588 837 3627 uno
855 3571 904 3626 sed
922 3586 975 3625 om.
990 3570 1034 3625 ed
1108 3576 1142 3625 26
1162 3588 1230 3641 per-

207 3644 341 3700 cuseueV
358 3660 502 3699 conum
520 3643 563 3697 ed.
636 3649 669 3699 tl
689 3644 796 3699 teremit
808 3642 834 3696 V
852 3643 960 3697 duruit
978 3641 1020 3697 ed.
1095 3647 1128 3696 32
1149 3645 1232 3701 Auru

207 3733 260 3770 om,
280 3715 324 3770 ed.
351 3716 355 3788 l
384 3713 570 3785 ipchcorr.
585 3715 628 3770 ed
657 3717 661 3788 Ι
691 3721 783 3771 nmen
798 3714 822 3769 V
840 3719 949 3770 tanetum
967 3713 1011 3768 ed.
