2725 4150
222 347 242 411 6
507 344 647 399 ΒΟΝΑΤΙ
664 343 835 399 INTERPR.
849 343 957 399 VERG.

221 514 299 572 esset
327 532 363 572 ex
391 513 448 572 hoo
476 514 543 591 ipso
571 511 740 592 legentibus
769 512 919 591 cognitus,
941 515 1021 572 hunc
1043 513 1243 589 praetermisit

219 602 277 661 hoo
299 601 378 678 loc03
401 603 505 662 eadem
527 605 630 662 tamen
651 603 734 661 facta
754 601 892 680 intellegi
914 601 1023 661 debent
1044 605 1082 676 et,
1102 604 1175 679 quia
1194 623 1241 662 ex·

220 691 377 767 equiarum
399 693 585 752 sollemnitas
608 691 759 768 sepulchri
781 690 954 770 adgestione
977 692 1142 769 perficitur,
1166 692 1242 752 dixit

219 783 380 858 utrumque
413 782 592 859 conpletum.
642 785 803 853 postquam
838 781 901 840 cito
937 782 1073 853 peieraret
1104 799 1240 855 aequore,

219 871 311 929 teredii
337 872 392 929 iter
420 871 492 929 retis
517 875 695 943 periuroque
723 870 848 942 reliquit.
900 870 1059 942 adspiraret
1087 889 1180 929 aerae
1208 873 1241 929 ire
1273 889 1279 928 r

218 964 329 1019 mrtem
355 977 408 1018 rrec
435 959 564 1018 candido
591 975 711 1017 cursura
738 959 811 1018 irrrra
840 962 939 1033 rrepot,
967 959 1099 1031 splendet
1120 961 1240 1019 tremulo

218 1050 273 1108 srrb
296 1049 406 1107 bonine
427 1051 552 1121 peritus:
588 1050 658 1124 post
684 1066 785 1107 curam
810 1046 931 1107 Caietae
959 1047 1126 1124 depositam
1155 1069 1241 1126 opor-

217 1138 332 1197 trmitas
362 1136 528 1215 navigandi
560 1139 681 1195 matura
715 1140 746 1196 et
777 1137 932 1196 commoda
967 1136 1092 1197 subinde
1127 1157 1240 1198 succes·

218 1228 310 1301 serat3
340 1245 411 1284 nam
440 1228 472 1286 et
499 1245 582 1285 mare
611 1245 647 1284 ex
676 1227 754 1302 alto,
783 1228 840 1285 hoc
866 1229 912 1286 est
933 1227 1050 1285 tumido
1074 1230 1105 1287 et
1126 1227 1240 1302 inflato,

217 1315 369 1390 placidum
386 1314 448 1374 fuit
470 1308 580 1396 (usque
599 1315 672 1375 adeo
692 1335 752 1375 non
770 1316 802 1374 in
821 1315 1001 1390 demersum,
1021 1316 1121 1375 sedin
1140 1335 1241 1393 snper·
1260 1336 1279 1374 ι(

216 1404 282 1463 iera
312 1422 488 1482 suspensum
517 1405 659 1465 debemus
690 1406 836 1481 accipere,
865 1407 901 1463 ut
927 1407 992 1481 ipse
1020 1409 1110 1481 poeta
1138 1406 1240 1464 eodem

216 1493 281 1553 loco
296 1494 405 1554 dixerit
419 1497 570 1571 quierunt,
584 1495 707 1572 altaque
726 1495 753 1554 si
766 1496 860 1568 erant,
876 1496 996 1554 constat
1012 1494 1105 1554 finisse
1123 1496 1239 1553 tumen·

215 1575 275 1665 tia)
299 1587 330 1642 et
352 1603 443 1644 aurae
466 1587 564 1645 noctis
586 1604 647 1644 non
670 1583 801 1643 deerant.
841 1586 939 1642 metus
966 1584 1062 1643 omnis
1085 1585 1128 1643 sie
1152 1584 1239 1660 afuit,

215 1675 250 1731 ut
277 1675 370 1732 etiam
397 1674 533 1733 inlustris
559 1674 648 1733 lunae
676 1672 854 1751 suffragium
881 1675 1001 1752 gratum
1024 1673 1125 1750 potius
1148 1693 1239 1748 quam

215 1762 397 1821 horrendum
419 1763 531 1821 faceret
553 1762 690 1840 pelagus.
736 1762 796 1821 alio
819 1762 884 1822 loco
911 1754 957 1844 (5,
973 1754 1030 1843 11)
1058 1764 1160 1839 posuit
1187 1766 1239 1837 „et
1258 1782 1279 1820 is

214 1851 366 1910 inhorruit
388 1851 470 1910 unda
493 1850 654 1927 tenebris“‚
680 1852 730 1910 bic
753 1871 838 1926 vero,
862 1853 934 1928 quia
955 1853 1043 1911 tanta
1066 1853 1238 1930 navigantis

214 1939 344 1999 felicitas
368 1941 442 2015 fuit,
465 1943 501 1999 ut
523 1942 597 2000 luna
620 1941 732 2000 faceret
755 1940 946 2018 splendidum
964 1942 1046 2017 quod
1066 1941 1238 2000 formidolo-

215 2047 283 2090 sum
305 2048 368 2090 esse
393 2030 507 2108 potuit,
531 2031 675 2091 securitas
699 2027 901 2107 [plenissima]
925 2031 1028 2090 timori
1046 2033 1237 2090 successerat.

162 2131 195 2180 10
209 2120 350 2192 proxima
370 2119 509 2179 Circaeae
525 2121 676 2179 roderetur
694 2121 781 2179 litora
798 2124 907 2180 terroe:
929 2120 1093 2196 inprudens
1111 2121 1238 2195 Aeneas,

213 2211 320 2284 utpote
349 2210 402 2285 qni
431 2209 498 2269 loca
525 2209 665 2284 nesciret,
693 2210 846 2270 ferebatur
872 2209 1007 2287 Neptuni
1035 2210 1178 2287 suffragio
1207 2213 1238 2268 et
1257 2227 1279 2266 ac

214 2299 293 2357 circa
315 2298 391 2369 loca,
412 2318 489 2374 quae
512 2298 630 2359 nescius
651 2300 802 2358 incurrere
824 2300 981 2375 potuisset,
1001 2298 1127 2357 radebat
1149 2318 1237 2359 cursu

213 2389 415 2465 prosperrimo
433 2390 464 2447 et
487 2388 560 2466 quid
582 2389 647 2448 illic
669 2406 739 2448 cum
762 2388 850 2448 sociis
873 2387 991 2465 perpeti
1012 2389 1162 2464 potuisset
1185 2408 1236 2447 an-

214 2478 321 2537 diendo
341 2477 482 2537 discebat.
519 2478 699 2537 describitur
722 2497 799 2553 quae
822 2477 886 2535 illic
909 2477 1093 2536 consuetudo
1115 2476 1237 2536 Circaea

212 2570 366 2626 teneretur
388 2570 419 2626 et
442 2586 518 2644 quae
542 2567 612 2626 inde
633 2567 811 2626 audirentur
829 2569 933 2642 aperta
951 2566 1150 2641 descriptione
1168 2587 1236 2626 nar-

212 2659 311 2715 ratur:
342 2657 423 2715 dives
445 2658 608 2716 inaccessos
628 2657 680 2715 aei
699 2656 777 2715 Setis
793 2656 860 2728 [iiio
879 2656 957 2714 bicos
976 2656 1101 2715 adsideo
1119 2660 1237 2714 resciret
1256 2673 1279 2712 aa

212 2749 301 2804 carita
323 2747 458 2819 tectisque
479 2747 614 2819 superbis
635 2746 698 2804 urit
719 2746 872 2805 odoratam
893 2749 1039 2804 necturna
1062 2747 1095 2803 irr
1122 2746 1236 2803 lamina

212 2834 330 2893 cedrum
362 2840 465 2908 orpato
500 2836 596 2893 terreis
622 2852 802 2908 percurreris
832 2835 947 2907 pectine
981 2836 1067 2894 teias:
1116 2835 1148 2892 in
1180 2835 1236 2909 his,

283 3021 565 3091 perpeterere
578 3024 644 3091 quia
660 3040 719 3077 nos.
767 3024 933 3093 tretinqrrit
946 3023 990 3077 ed.
1038 3023 1234 3077 1011111111-

210 3112 272 3149 sum
284 3093 310 3146 V
325 3095 378 3161 ed,
395 3095 445 3148 sed
464 3094 499 3147 cf.
514 3100 540 3160 6,
550 3099 610 3148 578.
633 3094 636 3165 i
657 3096 801 3163 asperiora
810 3093 836 3147 V
849 3097 987 3164 superiore
1002 3095 1045 3149 ed.
1112 3100 1143 3146 11
1163 3101 1234 3148 rct-

213 3171 244 3219 12
264 3165 406 3221 dixeritV
424 3166 569 3220 et-dieit
591 3166 634 3219 ed.
713 3172 746 3219 12
770 3172 905 3234 quoerant
918 3166 944 3219 V
962 3168 1090 3233 perierant
1110 3164 1154 3217 ed.
1174 3167 1233 3233 prri-

211 3244 292 3292 erwrrt
314 3254 372 3292 nos.
404 3237 407 3309 Ι
438 3238 496 3291 aita
519 3254 588 3305 puae
608 3235 634 3289 V
657 3238 767 3305 altaque
790 3254 840 3291 nos
865 3254 985 3306 aequora
1009 3236 1143 3303 interpos.
1163 3236 1206 3289 ed.
1229 3237 1232 3306 i

209 3308 389 3363 bumentiaV
409 3309 452 3362 ed.
513 3314 546 3361 13
565 3309 670 3363 barrae
688 3307 721 3362 V.
781 3314 813 3362 15
829 3311 925 3376 posuit
943 3324 996 3360 om.
1017 3306 1060 3359 ed.
1117 3311 1151 3359 18
1169 3310 1235 3375 post

209 3382 343 3435 ammiras
370 3380 495 3448 spatium
521 3379 670 3434 duodecim
698 3378 857 3432 litterarum
883 3380 979 3442 vacat,
1008 3377 1135 3445 sequitur
1161 3395 1234 3433 more

209 3458 374 3506 mweemerat
391 3450 417 3504 V
440 3450 550 3520 explevi
571 3452 735 3519 plenissima
758 3450 882 3504 inserens
906 3452 935 3503 et
957 3451 1050 3503 timori
1072 3448 1233 3516 emendans,

207 3525 315 3576 temere
333 3525 402 3576 mut.
418 3522 461 3576 ed.
518 3528 632 3576 21-22
650 3523 801 3577 radebatur
819 3538 903 3591 supro
921 3522 1053 3589 sperrirrro
1067 3519 1093 3572 V
1110 3537 1133 3573 r.
1151 3537 1234 3575 ewrsrr

180 3595 385 3655 propper-rm
409 3594 452 3647 ed.
483 3595 601 3651 radebat
625 3611 646 3650 e.
661 3611 708 3665 pr.
727 3610 785 3646 nos.
859 3599 893 3647 22
917 3592 1055 3645 audiendo
1077 3592 1185 3646 dicebat
1210 3592 1233 3644 V

176 3656 311 3714 discebat
329 3680 387 3718 nos
411 3667 546 3738 corrupit
570 3668 613 3725 ed.
696 3672 731 3723 23
754 3664 881 3724 cireccV
904 3664 1018 3720 Circaeo
1035 3663 1080 3717 ed.
1098 3681 1117 3717 o
1134 3663 1232 3717 Circo?

163 3726 206 3773 27
220 3732 366 3789 caedrum
387 3736 413 3791 V
431 3742 477 3809 (et
496 3742 599 3816 infru).
