2725 4150
185 334 250 400 638
470 330 612 386 DONATI
629 331 800 389 INTERPR.
814 330 923 387 VERG.

184 500 417 579 cogitationibus
449 502 555 577 captus
582 501 734 560 intentum
765 501 899 559 animum
928 502 1025 574 tenet,
1055 499 1212 561 dubitanti

184 590 260 667 quid
282 591 394 649 faceret
412 590 520 664 telum,
543 589 592 649 cui
610 591 674 650 fata
697 590 874 668 sanguinem
893 589 1087 649 decreverant
1106 590 1211 665 Turni,

184 680 301 739 Aeneas
324 681 481 755 tamquam
498 680 614 738 fulmen
637 679 729 738 altius
752 679 863 738 extulit
885 680 1026 738 eventum
1042 678 1119 739 lacti
1143 699 1211 739 ocu-

184 769 281 827 lorum
306 768 510 829 aestimationi
533 787 567 828 ac
590 769 729 829 fortunae
748 767 936 828 committens
957 772 989 828 et
1006 769 1106 845 spatio
1130 769 1212 845 qnod

185 857 224 917 ad
245 858 414 917 feriendum
435 876 523 935 posse
547 858 682 917 sufficere
706 858 878 917 decreverat
900 858 1010 917 animo.
1043 862 1070 915 ct
1092 875 1212 932 corpore
1239 872 1250 911 r

184 951 239 1006 toto
263 948 556 1021 amiciciamque:
582 950 697 1025 quanto
724 947 844 1025 longius
872 946 978 1007 aberat
1003 949 1090 1006 tanto
1113 948 1211 1023 plenis

184 1035 297 1096 viribus
319 1037 440 1095 hastam
457 1036 592 1112 intorsit,
615 1039 652 1096 ut
669 1036 825 1113 pervenire
842 1039 946 1113 posset
968 1038 1000 1095 et
1015 1035 1132 1112 inplere
1150 1037 1211 1098 vic·

185 1126 303 1184 teriam.
334 1126 447 1185 mercii
464 1126 576 1185 concito
593 1143 756 1199 emmaum
774 1129 912 1184 torrento
930 1127 974 1184 sie
991 1142 1068 1184 soce
1080 1127 1213 1199 fremant

184 1231 237 1273 nec
258 1215 383 1288 fetetne
406 1215 481 1274 tanti
507 1215 667 1274 comtum
693 1216 833 1287 cepitis:
865 1217 952 1274 tanta
982 1215 1089 1274 hastae
1121 1214 1211 1276 istius

185 1302 244 1363 tuit
265 1303 311 1363 vis
335 1306 367 1363 et
389 1305 489 1363 euntis
512 1303 656 1381 strepitus
686 1306 817 1381 quantus
842 1322 905 1363 esse
930 1323 992 1363 non
1014 1306 1117 1380 potest
1143 1324 1212 1364 cum
1229 1318 1250 1357 ιο

186 1393 288 1453 arietis
306 1396 456 1454 tormento
474 1393 554 1452 muri
568 1394 726 1453 solvuntur
739 1397 793 1453 aut
806 1393 920 1452 fulmen
938 1394 1110 1453 intervenit.
1132 1394 1214 1453 eolat

185 1482 244 1541 otri
266 1484 393 1543 turbinis
415 1485 512 1543 iactor
534 1484 654 1542 ecitiesm
676 1484 777 1542 diresin
798 1482 886 1542 hosta
907 1485 1021 1557 focas:
1045 1483 1143 1558 volat,
1166 1485 1212 1542 in-

186 1571 261 1647 quit,
280 1592 338 1631 non
357 1574 419 1632 iam
437 1573 535 1646 hasta,
553 1572 605 1633 sed
618 1572 855 1633 violentissimus
868 1571 957 1631 turbo
972 1570 1097 1631 exitium
1111 1572 1213 1632 &um

124 1661 283 1721 subserens
305 1662 362 1720 hoc
385 1665 431 1721 est
448 1661 578 1720 letabilo.
609 1679 733 1734 maeque
750 1662 875 1721 recludit
891 1661 999 1720 loriam
1016 1665 1043 1720 et
1061 1662 1147 1734 clipei
1166 1680 1212 1721 ee-

185 1753 290 1809 tremos
307 1749 500 1824 septemplicis
518 1751 609 1821 ordia
624 1768 680 1824 per
693 1752 823 1810 medium
839 1751 967 1809 stridens
980 1751 1089 1809 transit
1100 1753 1213 1825 femur:
1230 1761 1252 1803 ιδ

185 1858 330 1917 magnum
355 1839 451 1899 ictum
481 1842 512 1898 ot
539 1859 649 1918 magna
678 1840 803 1900 missum
829 1841 942 1900 virtute
972 1839 1128 1915 describit,
1160 1841 1213 1917 qui

185 1930 287 2005 potuit
301 1932 370 2005 post
383 1931 431 1989 tot
445 1928 524 1989 orbis
538 1929 628 2005 clipei
636 1930 685 1989 vel
698 1931 824 1989 loricam
837 1948 1028 2006 perrumpere
1040 1931 1071 1988 et
1082 1931 1212 1991 transire

186 2037 240 2096 per
262 2017 391 2078 hominis
409 2018 519 2094 femur,
541 2019 598 2079 hoc
621 2021 745 2080 estnon
764 2018 916 2079 debilitari
934 2020 982 2078 tot
997 2018 1212 2096 inpedimentis

186 2107 282 2167 etsie
305 2109 474 2184 pervenire,
503 2111 539 2168 ut
565 2128 625 2169 non
653 2109 751 2169 solum
779 2109 942 2168 inhaeserit
966 2108 1085 2169 vulneri
1108 2128 1214 2170 verum

186 2196 278 2256 etiam
292 2198 406 2256 exitum
419 2197 538 2257 facilem
552 2198 705 2275 reperiret.
727 2199 831 2258 incidit
843 2200 918 2258 ictus
931 2200 1034 2272 ingens
1048 2198 1089 2257 od
1102 2202 1213 2259 terram
1230 2211 1254 2250 ²⁰

186 2287 333 2361 duplicato
351 2288 463 2362 poplite
484 2288 619 2346 Turnus:
641 2307 800 2365 percussus
824 2307 892 2347 cum
915 2291 995 2348 stare
1017 2306 1078 2346 non
1101 2291 1213 2366 posset,

186 2379 222 2436 ut
239 2377 298 2435 fuit
315 2376 433 2454 ingenti
451 2377 583 2453 corporis
602 2377 714 2452 forma,
736 2379 889 2436 contracto
908 2378 1023 2454 poplite
1043 2376 1082 2436 ad
1100 2380 1214 2437 terram

185 2465 384 2525 intolerabilis
408 2466 518 2526 doloris
549 2467 634 2526 clade
656 2467 818 2543 perductus
842 2467 895 2526 est.
931 2467 1039 2525 incidit
1062 2466 1151 2542 dixit,
1179 2468 1213 2526 in

185 2554 284 2631 ipsam
305 2557 426 2614 tantum
449 2559 566 2632 partem
589 2555 720 2615 concidit
738 2575 798 2631 qua
816 2556 917 2615 fuerat
934 2555 1041 2614 debilis
1060 2555 1212 2615 redditus:

186 2662 256 2702 nam
270 2644 382 2704 diceret
396 2648 509 2705 stratus
524 2648 578 2720 est,
597 2644 623 2705 si
636 2648 702 2704 toto
717 2663 840 2722 corpore
853 2645 1005 2705 iacuisset.
1033 2650 1214 2720 concerperet
1231 2657 1256 2697 ἢ

183 2734 293 2807 gemite
315 2734 421 2793 Rutuli
443 2739 574 2807 totusque
595 2735 720 2811 remepit
746 2751 831 2794 moes
855 2735 965 2794 circumi
987 2738 1014 2792 et
1034 2751 1132 2794 uocem
1155 2735 1214 2794 late

185 2839 307 2882 nemora
330 2823 392 2882 olto
413 2825 577 2882 remittent:
606 2825 663 2883 tali
686 2843 758 2883 casu
781 2825 910 2901 permoti
928 2823 1037 2882 Rutuli
1060 2842 1129 2882 cum
1151 2824 1213 2884 for·

185 2915 291 2970 tunam
313 2912 443 2972 hominis
467 2916 632 2991 gemerent,
656 2914 829 2972 emitterent
847 2915 879 2972 et
898 2914 1055 2988 clamores,
1078 2915 1214 2973 remitte·

185 3000 260 3060 bant
292 3004 407 3060 montes
438 3002 601 3081 mugitum,
633 3022 757 3062 nemora
787 3022 906 3080 quoque
937 3001 1104 3061 reddebant
1135 3021 1212 3079 quas

186 3094 364 3166 acceperant
386 3110 482 3151 voces.
514 3093 541 3151 si
563 3092 669 3151 Rutuli
692 3091 822 3170 gemitus
845 3091 971 3168 dabant,
996 3091 1134 3170 intellegi
1156 3111 1213 3169 par
1231 3106 1256 3147 eo

258 3230 274 3278 3
292 3224 388 3291 fatiV
406 3243 421 3281 c
439 3242 575 3295 superscr.
591 3226 707 3280 manli
724 3226 794 3294 satis
812 3226 856 3280 ed.
936 3232 954 3280 4
977 3227 1167 3282 aestimatione
1187 3227 1213 3281 V

187 3297 362 3351 extimatione
377 3297 451 3367 (sict)
466 3297 509 3351 ed.
530 3299 717 3354 miceatioai
734 3315 793 3353 nos.
849 3304 865 3351 5
883 3299 1028 3365 fereadum
1042 3297 1068 3351 V
1082 3314 1152 3353 corr.
1168 3298 1211 3354 ed.

187 3367 351 3434 tpieaieV
369 3370 521 3424 maioribus
540 3371 584 3424 ed.
635 3371 761 3440 8copito
778 3387 830 3438 pro
849 3371 957 3425 concito
970 3369 1004 3423 V.
1056 3370 1213 3425 tieticsV

186 3438 264 3492 iilius
277 3438 320 3493 ed.
366 3444 400 3494 10
415 3443 491 3495 erecti
500 3440 526 3494 V
535 3458 604 3496 corr.
615 3441 675 3512 edi
692 3443 811 3510 cepitis
825 3441 869 3496 ed.
912 3447 946 3495 14
961 3442 1088 3497 loetabile
1097 3441 1124 3495 V
1134 3443 1213 3497 letale

183 3508 226 3564 ed.
282 3515 315 3564 17
323 3513 421 3582 potuit
434 3511 507 3567 totV
517 3512 560 3567 ed.
571 3528 602 3581 p.
612 3519 678 3582 post
691 3519 710 3568 t.
724 3528 776 3567 nos
790 3515 907 3583 propter
919 3513 969 3568 cei.
982 3513 985 3585 l
1002 3514 1081 3568 urbis
1094 3513 1126 3568 in
1139 3515 1213 3569 orbis

175 3600 248 3642 corr.
262 3584 375 3644 Vman.
385 3585 421 3643 H.
477 3583 823 3656 aohcmttvttecoed.
876 3589 910 3639 27
925 3584 1212 3654 tolieoaupermotiV

165 3660 226 3716 tale·
240 3661 370 3732 seiteina
388 3664 461 3724 moti
480 3661 529 3721 ed.
548 3661 556 3738 l
575 3655 755 3731 foduetomV
775 3657 889 3710 aetitia-ro
899 3656 946 3707 eh.
987 3661 1024 3706 ‘aa
1039 3659 1173 3735 mucium
1186 3655 1212 3709 V

158 3739 231 3794 -tue
251 3738 299 3797 ad.
323 3746 377 3800 ·tc
398 3740 449 3799 ed.
463 3739 546 3815 post.
572 3737 582 3812 t
613 3725 773 3792 rcemmoV
793 3723 910 3779 (sm-Q
973 3726 1011 3773 'ih
1028 3727 1226 3786 &staffi-
