2725 4150
199 345 266 410 480
486 339 626 396 DONATI
643 339 813 396 INTERPR.
827 338 935 395 VERG.

199 510 292 569 etiam
312 509 451 570 Troianis
474 529 535 570 nou
557 510 620 571 sine
642 509 830 570 infinitorum
852 507 941 568 caede
963 508 1092 587 gloriam
1115 527 1211 586 prove

199 600 280 660 nisse
310 619 345 660 ac
374 598 539 678 perdidisse
567 599 720 660 infinitam
745 599 943 673 iuventutem,
978 616 1068 675 quam
1098 597 1226 658 illorum

199 691 341 766 putamus
355 688 489 750 extitisse
502 687 682 750 victoriam?
710 688 804 750 vincit
817 687 869 748 ille
888 688 942 765 qui
959 707 995 747 ex
1013 689 1225 765 congressione

199 779 273 838 belli
299 778 363 839 sine
391 779 475 839 clade
503 779 685 839 discesserit:
715 781 748 838 at
775 780 828 838 isti
850 780 881 838 et
908 776 1071 838 amiserunt
1098 795 1170 837 suos
1196 780 1227 837 et

199 869 268 945 pari
291 869 488 928 certaminum
510 871 688 946 tempestate
711 866 846 929 subversi
869 869 947 927 sunt.
985 885 1063 943 quae
1088 884 1156 925 eum
1179 866 1226 926 ita
1255 880 1266 922 s

200 959 275 1032 sint,
305 977 359 1018 cur
380 956 414 1016 in
434 957 510 1035 ipsis
532 959 628 1018 initiis
651 957 802 1016 deficimus
826 958 857 1015 et
879 959 949 1016 ante
976 957 1110 1016 sonitum
1132 955 1226 1015 tubae

201 1048 334 1125 graviter
352 1045 628 1107 contremiscimus?
652 1048 682 1105 et
701 1047 770 1105 ante
789 1045 895 1105 solitus
910 1047 956 1105 est
968 1048 1132 1122 utcumque
1149 1044 1225 1103 rele-

199 1155 272 1196 vare
294 1135 445 1195 malorum
467 1138 640 1212 apertorum
663 1133 810 1194 invidiam
834 1137 865 1194 et
887 1153 958 1194 vera
981 1133 1066 1194 falsis
1090 1134 1223 1193 obruere.

200 1243 272 1283 nem
298 1243 358 1284 non
381 1244 479 1302 aequa
504 1224 784 1301 utriusquepartis
812 1223 967 1284 calamitas
995 1223 1055 1282 fuit
1085 1215 1169 1305 (nem
1191 1223 1225 1282 in

201 1313 298 1389 ipsius
320 1313 443 1392 gravior
463 1306 576 1393 magis)
600 1315 631 1372 εὴ
652 1329 714 1371 non
731 1313 854 1373 initium
872 1314 973 1373 fuerat
994 1312 1080 1388 belli,
1103 1312 1224 1389 quando
1244 1330 1268 1370 ro

200 1402 263 1462 iam
286 1403 444 1464 constabat
467 1421 556 1480 saepe
579 1405 609 1461 et
630 1402 710 1461 male
732 1405 914 1482 pugnatum,
939 1405 1099 1462 tremorem
1122 1404 1226 1462 autem

201 1512 261 1552 non
279 1495 469 1571 repentinum
486 1491 550 1551 fore
569 1510 605 1550 ex
622 1491 767 1551 tubarum
785 1491 988 1570 clangoribus,
1008 1492 1060 1552 sed
1074 1492 1226 1552 usitatum

202 1584 233 1640 et
251 1603 286 1642 ex
304 1582 437 1642 adversis
459 1581 548 1641 malis
567 1581 709 1640 anticum
742 1582 856 1640 interea
880 1584 952 1658 quia
972 1581 1075 1658 potuit
1091 1582 1125 1640 in
1143 1601 1224 1640 men·

202 1672 288 1732 dacio
303 1669 447 1746 convinci,
461 1669 578 1730 addidit
592 1671 682 1730 etiam
695 1670 756 1731 ista
769 1672 956 1731 consentiens
971 1670 1124 1730 subtiliter
1131 1669 1225 1730 veris:

139 1763 296 1821 eremeliae
318 1762 380 1820 dies
402 1761 561 1833 eamusque
583 1759 667 1818 lotor
688 1760 839 1820 mutabilis
858 1761 923 1818 acet
940 1760 1049 1818 rettulit
1062 1761 1095 1817 tn
1109 1760 1224 1829 melius,
1243 1775 1266 1817 rs

201 1852 307 1909 multos
335 1850 450 1909 altena
476 1850 606 1909 revisens
633 1849 705 1908 lusit
731 1853 757 1908 et
781 1850 814 1907 ta
841 1849 933 1907 solido
966 1866 1074 1908 rursus
1102 1851 1226 1922 fortune

203 1940 314 1998 urceo.
345 1941 437 2013 certe,
459 1938 573 2016 inquit,
596 1938 624 1998 si
646 1938 771 1998 adverso
796 1940 906 1998 eventu
930 1939 1145 2016 pugnavimus
1176 1939 1225 1997 de·

201 2029 343 2087 tumenta
365 2027 528 2105 superioris
555 2028 700 2105 temporis
723 2028 834 2089 futuris
858 2046 1015 2105 possumus
1039 2026 1226 2089 successibus

201 2135 350 2192 reparare.
396 2117 476 2176 ludit
502 2117 582 2177 enim
608 2118 743 2178 homines
773 2118 894 2178 fortuna
921 2122 953 2177 et
980 2117 1148 2193 superiores
1177 2117 1225 2177 de·

201 2206 256 2264 icit
270 2206 432 2282 aliquando
452 2209 483 2265 et
497 2207 587 2286 erigit
601 2206 765 2284 aliquando
784 2207 922 2267 deiectos.
953 2208 1050 2266 multa
1069 2206 1132 2267 dies
1151 2208 1225 2267 haec
1243 2223 1268 2263 so

201 2297 337 2371 praestat
369 2298 400 2355 εὴ
428 2295 578 2356 indefessa
608 2296 721 2356 laboris
752 2296 912 2371 instantia,
950 2297 1073 2357 venient
1098 2296 1226 2356 meliora

202 2386 351 2460 posterius
374 2388 405 2444 εὴ
427 2388 531 2447 nostra
560 2386 716 2445 commoda
738 2390 888 2463 proventu
910 2385 1031 2445 meliore
1054 2386 1225 2445 firmabunt.

202 2475 363 2549 respondet
392 2479 423 2534 et
451 2475 499 2533 illi
524 2476 607 2550 parti
636 2494 698 2551 que
720 2475 879 2535 Diomedes
910 2475 1006 2534 dictus
1036 2477 1083 2536 est
1112 2475 1226 2534 auxilia

203 2562 377 2642 denegasse:
406 2581 467 2624 noa
489 2564 544 2624 erit
570 2565 681 2624 auxilio
709 2565 793 2624 nobis
815 2563 937 2624 Aetolus
966 2568 991 2623 et
1013 2562 1099 2637 Arpi.
1145 2565 1226 2640 inde,

202 2651 317 2730 inquit,
336 2652 460 2713 consilio
479 2657 510 2713 et
527 2656 626 2714 mente
645 2654 810 2730 defecistis,
834 2656 906 2730 quia
924 2654 1079 2713 Diomedis
1098 2655 1226 2715 societas
1246 2669 1271 2710 rs

203 2742 287 2802 vobis
315 2742 454 2820 prodesse
484 2743 590 2802 noluit
636 2747 668 2803 at
689 2744 850 2817 Messapos
878 2744 932 2802 erit
958 2743 1084 2817 felixque
1108 2743 1227 2802 Tolum-

140 2833 273 2891 480m'us
300 2837 326 2891 et
352 2849 423 2905 quos
450 2835 491 2891 tot
511 2833 617 2907 populi
642 2834 748 2892 misere
775 2833 862 2892 duces
890 2850 943 2891 neo
964 2851 1065 2906 porca
1092 2838 1227 2906 sequetur

201 2921 298 2995 glorio
321 2922 440 2981 delectos
458 2921 548 2981 Latro
566 2925 593 2982 ct
609 2922 812 2981 Laurentibus
830 2923 926 2996 apris:
949 2922 1002 2999 qui
1020 2941 1087 2981 vere
1106 2923 1228 2982 fuerant

203 3010 258 3070 hos
286 3010 415 3089 propriis
443 3010 615 3071 nominibus
643 3010 826 3089 designavit,
857 3030 931 3088 quos
961 3011 1038 3070 falso
1069 3011 1228 3072 adserebat

203 3100 384 3177 generaliter
400 3100 515 3180 tetigit:
534 3118 682 3178 quosque,
701 3100 759 3176 ait,
776 3104 823 3160 tot
839 3100 943 3178 populi
962 3099 1051 3160 duces
1069 3102 1227 3161 miseumt.
1247 3117 1272 3158 eo

204 3208 274 3266 non,
291 3189 401 3267 inquit,
415 3208 510 3267 parva
528 3194 671 3265 sequetur
684 3188 781 3268 gloria
800 3208 875 3267 quos
892 3188 1037 3250 habemns
1057 3209 1091 3249 ex
1110 3190 1227 3251 civibus

204 3277 297 3338 lectos
315 3278 403 3339 Latio
423 3281 453 3338 et
471 3278 671 3339 Laurentibus
696 3280 786 3359 agris.
820 3278 918 3338 laudis
937 3280 1001 3338 loco
1021 3281 1066 3338 est
1083 3278 1228 3357 positum,

204 3371 240 3426 ut
257 3370 368 3428 nature
386 3370 478 3430 fortes
499 3368 718 3448 intellegantur
736 3386 810 3447 quos
828 3368 921 3427 Italia
939 3371 1074 3446 generat,
1099 3388 1229 3446 quorum

278 3525 293 3575 8
318 3523 385 3576 vicit
409 3521 453 3575 ed.
530 3527 547 3575 4
572 3523 695 3579 discessi
720 3521 763 3576 ed,
841 3526 856 3573 ‘1
882 3522 989 3576 sonitus
1008 3520 1034 3574 V
1059 3522 1156 3577 solitus
1182 3521 1226 3577 ed.

206 3595 240 3645 10
259 3593 348 3661 ipsius
361 3592 387 3646 V
406 3596 453 3662 (sc.
472 3596 564 3662 perte)
582 3596 651 3663 ipsis
668 3596 711 3649 eis
729 3593 772 3648 ed.
828 3598 861 3646 27
881 3594 1004 3661 sequitur
1016 3591 1051 3646 V.
1106 3596 1140 3646 30
1160 3609 1228 3661 quos

204 3664 280 3720 velut
296 3663 323 3719 V
344 3666 417 3722 uelut
438 3681 506 3734 quos
527 3664 589 3720 edF
615 3682 733 3735 presque
755 3665 798 3719 ait
819 3681 882 3731 nos,
903 3664 970 3733 quia
988 3666 1061 3720 uelut
1078 3663 1227 3719 intellectu

200 3738 288 3794 caret.
316 3736 324 3815 J
352 3738 486 3795 miseram
499 3736 525 3790 V
539 3736 582 3792 ed.
