2725 4150
546 327 730 384 AENEIDOS
749 327 801 383 XII
1119 333 1184 397 607

160 516 303 575 campum
321 499 459 574 apertum
477 497 561 573 dixit,
576 497 648 574 quia
666 498 760 558 caesis
773 496 909 557 hostibus
924 498 971 557 vel
985 501 1082 557 metus
1096 516 1187 558 ceusu

160 586 276 664 sparsis
303 604 417 647 vacuus
444 586 604 646 videbatur
633 591 664 648 et
692 589 812 664 patons3
843 586 983 664 rapiebat
1004 585 1084 662 ideo,
1115 589 1187 664 quia

160 676 316 736 volantem
340 695 432 755 suprs
454 676 626 753 descripsit,
654 678 691 735 ut
712 676 914 737 nectentibus
937 678 1032 737 hostis
1056 696 1116 735 non
1139 696 1186 736 oc-

161 767 296 826 curreret
326 767 529 826 resistentium
558 784 651 825 more.
684 767 781 839 quotis
803 767 855 826 nbi
882 767 922 825 ad
946 770 1041 826 terres
1064 768 1188 840 abrupto

129 874 143 914 o
161 855 259 915 sidere
280 855 399 915 nmen
421 857 445 915 it
465 872 548 914 mere
566 872 623 928 per
643 855 787 914 medium:
816 858 932 932 quantu
955 857 1000 916 vis
1027 859 1072 915 est
1094 856 1189 915 nimbi

162 962 244 1021 quae
267 943 415 1004 condatur
442 963 477 1004 ox
506 961 618 1022 magns
644 944 817 1020 pluviarum
846 944 945 1022 copis,
976 946 1026 1005 oui
1047 946 1119 1005 licet
1145 946 1188 1004 ire

161 1054 218 1112 per
246 1032 379 1094 medium
407 1052 499 1093 mure.
530 1035 647 1092 misnis
668 1034 725 1093 beu
742 1035 883 1109 praescia
910 1035 992 1110 tonpe
1020 1035 1190 1094 torrescunt

161 1122 255 1183 corda
277 1123 428 1198 musclis:
446 1141 506 1182 non
528 1122 608 1182 enim
626 1126 710 1199 prius
732 1124 841 1184 fluctus
864 1123 966 1202 pelagi
983 1125 1107 1200 scindit,
1130 1124 1190 1184 nisi

162 1215 235 1273 unte
257 1211 426 1289 pervaserit
447 1231 582 1291 campos,
605 1212 733 1290 denique
757 1214 893 1289 sequitur
915 1214 997 1272 dubit
1014 1214 1063 1273 itte
1083 1215 1190 1273 ruinas

115 1325 143 1365 ro
162 1301 322 1361 arboribus
344 1306 526 1376 struynnmce
552 1303 641 1361 sutis:
669 1303 744 1362 setis
772 1303 848 1362 dixit
874 1302 1000 1363 diversis
1027 1303 1189 1363 seminibus

161 1393 262 1450 terroe
284 1390 443 1451 mundetis.
479 1395 544 1450 ruet
565 1392 667 1451 onmia
686 1392 755 1461 tute,
780 1392 837 1451 hoc
860 1395 906 1452 est
928 1392 989 1452 late
1012 1395 1188 1469 prosternet.

165 1484 235 1540 nm
257 1480 358 1539 uolunt
374 1480 556 1554 seniumque
573 1482 674 1554 ferunt
691 1481 732 1540 ud
750 1482 837 1540 litora
856 1483 949 1540 uenti:
970 1483 1087 1541 torrens
1110 1483 1251 1544 enimrss

162 1571 234 1646 post
253 1571 369 1648 strages
392 1572 424 1629 et
446 1568 604 1629 arboribus
627 1569 750 1630 stertis
768 1571 880 1630 inlotae
902 1590 970 1631 cum
988 1571 1191 1648 propinquare

162 1660 196 1718 in
213 1677 297 1718 mare
317 1659 460 1734 cooperit,
483 1659 636 1734 praecedit
654 1678 723 1719 eum
741 1661 858 1719 sonitus
877 1679 1024 1738 aquarum
1042 1661 1085 1735 et,
1108 1663 1190 1720 unto-

118 1771 143 1810 u
163 1767 257 1826 quum
280 1749 345 1825 ipss
367 1747 535 1824 perveniet,
565 1748 653 1827 signa
680 1749 744 1808 eius
772 1750 908 1810 volantes
937 1750 1077 1809 adferunt
1099 1749 1190 1809 venti.

164 1837 234 1898 tuiis
251 1837 286 1895 in
304 1837 443 1897 aduersos
461 1838 562 1896 ductor
575 1838 731 1897 Rtroeteins
753 1839 842 1898 bostis
866 1857 970 1913 numen
992 1841 1067 1914 cpit:
1089 1858 1190 1915 quem·

165 1925 326 1986 admodum
361 1945 469 2004 agmen
503 1945 651 2004 equarum
687 1928 871 1987 torrentibus
906 1928 1125 2006 praecipitatur
1160 1933 1191 1988 et

164 2017 255 2096 urget
268 2015 301 2075 in
314 2033 397 2076 mare
415 2035 476 2076 non
494 2016 557 2077 sine
577 2036 681 2077 eorum
698 2018 828 2094 pernicie
843 2037 896 2095 per
904 2037 987 2098 ¹quue
1001 2017 1079 2077 forte
1093 2020 1190 2079 truns-

164 2107 246 2181 ierit,
277 2104 320 2165 sic
349 2123 419 2165 cum
445 2107 564 2185 agmine
594 2126 648 2166 suo
678 2108 795 2167 Aeneas
823 2108 856 2166 in
882 2107 1011 2169 Rutulos
1039 2109 1191 2168 ferebatur

125 2214 150 2253 so
166 2195 304 2255 infestus.
323 2194 422 2254 dorsis
435 2197 536 2255 uineis
548 2213 580 2255 se
594 2198 714 2271 quisque
723 2199 828 2257 coactis
838 2198 1052 2271 odubmerent:
1063 2200 1191 2257 multum

166 2285 246 2343 enim
268 2285 353 2344 volet
369 2285 566 2361 plurimorum
589 2286 622 2344 in
644 2306 738 2345 unum
757 2289 856 2346 artata
875 2287 1041 2364 congestio,
1064 2288 1190 2363 proinde

165 2374 372 2451 unusquisque
395 2392 425 2433 se
455 2373 591 2451 stipabat
616 2375 648 2433 in
678 2394 819 2451 cuneum,
851 2396 888 2434 ne
919 2377 1083 2453 oportunus
1106 2376 1192 2435 fieret

165 2464 264 2523 morti.
302 2463 372 2536 ferit
403 2480 469 2522 ense
498 2482 618 2538 prooem
651 2464 852 2539 ibumbruens
885 2464 1007 2534 Osirim,
1039 2464 1191 2524 Arcetinm

166 2553 351 2621 Mnestheus,
373 2552 540 2626 Epulonem
562 2555 716 2613 obtruncet
735 2551 862 2614 Achates
886 2555 1074 2627 Ufentemque
1094 2554 1252 2629 Gpesmso

129 2653 151 2697 u
167 2642 327 2701 obtruncat
344 2640 383 2700 ed
402 2642 498 2701 omnis
516 2661 705 2718 percussores
723 2644 863 2721 pertinet,
881 2644 1077 2720 Mnestheum,
1093 2644 1191 2704 Acho-

166 2732 230 2807 ten,
249 2728 346 2807 Gyan.
378 2732 458 2790 cudit
473 2733 537 2805 ipse
552 2732 727 2791 Totmnnius
745 2752 849 2808 auqur,
865 2734 983 2806 primus
1001 2735 1033 2791 in
1052 2734 1191 2793 aduersos

166 2821 255 2879 tetum
277 2821 328 2893 qui
350 2824 474 2880 torserat
494 2821 599 2880 bostis:
628 2823 710 2898 quod
737 2822 781 2882 uit
807 2824 885 2899 ipse,
914 2824 1034 2899 poterut
1056 2822 1191 2882 dubitari

168 2909 239 2987 quid
272 2909 467 2988 significaret,
498 2910 566 2968 ideo
596 2913 652 2971 boc
684 2910 783 2988 ipsum
814 2912 897 2987 prior
926 2913 1065 2989 exposuit
1093 2914 1190 2989 poeta,

167 2998 284 3074 cecidit,
301 2998 411 3076 inquit,
428 2998 493 3077 ipse
514 3019 611 3077 augur
624 3000 801 3060 Tolumnius
823 3002 876 3077 qui
894 3000 1041 3060 mittendo
1055 3002 1190 3063 iaculum

115 3091 152 3144 to
167 3087 283 3165 primus
305 3088 441 3148 turbavit
462 3088 590 3149 foederis
613 3092 711 3165 pacta.
744 3091 854 3149 totlitur
876 3091 909 3149 in
932 3092 1044 3150 caetum
1067 3092 1190 3151 clamor.-

241 3300 255 3348 1
279 3301 366 3350 metus
387 3312 474 3350 ccusc
492 3295 518 3349 V
540 3301 613 3350 metu
637 3296 680 3350 ed.
756 3299 978 3353 insistentium
994 3297 1020 3350 V
1034 3297 1087 3351 edI
1106 3315 1190 3366 prue-

167 3366 285 3421 sentium
303 3365 374 3421 eds.
440 3372 457 3420 8
476 3373 538 3422 ndis
555 3373 669 3436 anteper
687 3370 801 3424 eraserit
814 3368 840 3422 V
858 3371 915 3423 nisi
933 3376 997 3425 ante
1015 3371 1127 3424 eraserit
1145 3368 1189 3423 ed.

169 3444 200 3492 11
225 3439 285 3492 neit
301 3436 328 3490 V
346 3438 399 3505 ed,
423 3438 473 3492 sod
495 3439 525 3492 in
548 3438 664 3507 interpr.
684 3447 838 3509 prosternet
857 3440 889 3507 V,
909 3456 995 3509 quere
1012 3447 1073 3495 ruet
1091 3440 1191 3509 scripsi

164 3510 316 3577 prosternit
338 3510 381 3563 ed.
456 3515 489 3564 18
507 3516 574 3566 sunt
589 3509 615 3564 V
633 3513 693 3566 sine
716 3529 785 3566 corr.
805 3511 848 3567 ed.
923 3518 956 3566 19
979 3513 1138 3578 ferebantur
1155 3511 1190 3567 V.

169 3585 203 3633 20
231 3580 323 3635 densis
346 3580 371 3634 V
399 3581 477 3637 densi
504 3582 547 3635 ed.
577 3583 607 3636 et
633 3582 717 3653 Verg.
746 3583 820 3638 libri.
898 3590 932 3637 23
960 3585 1119 3641 Archetium
1146 3584 1189 3639 ed.

169 3657 203 3705 26
221 3652 385 3707 inadversus
398 3652 430 3707 V.
505 3658 539 3709 28
554 3655 637 3725 prius
657 3654 703 3711 ed.
775 3660 812 3711 ‘tt
830 3657 924 3726 inquit
942 3674 1000 3711 om.
1016 3657 1064 3709 sb.
1082 3657 1104 3723 V
1121 3657 1204 3706 tenu

162 3722 219 3773 lum
236 3721 262 3774 V
276 3724 359 3777 telum
377 3724 421 3781 ed.
