2725 4150
577 327 760 384 nunninus
779 327 818 383 xr
1141 331 1206 398 421

188 497 345 577 agendam.
385 499 455 574 post
476 498 608 576 ingentis
630 495 726 576 igitur
747 497 876 576 gemitus
899 500 973 559 haee
996 497 1127 559 addidit:
1155 516 1209 559 reos

188 589 267 648 olias
289 588 357 647 ttae
379 588 420 647 ud
443 588 596 646 fuerimus:
619 605 726 647 oausae
750 587 862 648 adserit
879 588 991 648 deserti
1008 588 1137 663 funeris3
1160 586 1208 646 de·

187 677 295 736 buerat
324 676 436 755 qnippe
463 677 555 737 etiam
587 675 656 736 aliis
684 677 884 738 humanitatis
916 677 1094 755 obsequium
1124 676 1210 736 reddi

188 767 296 845 quibus
320 765 506 826 debebantur
528 766 678 843 exequiae.
714 766 771 841 ite,
793 765 908 843 inquit,
930 785 997 843 vos3
1019 767 1106 828 nobis
1130 765 1209 825 enim

155 857 370 916 sredeundum
393 859 439 916 est
465 873 526 914 non
549 856 588 915 ad
614 873 661 914 res
685 855 794 927 laetas,
823 856 875 915 sed
903 855 941 916 ad
970 857 1046 917 alias
1069 856 1209 916 lacrimas

185 949 218 1004 et
240 946 440 1022 plurimorum
466 946 606 1004 funerum
633 944 828 1021 sepulturam.
874 945 975 1005 eadem
997 946 1119 1006 barido
1142 945 1210 1005 bela·

185 1036 253 1109 fato
270 1038 388 1094 vocarat:
410 1053 463 1093 neo
482 1031 677 1093 deserendum
696 1036 742 1093 est
759 1033 881 1110 bellurn,
901 1034 1119 1113 quodpropter
1135 1035 1210 1095 haec

186 1123 309 1183 videtur
331 1142 394 1183 esse
418 1124 554 1183 dilatum.
592 1141 684 1199 quam
706 1123 829 1198 pulchre
851 1123 1046 1200 poenitum,
1068 1144 1105 1185 ne
1127 1123 1209 1184 vide·

185 1215 269 1272 retur
286 1212 403 1273 Aeneas
426 1212 508 1272 solus
532 1211 570 1272 ab
589 1212 732 1289 obsequio
751 1212 864 1272 funeris
884 1214 963 1292 regis
983 1213 1136 1274 decedere!
1171 1214 1210 1273 ad

140 1322 167 1362 ro
185 1320 247 1361 non
269 1303 360 1361 semel
383 1301 669 1378 accipiundumst,
700 1303 734 1360 ut
763 1301 805 1362 sit
832 1321 888 1362 nos
911 1302 981 1362 hino
1005 1302 1044 1363 ad
1067 1303 1142 1363 alias
1165 1304 1208 1362 la·

185 1393 294 1450 orimas
313 1391 377 1451 fata
395 1394 506 1451 vocant
522 1393 553 1450 et
571 1390 681 1451 adalia
694 1392 809 1451 ineerta
823 1391 978 1452 bellorum.
1005 1393 1099 1462 soloe,
1119 1386 1209 1452 aeter·

185 1499 258 1538 aum
284 1481 357 1540 mibi
384 1481 512 1540 maxime
535 1480 636 1549 Palla,
665 1484 870 1555 aeternumque
892 1483 972 1541 vale:
998 1483 1031 1540 in
1055 1483 1209 1542 aeternum

184 1570 277 1644 solve,
290 1569 322 1628 in
341 1572 497 1629 aeternum
509 1569 578 1630 vale
596 1573 626 1629 et
643 1570 677 1628 in
691 1571 847 1630 aeternum
860 1571 997 1646 maxime,
1015 1569 1103 1648 quasi
1120 1571 1209 1630 illurn

183 1659 291 1718 merito
314 1661 418 1718 tantae
441 1658 564 1718 virtutis
586 1659 666 1718 inter
688 1659 825 1719 inlustris
845 1662 876 1720 et
895 1660 1008 1736 primos
1028 1663 1106 1720 esset
1123 1660 1208 1719 habi·

139 1751 255 1808 utura
284 1750 429 1808 memoria
457 1748 507 1808 vel
535 1749 600 1825 ipse
627 1748 745 1808 Aeneas
777 1749 896 1808 nullum
925 1750 967 1809 sio
998 1753 1075 1810 esset
1107 1750 1207 1809 animo

183 1840 364 1898 retenturus.
398 1840 609 1914 aeternumque
627 1838 695 1897 vale
714 1840 745 1897 et
758 1839 853 1898 salve:
872 1857 1043 1915 supremam
1057 1839 1209 1916 oonplevit

184 1926 396 1986 defunctorum
414 1926 637 2001 salutationem,
656 1945 734 2003 quae
752 1928 876 1987 inventa
895 1930 941 1988 est
953 1928 1030 2004 ideo,
1049 1929 1121 2005 quia
1138 1931 1209 2007 post

184 2036 251 2077 eam
269 2015 366 2077 videri
382 2034 443 2076 non
460 2019 594 2093 possunt
624 2033 677 2076 aec
690 2016 785 2091 ptura
803 2019 909 2090 effatus
928 2018 969 2078 od
986 2018 1061 2080 altos
1074 2019 1208 2080 tendebat

182 2123 284 2165 muros
295 2108 526 2182 pressurarum
535 2107 769 2180 castroforebat:
787 2106 840 2183 qui
850 2108 929 2166 enim
942 2108 1066 2169 celerius
1075 2128 1206 2169 remeare

136 2217 165 2258 ao
183 2195 350 2273 cogebatur
371 2215 431 2255 non
456 2195 559 2255 debuit
580 2195 719 2272 plurimis
742 2195 835 2272 loqui.

254 2285 379 2359 Iamque
401 2290 531 2344 oratores
559 2285 684 2345 aderard
711 2302 745 2344 ea
771 2286 844 2345 urbe
865 2286 981 2346 Latiae
1003 2286 1091 2347 velati
1112 2289 1207 2347 ramis
1217 2293 1269 2343 100

183 2374 263 2433 oleae
276 2376 448 2448 ueniamque
456 2378 627 2448 precautes.-
649 2394 716 2435 eooe
735 2374 866 2435 ostendit
880 2377 1004 2435 eventus
1018 2396 1079 2436 non
1093 2377 1206 2435 frustra

182 2463 307 2522 Aenean
329 2468 523 2541 properatum
547 2463 678 2523 reditum
699 2465 854 2540 habuisse3
877 2483 948 2524 nam
970 2483 1038 2525 oum
1059 2467 1207 2525 remearet

183 2552 223 2611 ad
242 2556 353 2628 eastra,
371 2552 532 2613 veniebant
544 2553 605 2612 iam
624 2573 660 2611 ex
677 2553 751 2613 urbe
764 2552 876 2615 Latina
889 2553 974 2614 missi
993 2555 1047 2631 qui
1064 2557 1206 2632 rogarent

135 2662 163 2703 as
183 2644 214 2700 et
232 2641 351 2701 veniam
369 2645 571 2719 precarentur,
589 2644 791 2719 praeferentes
810 2643 897 2721 signa
911 2643 993 2721 pacis
1008 2648 1039 2703 et
1052 2643 1206 2704 foederum

181 2732 216 2789 in
239 2730 394 2791 frondibus
418 2731 505 2808 oleis3
527 2733 601 2791 haee
619 2730 700 2791 enim
717 2734 858 2809 consequi
877 2733 1045 2810 cupiebant.
1078 2732 1204 2809 denique

183 2820 257 2896 quid
280 2820 405 2897 ferrent,
433 2821 508 2898 quid
532 2823 673 2897 optarent
702 2823 795 2881 etiarn
818 2822 903 2881 taciti
933 2822 1101 2901 significare
1124 2821 1205 2883 vide-

182 2910 303 2969 bantur.
348 2912 393 2970 ita
425 2929 528 2987 eorum
559 2909 740 2970 desiderium
773 2909 986 2971 ostendebatur
1018 2914 1143 2990 aspectu
1175 2915 1206 2971 et

182 2999 382 3059 nuntiabatur
406 3000 480 3061 oleis
503 3001 594 3060 ramis
619 2998 727 3076 quibus
751 2999 873 3059 fuerant
898 3002 1035 3061 coronati
1057 3001 1203 3062 adventus

135 3107 303 3164 aequoque
327 3107 437 3149 eorum.
474 3088 581 3148 dehine
604 3088 666 3148 alia
690 3088 836 3149 subicitur
858 3107 963 3150 causa:
993 3108 1128 3164 corpora,
1148 3108 1205 3164 per

256 3300 474 3350 aramus-o
496 3297 666 3364 sepultarum
691 3313 745 3351 om.
769 3296 812 3350 ed.
893 3296 1038 3352 anemae
1060 3314 1113 3353 om.
1133 3298 1203 3381 eds

182 3367 247 3421 dere
266 3365 292 3418 V
315 3368 439 3422 deoedm
463 3366 506 3421 ed.
581 3371 613 3421 11
639 3368 705 3434 post
729 3368 1205 3436 saloe,nonpostmrbtdistinx1

182 3440 300 3506 propter
321 3438 438 3507 interpr.
511 3443 544 3493 1⁷
566 3438 680 3493 iuventa
697 3438 723 3493 V
740 3438 794 3494 edI
815 3440 922 3494 intrusa
941 3440 1011 3493 eor.
1085 3447 1118 3495 22
1142 3457 1205 3496 ooa-

182 3510 271 3563 tendit
284 3508 310 3562 V
324 3510 378 3565 edI
402 3510 521 3565 adrodit
543 3509 613 3564 edF.
692 3515 727 3563 24
748 3511 893 3566 denudaret
909 3512 982 3567 euim
995 3510 1022 3565 V
1038 3529 1063 3567 o.
1078 3514 1135 3567 iam
1154 3528 1205 3567 nos

183 3582 256 3636 enim
275 3598 329 3635 orn.
344 3582 387 3635 ed.
465 3587 499 3635 26
519 3582 732 3649 predicareatar
745 3582 771 3637 V
785 3588 927 3653 poscerent
945 3582 994 3637 ed.
1063 3589 1102 3636 22
1128 3584 1221 3650 aaut·

181 3653 264 3718 tourr'
277 3652 303 3705 V
321 3670 367 3708 -re
388 3668 439 3707 nos
460 3654 618 3724 aptificare
637 3670 737 3727 cupere
762 3654 807 3713 ed.
881 3660 920 3711 22
940 3656 1012 3711 dats
1029 3656 1076 3725 tet
1091 3666 1189 3718 supra
1201 3649 1246 3696 un

183 3729 203 3787 7,
218 3724 281 3788 154)
299 3722 325 3775 V
337 3719 413 3779 oleae
429 3724 473 3779 ed.
