2725 4150
557 355 742 412 AENEIDOS
757 356 809 412 VH
1150 359 1192 425 83

168 526 294 588 Iunonis
318 546 421 588 verum
444 528 537 586 etiam
558 526 633 603 ipsis
661 546 780 604 qnoque
810 524 903 586 oculis
931 524 1084 586 subderet:
1113 526 1193 601 quod

168 616 319 676 referebat
331 616 431 676 verbis
445 615 654 676 ostentationis
668 617 737 691 fnit,
756 614 837 691 quod
854 613 1043 674 monstrabat
1055 615 1192 691 plenissi-

168 725 236 766 mae
250 704 445 783 probationis.
474 706 530 775 dic,
544 707 578 764 tn
591 705 754 765 amicitiam
766 708 869 765 coeant
882 707 909 762 et
920 704 1041 776 foedera
1057 705 1191 778 irrepant,

169 795 406 869 quampridem
432 793 566 854 Ausonio
598 795 726 869 respersi
757 794 903 868 scopatae
934 794 1075 852 Teucros:
1112 793 1193 870 qnod

139 885 236 944 sfieri
257 903 314 960 pro
336 886 389 943 tua
410 884 567 944 voluntate
589 903 656 944 meo
683 883 850 942 ministerio
874 881 978 942 debuit
999 883 1115 942 facturn
1137 884 1192 957 est,

168 974 282 1051 polluti
304 976 376 1032 sunt
397 972 522 1032 Troiani
544 974 691 1050 sanguine
709 971 901 1048 Latinorum,
922 974 1010 1033 tanta
1032 991 1068 1031 ex
1090 990 1126 1031 eo
1144 991 1192 1031 ex-

168 1063 235 1123 titit
253 1080 345 1123 cansa
364 1061 545 1137 discordiae,
567 1065 602 1121 ut
620 1063 713 1121 etiam
733 1081 768 1121 ex
785 1063 942 1122 voluntate
960 1064 1016 1122 tua
1033 1060 1193 1122 concordia

167 1153 351 1230 populorum
367 1151 504 1229 reparari
521 1170 579 1210 non
595 1152 700 1228 possit.
730 1169 795 1211 ecce
810 1153 958 1228 quantum
971 1150 1064 1211 Furia
1082 1151 1192 1230 gloria·

163 1245 232 1318 tur,
272 1243 421 1317 quantum
457 1259 520 1301 sese
557 1241 675 1301 extollit
706 1240 845 1301 adserens
878 1239 1057 1317 dissipatam
1088 1260 1194 1318 pacem

126 1348 151 1388 ro
167 1331 317 1409 integrari
344 1349 406 1390 non
434 1349 536 1408 posse,
565 1329 684 1390 etiamsi
712 1331 780 1407 ipsa
808 1329 886 1389 Iuno
917 1330 1030 1390 satiata
1059 1332 1193 1407 partium

168 1419 312 1481 caedibus
326 1420 405 1480 hano
421 1421 497 1479 relit
513 1419 546 1478 in
559 1420 711 1498 integrum
729 1436 878 1479 revocare.
906 1418 946 1478 ad
958 1420 1193 1496 perpetuitatem

168 1510 338 1570 discordiae
360 1511 491 1587 pertinet
516 1508 598 1586 quod
624 1509 759 1585 positum
786 1510 832 1567 est
855 1526 874 1566 a
896 1507 1033 1567 Troianis
1061 1507 1193 1585 primum

166 1600 298 1658 inlatam
321 1598 442 1659 caedem
464 1597 621 1672 Ausoniis,
649 1598 704 1675 qui
725 1598 895 1656 novitatem
922 1615 1008 1657 auam
1037 1596 1191 1658 funeribus

167 1687 333 1748 inferendis
356 1686 621 1748 commendandam
643 1704 707 1746 esse
731 1685 927 1745 crediderant.
966 1685 1019 1746 hoc
1037 1687 1124 1745 etiam
1146 1687 1192 1745 bis

124 1794 150 1835 11
168 1779 293 1847 eddom,
312 1782 366 1837 too
387 1778 415 1836 sc'
431 1777 504 1836 mibi
522 1781 600 1836 certo
617 1776 767 1844 soleatos,
788 1775 934 1847 finitimos
951 1775 984 1833 ta
1003 1776 1078 1834 bello
1095 1776 1192 1848 ferum

167 1867 338 1926 rumoribus
359 1867 443 1926 urbis
466 1865 678 1940 accendamque
701 1865 816 1924 animos
833 1865 936 1924 insoni
953 1865 1066 1924 Mortis
1084 1881 1191 1934 amore,
1202 1877 1254 1927 550

167 1954 317 2032 [undiquc
341 1960 375 2014 11
401 1956 513 2015 condio
541 1956 677 2024 emicat
706 1971 848 2030 sporpom
878 1972 965 2014 ormo
988 1971 1047 2027 por
1074 1952 1193 2031 aprosJ:

167 2065 235 2107 ecca
259 2064 295 2104 ex
317 2043 567 2123 consequent‘bus
590 2044 723 2104 ostendit
745 2063 807 2121 qua
829 2047 928 2104 mente
947 2043 1071 2105 dixisset
1093 2044 1142 2104 dic
1159 2044 1192 2104 in

168 2135 336 2195 amicitiam
367 2137 486 2210 coeant3
513 2153 574 2193 non
606 2133 687 2193 enim
718 2136 840 2211 poterat
866 2134 972 2210 Furia,
1006 2153 1084 2211 quae
1116 2134 1193 2193 nihil

123 2227 290 2302 repraeter
311 2225 392 2284 mala
413 2226 515 2284 nosset
537 2226 569 2283 et
590 2223 689 2282 facere
712 2226 744 2282 et
765 2224 893 2301 inplere,
911 2224 961 2282 hio
979 2223 1105 2283 suadere
1124 2243 1192 2283 con-

167 2313 302 2375 cordiam
330 2316 361 2373 et
386 2312 477 2389 Iuno,
499 2316 585 2373 vetus
609 2316 640 2372 et
661 2314 802 2389 pertinax
824 2313 961 2387 inimica,
988 2315 1110 2390 repente
1138 2315 1193 2372 aut

167 2404 230 2465 levi
259 2402 374 2463 ultione
406 2402 521 2462 satiari.
567 2422 638 2481 ergo
668 2402 787 2463 Allecto
820 2401 953 2481 glorians
980 2400 1017 2460 de
1047 2420 1082 2461 eo
1111 2402 1192 2477 quod

167 2494 295 2568 fecerat,
323 2512 383 2569 quo
407 2493 488 2569 apud
510 2492 656 2551 Iunonem
678 2493 763 2551 fieret
785 2492 913 2569 gratior,
941 2490 1127 2549 adiecturam
1151 2508 1191 2565 se,

167 2582 195 2642 ai
212 2582 269 2641 illa
286 2582 484 2657 permitteret,
501 2581 590 2642 malis
609 2581 745 2641 conflatis
765 2581 959 2659 augmentum
972 2580 1054 2639 ultro
1069 2577 1190 2655 pollice-

122 2674 219 2731 astur
242 2671 343 2730 dicens
365 2671 422 2730 hoc
449 2670 541 2730 etiam
563 2671 610 2730 his
639 2669 762 2745 addam,
785 2671 811 2729 si
833 2669 960 2727 ulterior
981 2667 1039 2727 tibi
1065 2668 1191 2727 nocendi

167 2762 310 2821 voluntas
338 2763 384 2819 est
410 2762 441 2818 et
468 2760 513 2821 vis
541 2760 651 2820 fortius
678 2760 789 2836 inpleri
816 2777 893 2835 quae
921 2757 1004 2817 iacta
1030 2760 1114 2833 sunt,
1143 2759 1190 2819 his

168 2850 279 2910 addam
298 2868 377 2926 quae
399 2869 460 2910 non
483 2849 617 2909 continet
633 2848 792 2909 instructio
811 2850 878 2923 tua,
901 2849 938 2906 ut
955 2847 1099 2907 finitimae
1118 2868 1191 2925 quo·

168 2959 228 3015 que
255 2938 345 2999 urbes
372 2958 473 3000 amore
501 2938 704 2999 dimicationis
733 2956 872 2998 accensae
901 2939 969 2997 tota
997 2937 1191 2998 festinatione

168 3031 350 3089 concurrant
363 3031 406 3104 et,
424 3048 462 3088 ne
476 3027 643 3089 subsidium
657 3028 826 3087 volentibus
845 3026 931 3102 desit,
950 3045 1090 3105 spargam
1108 3046 1191 3087 arma

121 3132 151 3172 so
168 3138 222 3195 per
254 3136 352 3196 agros.
397 3122 459 3177 ium
486 3122 588 3178 contro
614 3117 709 3175 Iuno:
739 3136 776 3176 ne
808 3116 962 3177 videretur
992 3118 1091 3176 minus
1123 3136 1191 3193 pro·

242 3260 277 3308 14
295 3253 435 3321 inferendi
451 3252 477 3306 V
496 3268 565 3307 corr.
585 3251 629 3307 ed.
655 3251 658 3324 1
687 3251 862 3307 crediderant
879 3251 923 3305 ed.
997 3255 1030 3305 16
1049 3251 1191 3305 insanium

168 3326 240 3381 artis
264 3324 298 3378 V.
381 3330 413 3377 1⁷
442 3324 696 3393 undiquc-apros
723 3323 802 3377 deest
829 3322 860 3376 in
884 3321 918 3389 V,
946 3321 997 3377 sed
1024 3321 1190 3390 explicatur.

168 3402 203 3450 19
222 3414 279 3466 qua
291 3395 318 3449 V
336 3398 403 3465 quio
421 3396 465 3451 ed.
485 3412 554 3464 quae
572 3412 631 3450 nos.
691 3399 725 3448 20
744 3411 777 3449 oc
790 3394 906 3449 suadae
919 3391 945 3445 V
960 3394 1003 3447 ed.
1017 3394 1115 3447 1111111.
1131 3409 1189 3447 nos.

167 3475 202 3523 21
222 3469 315 3523 oclcoi
331 3466 358 3522 V
379 3468 456 3522 baad
476 3467 529 3521 leot
551 3465 594 3520 ed.
667 3471 702 3521 25
724 3466 751 3520 si
773 3471 823 3520 tuo
845 3464 928 3519 altior
944 3463 971 3517 V
993 3465 1019 3518 si
1040 3463 1124 3518 altior
1146 3463 1190 3518 ed.

166 3541 194 3595 si
215 3541 331 3594 ulterior
355 3556 414 3594 nos.
493 3544 526 3591 26
551 3539 595 3591 bis
619 3537 723 3591 addam
745 3535 770 3590 V
795 3537 839 3591 bis
862 3536 959 3603 inepte
983 3536 1122 3603 transpos.
1146 3534 1190 3589 ed.

167 3616 203 3664 28
217 3610 361 3677 festinatio
373 3608 597 3665 1111111111.
645 3612 679 3662 29
693 3607 799 3664 lemma
811 3606 916 3679 incipit
929 3622 949 3663 a
962 3605 1208 3679 1111911111111

164 3697 411 3748 sparsam—affrae
419 3697 477 3733 non
490 3680 598 3736 lemma
612 3698 675 3740 esse
686 3684 780 3755 patet,
791 3683 846 3743 sed
852 3682 1008 3741 lemmatis
1016 3694 1112 3752 supra
1120 3676 1227 3733 ornis-ir

151 3746 361 3813 12P051't1'0110111:
378 3752 662 3820 wedam-veniant
675 3761 750 3819 ante
763 3778 909 3837 11119111
920 3759 1031 3831 inepte
1043 3751 1182 3811 inserurt
1193 3746 1243 3799 au.

1043 3864 1082 3924 Βῆ
