2725 4150
552 285 737 341 AENEIDOS
754 284 794 341 XI
1116 287 1182 354 437

165 456 303 515 omnibus
317 454 455 531 partibus
470 454 675 515 conlucebant.
697 454 784 514 tertia
798 454 849 513 luc
859 454 988 529 gelidum
1002 454 1080 514 eaelo
1094 454 1184 514 dime
1193 467 1246 517 210

165 550 247 604 cerat
268 546 419 604 umbram:
445 543 574 621 primam
600 545 698 604 lucem
726 543 882 621 descripsit
909 546 941 603 et
966 543 1089 604 tectim
1117 561 1184 603 con·

165 633 273 712 pendio
297 635 389 693 etiam
412 633 572 693 secundam
594 632 728 693 extitisse
746 632 927 712 significans.
956 637 1130 702 mareotes,
1153 633 1185 692 id

166 727 212 783 est
233 724 348 799 tristes3
371 724 440 800 quis
463 723 543 782 enim
562 742 624 782 non
642 721 675 781 in
694 723 849 782 curatione
867 724 914 782 tot
932 723 1071 782 funerum
1088 721 1185 782 tristis

135 807 326 873 sexisteret?
361 813 455 871 altico
481 812 607 872 docem
638 817 665 871 et
693 812 818 886 confusa
844 814 970 872 ruebant
1000 829 1069 872 ossa
1097 813 1186 885 focis:

164 902 327 961 movebant
346 902 444 961 altum
462 903 493 960 et
506 902 671 978 plurimum
690 902 820 960 cinerem
838 903 869 962 et
887 919 955 962 ossa
973 902 1099 962 confuse
1117 920 1185 962 con·

165 992 316 1070 gerebant.
345 990 495 1066 tepidoque
512 993 676 1051 mactum
698 1008 801 1066 aggere
823 994 932 1051 terrae:
954 992 1095 1069 separata
1118 1009 1186 1051 ossa

166 1085 255 1157 atque
280 1082 417 1156 exempta
440 1079 589 1140 cineribus
608 1124 796 1141 .........
819 1080 922 1158 tepido
945 1082 1043 1141 terrae
1067 1099 1186 1160 aggere,

165 1170 307 1246 quoniam
330 1171 417 1230 tanta
440 1171 485 1231 vis
503 1170 565 1229 fuit
585 1169 730 1244 incendii,
753 1173 789 1229 ut
806 1169 869 1230 eius
888 1169 951 1230 vim
964 1169 1054 1230 etiam
1068 1189 1184 1248 exemp·

121 1277 147 1315 1o
164 1264 230 1318 tum
252 1260 388 1319 triduum
416 1278 477 1319 non
500 1259 645 1320 valuisset
667 1259 830 1319 excludere.
866 1260 929 1318 tom
950 1276 1018 1318 cero
1040 1261 1074 1318 in
1096 1263 1184 1331 tectis

161 1349 337 1422 praedicitis
362 1350 435 1408 urbe
461 1348 580 1417 Latini,
608 1349 790 1423 waccipsuss
815 1349 920 1423 fragor
951 1354 978 1407 et
1004 1349 1086 1424 boae
1110 1367 1185 1424 pore

164 1439 296 1497 maximo
319 1439 427 1497 luctus·
449 1436 482 1497 in
503 1439 591 1498 tectis
610 1436 714 1497 Latini
735 1437 913 1515 praedivitis
936 1439 967 1498 et
988 1438 1020 1496 in
1042 1437 1130 1515 urbe,
1152 1440 1185 1497 in

165 1530 244 1586 enim
273 1527 319 1587 bis
351 1527 491 1587 debemus
521 1527 663 1603 accipere.
700 1527 775 1603 duc,
803 1527 915 1603 inquit,
945 1526 1128 1605 gerebantur
1153 1529 1185 1585 in

164 1617 280 1676 duobus
303 1617 390 1692 loeis,
412 1618 594 1694 praecipuus
609 1616 713 1693 fragor
731 1618 762 1677 et
779 1616 867 1695 longe
886 1636 957 1694 pars
975 1615 1106 1677 maxime
1124 1617 1185 1676 luc·

121 1728 146 1767 rs
164 1708 222 1764 tus.
259 1707 380 1784 singula
403 1707 530 1784 singuiis
558 1705 632 1765 locis
661 1705 757 1781 dedit,
785 1705 936 1783 fragorem
962 1705 1050 1766 tectis
1073 1705 1186 1781 Latini,

164 1797 196 1854 in
220 1794 329 1871 quibus
352 1795 500 1874 agebatur
522 1793 696 1870 concilium,
724 1797 754 1855 et
776 1795 891 1854 luctum
915 1796 1040 1856 ciuitati.
1083 1796 1187 1874 fragor

165 1887 211 1944 est
237 1885 351 1944 fractae
384 1886 500 1944 sonitus
527 1884 625 1960 vocis,
658 1885 711 1960 qui
738 1886 874 1945 nascitur
899 1887 972 1945 tunc
1002 1904 1070 1945 cnm
1096 1883 1187 1944 multi

165 1973 332 2033 turbantur.
378 1975 480 2052 fragor
501 1973 598 2052 igitur
624 1973 686 2034 fuit
711 1974 743 2032 in
766 1972 866 2035 Latini
897 1974 984 2035 domo
1012 1994 1072 2036 ncn
1100 1975 1185 2051 levis,

165 2063 216 2123 sed
234 2060 258 2144 †
275 2065 407 2123 maxima
425 2065 526 2124 autem
544 2082 614 2140 pars
633 2063 733 2125 luctus
751 2065 875 2142 propter
893 2063 1000 2126 salutis
1019 2065 1185 2127 communis

120 2173 147 2212 ec
165 2172 288 2213 causam
306 2157 337 2213 et
350 2156 474 2230 propter
486 2152 590 2213 Latini
604 2153 736 2229 divitias
750 2154 839 2231 longe
854 2156 954 2214 autem
968 2155 1025 2215 hoc
1038 2158 1085 2215 est
1097 2156 1185 2216 valde

165 2261 234 2318 pars
257 2244 389 2302 maxima
406 2243 506 2303 luctus
524 2244 555 2301 in
569 2244 702 2303 civitate.
738 2243 811 2302 fecit
834 2243 1079 2321 conparationem
1096 2263 1185 2321 prop·

164 2334 259 2406 terea,
288 2334 361 2409 quie
389 2335 419 2391 et
441 2332 579 2392 Troianis
606 2333 723 2392 inflicta
750 2332 851 2393 fuerat
879 2332 992 2409 clades3
1018 2352 1079 2392 non
1106 2336 1187 2393 enim

165 2422 227 2480 sine
259 2420 419 2482 emissione
452 2424 624 2499 aliquorum
655 2424 820 2498 potuerunt
851 2423 1019 2498 superiores
1047 2422 1187 2499 existere3

165 2510 217 2569 sed
239 2513 271 2568 in
291 2511 467 2570 Latinorum
489 2513 576 2587 parte
597 2511 687 2589 longe
709 2512 859 2570 maximus
882 2512 982 2571 fuerat
1007 2512 1107 2571 luctus
1129 2512 1186 2571 hoc

120 2620 146 2658 as
165 2603 211 2659 est
233 2600 301 2675 plus
322 2618 414 2676 quam
431 2599 637 2678 gravissimus.
668 2598 797 2675 interea,
820 2618 888 2660 cum
906 2602 967 2660 tres
985 2599 1097 2678 gradm
1116 2600 1185 2675 sint,

164 2689 315 2748 invenitur
341 2690 402 2749 ista
429 2688 603 2767 conparatio
630 2690 697 2767 ipsc
726 2689 909 2765 superlativo
937 2690 1086 2770 superior3
1115 2710 1186 2750 nam

164 2779 294 2837 maxima
318 2778 545 2855 superlativum.
581 2777 704 2856 exponit
725 2779 786 2839 ism
805 2798 859 2855 per
876 2780 972 2857 partis
991 2778 1090 2857 qualis
1109 2782 1186 2840 esset

238 2973 251 3021 1
267 2966 400 3036 persev
419 2984 487 3021 corr.
508 2967 551 3022 ed.
629 2972 646 3021 4
668 2968 731 3035 quis
753 2967 826 3022 enim
842 2966 869 3021 V
892 2969 953 3037 qais
970 2968 1043 3022 mim
1060 2984 1117 3023 oce
1135 2985 1185 3023 nos

165 3039 211 3109 (cf.
231 3043 255 3104 9,
270 3042 334 3108 566)
358 3056 415 3095 oce
439 3040 505 3108 post
529 3039 617 3094 tristis
638 3038 759 3093 inseruit
781 3039 825 3093 ed.
898 3040 1186 3095 emovebant-cou-

163 3112 292 3179 gerebant
317 3128 370 3165 om.
393 3111 436 3165 ed.
509 3111 535 3163 8'
550 3113 616 3178 post
640 3110 779 3166 detentus
803 3109 912 3179 aliquid
938 3109 1074 3165 excidisse
1096 3113 1185 3180 patet,

164 3183 285 3236 fortasse
303 3184 465 3248 obruebant,
485 3182 561 3250 quod
578 3184 644 3250 post
662 3197 759 3252 aggere
776 3181 905 3236 inserunt
918 3180 977 3236 ΗΟ.
999 3182 1003 3254 t
1024 3188 1113 3238 terrae
1131 3199 1185 3237 om.

165 3254 208 3307 ed.
282 3259 298 3307 9
324 3251 499 3308 exemtomv
521 3253 565 3307 ed.
584 3258 730 3309 eructum
803 3258 837 3307 16
860 3254 950 3309 luctor
971 3254 1092 3309 deitatis
1115 3253 1186 3379 edxp

164 3326 302 3395 fragorem
315 3324 342 3380 V
359 3326 455 3395 fragor
470 3331 510 3379 est
527 3325 571 3379 ed.
627 3329 661 3377 19
679 3324 728 3380 sed
744 3326 869 3379 maximo
887 3331 977 3379 auten
991 3341 1061 3394 pore
1079 3326 1148 3380 lacti

164 3398 302 3451 maximus
321 3396 500 3451 scribendum
519 3398 548 3451 et
566 3401 657 3451 autem
671 3412 742 3465 pars
760 3396 828 3451 loeti
844 3412 896 3464 per
914 3396 1138 3465 dittographiam
1152 3413 1186 3451 ex

165 3467 347 3535 sequentibus
371 3468 517 3536 irrepsisse
542 3469 625 3536 puto,
649 3475 718 3537 'ergo
742 3466 905 3534 delendum,
928 3467 978 3523 sed
1002 3484 1112 3524 crucem
1136 3484 1186 3537 ap-

163 3554 268 3605 ponere
286 3538 375 3593 malui
393 3546 485 3596 autem
503 3556 557 3594 om.
572 3539 616 3593 ed.
644 3537 648 3611 t
680 3540 770 3595 luctus
788 3539 831 3594 ed.
897 3543 929 3593 21
949 3540 1040 3595 cultus
1056 3556 1112 3607 pro
1128 3542 1194 3591 toa-

164 3617 208 3663 rae
226 3609 271 3733 V2³
322 3615 357 3664 22
375 3612 483 3680 inflicta
495 3609 522 3665 V
538 3612 645 3668 incida
663 3610 709 3667 ed.
769 3615 807 3667 ‘ab
825 3615 984 3667 auu—at
1001 3608 1219 3678 superassem

165 3698 216 3733 om,
237 3697 278 3736 e,
1023 3719 1025 3722 -
