2725 4150
562 322 745 380 nummos
763 321 789 378 X
1119 324 1185 391 289

168 499 200 557 et
230 495 309 556 unde
341 513 427 556 omne
462 494 626 554 humanum
657 509 752 572 genus
783 490 880 553 videri
915 489 1071 568 potuisset.
1125 510 1185 552 non

166 589 269 646 tamen
301 585 480 662 exaequavit
510 584 645 643 homines
676 584 708 641 et
744 579 828 657 deos;
863 599 935 641 nam
971 578 1073 641 divum
1110 579 1187 640 dixit

167 678 298 753 patrem,
321 675 477 734 hominum
499 676 600 733 autem
622 691 737 750 regem,
759 689 837 748 quae
860 669 961 729 officia
979 669 1132 746 aequitate
1155 672 1186 729 et

167 762 371 825 moderatione
394 763 568 824 consistunt.
610 779 703 822 eausa
725 762 826 820 autem
848 758 1044 820 contrahendi
1066 759 1186 818 concilii

135 870 148 911 s
167 854 229 914 fuit
246 856 281 913 ut
299 853 508 931 obiurgatione
527 851 704 911 conveniens
722 851 818 910 omnis
837 848 907 910 deos
924 848 1071 910 Iunonem
1088 849 1187 926 ipsam

168 943 289 1020 oblique
310 962 328 1002 a
351 941 549 1002 Troianorum
566 940 767 1000 aemulatione
790 940 992 1016 conpesceret,
1016 957 1107 1014 quam
1133 956 1188 1015 per

168 1032 242 1091 Irim
272 1051 364 1109 supra
395 1034 507 1092 secreto
540 1031 743 1091 commoverat
773 1031 810 1087 ut
841 1023 1039 1089 Troianorum
1069 1026 1186 1088 bostem

168 1122 270 1181 fovere
288 1121 443 1182 desineret.
480 1120 636 1180 maritent
651 1119 731 1178 tectis
750 1118 959 1192 bipatentibus:
981 1116 1186 1194 bipatentibus
1215 1123 1231 1173 5

168 1210 246 1270 dixit
263 1212 387 1289 propter
404 1210 479 1269 duas
498 1212 610 1287 portas,
628 1227 759 1285 quarum
776 1226 868 1285 supra
886 1206 1048 1268 secundum
1067 1209 1187 1284 poetam

120 1318 149 1359 ro
167 1299 269 1376 ipsum
300 1299 483 1359 reddidimus
519 1298 676 1358 rationem.
725 1297 829 1370 incipit
864 1298 941 1371 ipse:
976 1298 1041 1373 ipse
1074 1295 1188 1356 scilieet

168 1390 273 1450 divum
300 1391 387 1466 pater
409 1391 440 1448 et
461 1387 617 1447 hominum
638 1406 699 1448 rex
737 1385 889 1446 oocbeolae
911 1387 1027 1460 nopai:
1054 1385 1188 1464 omnium

167 1479 241 1538 feeit
263 1497 396 1553 oausam,
419 1476 492 1553 quia
513 1479 546 1536 in
576 1478 711 1536 favorem
732 1473 856 1536 Iunonis
883 1492 984 1534 omnes
1007 1478 1093 1534 erant
1115 1475 1187 1533 Vro-

166 1567 246 1627 ianis
265 1568 367 1627 infesti
386 1568 466 1626 etin
486 1570 634 1627 conventu
652 1564 773 1642 publico
792 1582 923 1625 sororem
941 1581 1026 1623 suam
1049 1562 1187 1624 eandem-

169 1676 226 1733 que
245 1656 402 1735 eoniugem
420 1657 545 1733 speciali
562 1654 789 1731 exprobratione
808 1654 930 1713 nolebat
948 1652 1063 1730 exponi.
1101 1671 1187 1728 quoe-

122 1763 150 1803 rs
168 1764 240 1805 naen
263 1747 406 1805 sententio
431 1746 513 1805 nobis
539 1763 627 1805 cerea
648 1748 726 1803 retro
748 1747 917 1816 iunlnenqne
940 1743 1049 1803 oannis
1072 1743 1188 1802 certatis

167 1835 301 1908 iniqins?
319 1836 373 1911 qui
396 1836 526 1910 caelum,
547 1834 661 1911 inquit,
688 1834 825 1893 incolunt
847 1834 878 1892 et
899 1831 969 1892 inde
990 1833 1095 1912 magni
1117 1835 1191 1892 sunt

168 1927 199 1984 et
222 1924 275 2000 qui
298 1925 433 1983 omnium
455 1925 637 2001 populorum
654 1923 785 1983 retinent
807 1923 1011 2000 principatum
1032 1921 1107 1982 iusti
1125 1939 1190 1982 esee

168 2014 278 2074 debent
300 2016 331 2072 et
352 2013 385 2071 in
407 2032 469 2074 una
485 2031 606 2072 manere
625 2014 788 2089 sententia,
810 2031 871 2072 non
893 2012 1007 2072 moveri
1030 2011 1068 2071 ab
1092 2030 1188 2090 aequo

168 2106 199 2163 et
216 2102 308 2178 bono,
327 2121 387 2162 non
405 2104 452 2162 uti
468 2103 603 2181 perfidia.
640 2105 673 2163 at
686 2121 739 2163 uos
759 2106 863 2163 contra
881 2102 1005 2163 mobiles
1019 2102 1188 2163 rescinditis

123 2209 151 2249 ao
169 2211 205 2252 ea
237 2211 314 2269 quae
347 2193 438 2252 semel
469 2192 501 2252 in
533 2192 680 2269 placitum
716 2192 807 2252 ducta
839 2194 922 2267 sunt,
958 2192 1126 2271 inreligiosi
1157 2194 1189 2252 in

168 2300 270 2360 regem
293 2284 323 2341 et
344 2283 444 2357 iniqui
465 2283 499 2340 in
520 2279 668 2341 homines:
697 2282 786 2358 quale
813 2281 949 2341 studium
974 2284 1107 2341 vestrum
1135 2284 1190 2354 est,

169 2370 250 2448 quod
277 2390 373 2447 neque
402 2390 458 2449 ego
486 2370 579 2447 probo
608 2372 638 2430 et
664 2371 845 2430 mortalibus
875 2369 1035 2446 displicet?
1072 2369 1190 2430 addidit

168 2460 261 2520 etiam
284 2462 463 2535 tantumque
482 2461 590 2519 animis
609 2459 731 2520 certatis
750 2457 882 2537 iniquis?
922 2477 1000 2534 eece,
1023 2462 1060 2517 ut
1076 2460 1189 2537 iniqui·

167 2550 241 2609 tatis
264 2550 359 2626 ipsius
383 2550 561 2627 exprimeret
582 2548 658 2623 vim,
681 2549 727 2607 ait
749 2549 798 2608 vel
820 2550 847 2608 si
869 2547 1040 2607 faciendum
1063 2548 1189 2624 aliquid,

123 2654 149 2695 as
167 2640 307 2715 quamvis
335 2641 440 2697 contra
471 2639 531 2712 fas,
567 2638 687 2712 fuisset,
714 2637 821 2697 modus
848 2639 950 2696 tamen
977 2636 1189 2713 inprudentiae

167 2727 331 2805 aliquando
350 2726 471 2787 deberet
487 2728 601 2804 inponi.
634 2745 752 2786 summa
770 2713 840 2804 e‘rgo
859 2724 1076 2804 obiurgationis
1093 2725 1189 2804 ipsius

165 2819 223 2877 hoc
252 2816 341 2877 modo
371 2817 534 2895 colligitur:
564 2816 662 2876 facitis
694 2814 775 2892 quod
804 2814 928 2874 deorum
956 2834 1101 2891 personae
1129 2836 1190 2877 non

167 2908 322 2983 congruat,
345 2924 405 2964 non
428 2907 516 2966 statis
534 2904 566 2964 in
584 2925 645 2965 una
664 2904 821 2979 sententia,
843 2922 903 2963 non
926 2906 1031 2983 regitis
1053 2906 1189 2967 homines

167 3014 261 3072 aequo
285 2994 407 3070 iudicio,
431 2995 482 3054 sed
500 2994 709 3055 innocentibus
728 2994 799 3054 estis
817 2993 934 3070 infesti,
958 2995 1085 3055 coeundi
1102 2996 1188 3057 uobis

238 3148 486 3203 tmedeeationem
500 3146 533 3201 V.
600 3148 797 3202 oconoeniene
810 3145 861 3199 VR
879 3148 939 3201 -nti
956 3146 1000 3202 ed.
1029 3147 1032 3220 1
1062 3148 1189 3204 deoeVR

166 3222 235 3275 det
252 3218 296 3273 ed.
359 3225 374 3273 6
394 3236 413 3273 a
431 3236 484 3274 om.
499 3218 543 3273 ed.
604 3223 619 3272 '1
638 3219 703 3274 irim
717 3217 769 3272 VR
787 3219 859 3273 iram
877 3216 921 3272 cd.
949 3217 953 3290 1
982 3234 1011 3274 se
1029 3226 1099 3275 certo
1117 3237 1187 3276 com·

166 3297 312 3347 monuerat
329 3290 373 3344 ed.
387 3291 459 3359 post.
532 3294 548 3344 9
566 3305 681 3359 aaaron
700 3289 744 3343 ed.
813 3294 845 3344 11
866 3289 960 3345 dienen
973 3289 1025 3344 VR
1043 3291 1124 3347 deam
1142 3293 1186 3347 ed.

167 3370 201 3418 14
219 3362 492 3431 speciali—nolebat
504 3360 556 3415 VR
574 3360 699 3429 corrupit
713 3360 757 3415 ed.
778 3360 781 3432 1
807 3362 940 3430 quianam
958 3360 1001 3416 ed.
1057 3368 1090 3417 15
1108 3379 1188 3419 onec

165 3434 273 3489 Voerb
292 3434 405 3489 Reorr.
425 3450 447 3487 r.
525 3438 559 3488 18
577 3431 856 3488 noveriVmon'R.
883 3432 886 3504 1
917 3433 952 3487 ab
971 3435 1188 3503 aeqnonbono

165 3505 218 3559 VR
237 3522 291 3559 om.
310 3505 353 3559 ed.
420 3509 453 3558 19
471 3519 529 3560 non
541 3503 594 3558 VR
611 3510 637 3558 et
653 3519 710 3559 non
728 3503 772 3558 ed.
793 3502 796 3574 1
817 3504 1002 3559 resceneientee
1015 3503 1068 3558 VR
1084 3507 1186 3561 enain

166 3578 260 3632 dentes
277 3575 321 3631 ed.
335 3576 491 3632 rescinditis
503 3592 562 3631 nos.
618 3579 652 3629 20
671 3576 710 3629 aci
724 3576 861 3643 planitien
874 3576 949 3631 dieta
963 3576 1006 3630 ed.
1057 3578 1187 3645 arquata

166 3648 219 3702 VR
237 3647 281 3702 ed.
300 3649 374 3703 tale?
402 3647 405 3718 1
435 3646 605 3703 automed.
674 3652 708 3702 22
727 3646 807 3704 addit
825 3647 872 3704 od.
934 3652 1025 3705 ‘lint
1042 3647 1140 3703 etun
1155 3647 1209 3699 ab„

166 3721 209 3775 eei
224 3722 252 3773 ai
265 3735 323 3771 nos.
396 3724 433 3772 27
449 3719 594 3792 relliquiae·
609 3719 668 3780 VR.

200 3822 261 3861 Dori.
270 3821 368 3871 interpr.
380 3825 448 3878 Vere.
465 3829 512 3871 vol.
522 3831 557 3875 Π.
1030 3832 1072 3884 m
