2725 4150
549 330 733 388 mneos
752 330 791 386 rx
1114 332 1181 403 285

161 503 238 562 hane
268 501 385 578 partem
409 503 440 560 et
466 500 585 561 Turnus
614 499 757 561 tendebat
784 504 815 560 et
841 518 876 560 eo
905 500 993 560 illum
1019 499 1182 560 trudebant

161 589 326 669 constipati
357 588 494 666 Troiani,
525 593 561 650 ut
592 589 705 667 periret
733 592 766 649 in
798 588 948 668 gurgitem
979 607 1094 650 mersus
1127 592 1182 650 aut

162 679 349 740 oeeumberet
370 679 457 739 ferro.
498 678 645 756 parabola
667 678 870 760 sueeedit‚uut
888 677 1065 739 ostendatur
1082 678 1182 757 qualis

161 772 233 829 tune
251 769 345 828 fuerit
363 768 493 844 Turnus,
512 768 616 844 quales
634 786 706 828 vero
724 768 862 828 droiani:
885 784 937 828 eeu
954 785 1076 829 sorem
1094 769 1182 829 deba

130 860 272 918 alconem
300 875 367 918 cram
395 858 460 917 tetis
484 859 594 932 mouit
621 858 762 931 defensis,
790 861 822 918 at
850 858 969 918 teritus
993 857 1056 927 dle,
1084 874 1181 933 aspen

162 950 268 1008 acerbo
290 951 375 1006 ruens
396 950 472 1006 retro
494 947 571 1006 redit
592 951 618 1006 et
639 963 732 1020 neque
749 950 831 1021 erqo
847 948 897 1007 ἀνα
919 947 992 1007 dore
1014 951 1067 1007 aet
1087 948 1244 1013 oidaswo

157 1039 274 1111 poree
295 1053 348 1095 uer
365 1036 480 1096 tandm
501 1041 603 1095 eontra
620 1033 687 1110 [ille
705 1035 822 1110 etnim
838 1036 890 1096 hoe
908 1037 1028 1110 umens
1042 1037 1123 1111 potis
1141 1040 1184 1096 est

157 1143 214 1200 per
236 1125 294 1186 tela
315 1123 481 1201 oirosqeeJ:
509 1126 692 1202 exquisitim
714 1125 876 1202 parabolae
898 1143 994 1204 genus
1017 1127 1048 1186 et
1070 1124 1181 1204 speeies

162 1217 227 1274 loeo
250 1214 445 1291 personisque
469 1214 655 1274 conveniens.
697 1232 765 1273 eum
787 1214 868 1274 enim
890 1214 1010 1275 Turnus
1032 1216 1098 1275 viso
1122 1215 1182 1275 evi·

117 1319 144 1360 ro
163 1304 245 1363 denti
276 1303 411 1381 periculo
443 1302 573 1363 eedendo
606 1303 698 1364 vellet
729 1303 869 1378 evadere,
900 1306 987 1382 terga
1019 1303 1090 1364 dare
1122 1322 1183 1364 non

163 1392 305 1467 audebat,
328 1411 365 1452 ne
388 1395 569 1469 oportunum
592 1411 624 1453 se
647 1391 804 1469 praeberet
827 1393 866 1452 ad
887 1392 1021 1452 eaedem:
1043 1394 1182 1454 insistere

162 1501 222 1541 non
239 1484 360 1558 poterat
378 1501 511 1560 pugnae,
534 1501 571 1541 ne
588 1481 622 1540 in
640 1500 676 1541 ea
696 1500 714 1541 a
732 1480 869 1559 plurimis
888 1485 1046 1558 superatus
1066 1500 1182 1541 oeeum·

161 1572 253 1631 beret.
298 1571 415 1631 invenit
435 1573 527 1648 poeta
548 1572 610 1631 tale
633 1571 773 1630 animalis
796 1589 890 1649 genus
913 1570 993 1647 quod
1016 1572 1128 1632 virtute
1147 1588 1183 1631 ae

161 1662 282 1719 feritate
304 1662 462 1736 praestans
484 1661 578 1720 talem
600 1662 727 1720 naturae
754 1660 865 1720 habeat
886 1677 1013 1734 morem,
1040 1662 1088 1732 ut,
1115 1678 1183 1719 eum

118 1762 143 1803 1⁶
161 1750 194 1808 in
220 1752 386 1809 multorum
412 1749 538 1810 insidias
565 1751 696 1824 venerit,
726 1749 856 1808 eedendo
884 1767 915 1809 se
937 1748 1038 1828 potius
1061 1751 1183 1808 tueatrar

163 1858 254 1916 quam
276 1842 362 1917 terge.
384 1838 541 1913 vertendo,
564 1841 596 1898 et
618 1839 699 1916 quod
721 1839 879 1917 intellegat
905 1857 937 1898 se
963 1839 995 1898 in
1023 1838 1183 1900 adversum

162 1928 275 2003 nisisi
292 1929 325 1986 in
343 1929 492 1988 confertos
510 1928 657 2005 impetum
673 1927 777 2004 faeiat,
800 1931 950 1990 ettamen
967 1930 1056 1989 tanta
1073 1927 1183 1988 fiducia

163 2020 248 2096 agat,
275 2019 311 2077 ut
337 2017 443 2078 melius
471 2020 559 2095 putet
580 2037 634 2095 per
656 2019 718 2079 tela
741 2020 771 2078 et
793 2037 847 2096 per
868 2018 965 2079 hostis
988 2019 1068 2078 exire
1090 2036 1184 2096 quam

162 2108 258 2167 videri
285 2109 415 2167 cessisse.
460 2108 533 2169 tout
560 2109 646 2167 aliter
672 2113 749 2167 retro
776 2108 885 2167 dubius
910 2109 1034 2184 usagio
1061 2108 1183 2168 Trauos

118 2209 144 2250 ao
162 2198 353 2272 reproperata
374 2198 464 2270 refert
486 2201 512 2256 et
533 2214 616 2257 meus
638 2201 789 2257 waetuat
809 2199 873 2257 ira:
896 2199 952 2273 sie,
974 2197 1088 2275 inquit,
1111 2195 1184 2257 feeit

162 2288 257 2365 igitur
292 2287 424 2362 Turnus,
461 2288 505 2346 sie
534 2286 581 2345 ira
613 2305 673 2346 non
705 2304 818 2347 vaenue
854 2288 1019 2347 retrorsum
1054 2286 1183 2364 vestigia

162 2375 318 2435 referebat.
373 2376 445 2448 quie
474 2376 562 2434 etiam
593 2376 638 2435 bie
669 2379 731 2434 twm
761 2376 872 2435 medios
902 2377 1055 2435 inruerat
1083 2375 1182 2445 hoste,

163 2467 208 2525 bis
231 2466 355 2538 confusa
377 2465 452 2538 fuya
469 2482 526 2538 per
547 2482 649 2524 muros
672 2465 793 2539 agmine
815 2464 914 2523 omit:
943 2467 974 2523 et
995 2466 1110 2539 tamen,
1138 2464 1245 2527 in·800

163 2553 244 2631 quit,
267 2573 335 2613 eum
358 2555 469 2613 sensim
492 2552 622 2629 eederet,
645 2552 691 2612 bis
715 2552 807 2613 etiam
830 2556 896 2612 tum
918 2554 1014 2613 hostis
1038 2552 1182 2612 Troianos

118 2654 145 2695 ²⁶
162 2643 275 2703 invasit
297 2644 474 2719 tantumque
497 2642 589 2702 solius
612 2643 742 2719 impetus
769 2641 883 2719 potuit,
910 2644 946 2701 ut
968 2642 1058 2702 simul
1081 2659 1182 2701 omnes

163 2733 207 2792 bis
230 2732 263 2790 in
284 2750 385 2791 muros
409 2731 607 2810 aufugissent.

234 2821 293 2880 Sed
318 2839 427 2881 manus
449 2838 464 2880 e
487 2822 592 2880 roste
609 2837 736 2894 propere
759 2820 815 2880 coit
840 2820 936 2879 ermis
957 2820 992 2878 in
1013 2837 1122 2879 emme:
1150 2819 1183 2877 in

162 2931 256 2970 unum
280 2909 375 2970 omnis
403 2910 565 2969 multitudo
589 2910 741 2984 convenit,
768 2912 805 2969 ut
826 2908 880 2968 uni
902 2910 1003 2969 resisti
1026 2908 1183 2987 potuisset.

164 3003 312 3078 quantum
335 2999 388 3059 det
406 3000 521 3075 Turno,
543 3002 580 3059 ut
597 3001 703 3060 eontra
720 3018 816 3058 unum
834 3000 864 3057 et
881 2999 979 3058 solum
997 3001 1027 3059 et
1045 3001 1184 3076 saeptum

119 3101 145 3141 ³0
162 3090 294 3166 undique
322 3090 574 3167 congregarentur
599 3087 744 3149 universi!
785 3104 838 3147 uee
864 3092 965 3147 eontra
991 3088 1065 3147 virts
1097 3088 1185 3148 aedat

163 3179 308 3238 Saturnio
329 3178 409 3237 que
431 3179 582 3251 sufficere:
608 3180 697 3239 tanta
723 3176 867 3238 adversus
894 3176 1029 3237 Turnum
1056 3177 1111 3237 illa
1137 3178 1183 3237 vis

236 3368 378 3437 tgurgite
396 3365 439 3421 ed.
508 3364 719 3434 tparobwloV
738 3367 781 3435 (ut
799 3366 889 3435 solet).
959 3372 1018 3419 tv.
1034 3370 1085 3420 ⁷96
1105 3364 1184 3421 deest

164 3438 195 3492 in
208 3437 234 3492 V
249 3438 302 3504 ed,
321 3437 371 3491 sed
390 3436 554 3507 explicatur.
632 3441 648 3490 8
673 3438 861 3506 aedwardum
878 3436 912 3491 V.
941 3436 944 3509 t
973 3436 1119 3506 spedeeV
1142 3454 1182 3507 sp.

164 3511 211 3565 sed
230 3509 273 3564 ed.
338 3514 372 3562 10
390 3507 542 3564 wadereV
560 3508 686 3564 medere
704 3507 747 3564 ad.
810 3513 842 3561 11
861 3508 1124 3563 taedeatVeorr.
1139 3509 1182 3565 ed.

166 3588 198 3635 12
217 3598 252 3635 ree
271 3598 324 3635 om.
339 3579 373 3635 V.
429 3586 463 3634 14
480 3581 561 3635 habet
578 3580 621 3634 ed.
678 3585 711 3634 17
730 3580 866 3646 confertos
878 3579 912 3633 V.
965 3585 1000 3633 24
1018 3581 1136 3636 troianis
1149 3580 1184 3635 V.

165 3657 199 3705 28
221 3655 375 3721 potuissent
394 3650 428 3706 V.
502 3656 535 3705 29
554 3651 707 3707 tumemv
726 3667 797 3707 eorr.
811 3650 857 3707 ed.
882 3650 894 3724 i
918 3656 1203 3717 eostre-soemo

166 3726 298 3792 (saepiam
314 3722 348 3791 Ὀ
367 3724 471 3779 temere
488 3725 559 3781 mut.
575 3724 620 3783 ed.
