2725 4150
567 318 751 376 maumas
770 320 797 375 x
1126 323 1193 390 393

171 488 279 549 fuisset
301 487 332 548 et
354 487 491 548 textum?
518 487 718 567 descriptione
741 490 864 567 peracta
885 489 1021 565 percussi
1042 489 1194 550 subnectit

171 580 203 638 et
219 579 382 656 imaginem
392 577 567 638 morientis:
584 578 761 652 inplevitque
778 579 864 638 anns
880 578 1019 652 sanantis:
1041 580 1115 655 quia
1132 599 1193 638 me·

171 667 255 727 dium
272 669 411 727 iuvenem
430 666 508 727 dixit
524 685 588 727 esse
602 686 776 745 percussum
789 667 847 728 boe
864 668 911 727 est
924 685 1018 743 supre
1030 668 1194 746 cingulum,

171 756 290 816 eddidit
308 757 372 817 eius
391 757 569 835 sanguinem
587 757 687 817 sinum
704 756 861 818 morientis
878 757 1016 834 inplesse.
1052 760 1114 816 taen
1131 757 1195 817 ata

139 861 224 921 oper
253 863 347 906 annas
377 846 515 906 anoasit
542 850 656 906 monta
683 846 725 906 ad
750 847 850 907 manis
876 862 1037 921 corpusque
1063 847 1257 920 reiectanea

170 934 265 1010 uude,
288 936 345 1010 eit,
368 936 491 1013 sanguis
514 935 625 995 effusus
648 937 696 995 est
716 937 840 997 recessit
861 938 893 996 et
915 937 988 997 vita.

176 1055 180 1060 -
242 1021 286 1082 At
308 1041 385 1094 aero,
413 1025 527 1083 animm
552 1028 588 1084 at
607 1024 681 1083 cidit
702 1026 854 1085 morientis
881 1029 908 1085 et
928 1043 996 1096 ora,
1024 1042 1079 1086 ora
1100 1025 1195 1085 modis

170 1112 368 1174 Anchisiades
380 1113 527 1187 pallentia
543 1114 641 1183 mnis,
661 1115 802 1189 inaemnd
817 1115 965 1175 miserans
980 1116 1110 1190 wonder
1127 1114 1195 1175 dea·

171 1206 304 1275 amnne
330 1203 448 1262 ntendit
474 1205 501 1262 et
530 1206 654 1262 mentem
674 1204 797 1277 pariae
822 1204 914 1263 send
936 1204 1055 1277 metatis
1081 1205 1196 1280 imeae:

125 1309 153 1350 no
171 1292 302 1368 Aeneas,
320 1294 356 1351 ut
373 1291 452 1352 vidit
464 1292 584 1352 vultum
601 1290 758 1354 morientis
775 1292 860 1353 miris
879 1292 976 1353 modis
992 1293 1106 1370 pallore
1126 1312 1194 1355 oon·

171 1380 286 1456 iusum,
310 1382 460 1459 ingemuit
482 1380 616 1461 gratita
638 1383 730 1459 plena
756 1381 948 1443 miseratione
976 1386 1141 1443 commotus
1164 1386 1196 1443 et

170 1469 301 1530 tetendi
319 1469 480 1530 donarem.
510 1488 563 1531 aur
580 1471 637 1532 hoe
657 1470 763 1531 fecerit
784 1471 889 1531 multis
912 1472 1098 1548 interpositis
1122 1470 1194 1531 dici·

170 1560 221 1619 tur
240 1552 346 1641 (831),
364 1559 480 1619 interea
497 1560 578 1619 redit
596 1560 635 1620 ad
652 1560 855 1620 miserationis
872 1561 983 1638 pertis,
1001 1563 1037 1620 ut
1055 1559 1196 1620 ostendat

172 1668 208 1708 ex
235 1667 296 1725 qua
327 1667 419 1709 eausa
445 1648 599 1709 miseratio
628 1649 697 1727 ipsa
723 1650 863 1710 videatur
891 1648 1037 1709 extitisse:
1064 1650 1195 1709 mentem

125 1753 152 1795 rs
170 1737 280 1815 ipsius,
302 1737 418 1815 inquit,
441 1739 603 1800 commovit
625 1740 705 1799 ratio
727 1739 867 1815 pietatis,
891 1738 963 1815 quia
985 1739 1086 1800 fueret
1107 1741 1195 1815 pater

171 1830 202 1886 et
223 1827 306 1904 patn'
328 1826 468 1906 religioso
497 1828 642 1888 servierat
669 1847 767 1906 neque
790 1829 927 1908 fugiebat
950 1848 1021 1888 eum
1044 1828 1117 1905 quid
1138 1826 1196 1886 filii

170 1916 360 1994 perentibus,
383 1916 459 1992 quid
480 1918 620 1994 parentes
643 1916 771 1978 debeant
793 1918 905 1980 liberis.
939 1918 1010 1993 qnid
1032 1918 1085 1978 tibi
1105 1925 1257 1987 amate

170 2006 338 2066 miserande
350 2024 437 2081 paen,
455 2024 514 2080 pro
538 2007 677 2067 landibns
694 2008 773 2078 atis,
796 2008 867 2083 qnid
881 2008 953 2084 pins
970 2006 1089 2068 Aeneas
1111 2011 1196 2067 tanta

172 2097 255 2157 deon
271 2096 368 2156 indole
386 2097 528 2171 danaen?
551 2115 651 2167 arena,
671 2098 777 2170 qnibns
796 2097 934 2168 iactatas,
952 2099 1027 2159 babe
1044 2103 1097 2158 tna
1115 2102 1196 2172 ncne

125 2202 153 2243 eo
167 2190 328 2258 parentenn
344 2187 483 2245 manibces
497 2187 682 2255 annerici
700 2203 760 2260 qna
778 2191 821 2246 est
838 2204 874 2246 ea
891 2205 978 2256 cara,
991 2189 1113 2248 remitto.
1144 2187 1196 2247 hoo

171 2278 270 2334 tannen
282 2274 387 2348 infala
400 2275 540 2335 miseram
552 2274 684 2335 solabere
697 2279 830 2351 nonan,
846 2273 965 2335 Aeneae
976 2276 1079 2351 manni
1092 2276 1197 2336 deatra
1206 2281 1258 2333 830

172 2364 269 2424 endis:
283 2363 468 2424 deliberabat
475 2365 593 2424 Aeneas
608 2364 683 2441 quid
696 2365 844 2425 conferret
856 2367 990 2442 mortuo,
1004 2364 1053 2424 cui
1066 2365 1196 2424 salutem

171 2454 274 2513 volens
297 2456 450 2530 praestare
472 2472 533 2512 non
555 2453 664 2530 potuit
697 2454 781 2515 volui
802 2457 846 2530 te,
873 2454 987 2530 inquit,
1009 2472 1086 2530 puer
1107 2455 1195 2513 mise·

171 2541 278 2617 rande,
301 2560 435 2618 servare,
456 2541 594 2602 invidisti
618 2563 655 2602 ne
673 2543 819 2603 facerem:
843 2542 916 2619 quid
938 2561 1017 2602 nunc
1035 2542 1195 2619 praestabo

125 2647 153 2690 ss
171 2634 337 2708 prostrato,
361 2651 450 2709 quem
471 2631 575 2693 vivum
596 2650 717 2692 servare
741 2631 902 2692 contendi?
925 2630 998 2707 quid
1020 2633 1116 2690 restet
1133 2632 1195 2709 pie·

171 2722 231 2781 tati
250 2721 332 2798 quod
349 2722 485 2781 conferat
502 2721 530 2780 ei
548 2720 663 2781 scilicet
682 2721 766 2782 cuius
785 2724 880 2781 morte
899 2720 1030 2800 gaudere
1048 2739 1109 2780 non
1127 2738 1195 2797 pos-

172 2809 260 2872 sum?
283 2812 391 2871 aetatis
409 2813 481 2870 tuae
498 2810 617 2871 iuvenis
640 2829 701 2870 non
718 2813 820 2887 potest
838 2810 975 2870 secedere
993 2810 1093 2870 titulis
1111 2810 1195 2885 meis,

172 2918 232 2959 non
254 2919 377 2976 possum
405 2899 530 2978 gloriari
553 2901 589 2959 de
611 2918 706 2976 puero
734 2899 824 2958 etde
854 2919 889 2959 eo
913 2900 967 2977 qui
992 2899 1071 2958 mori
1093 2897 1195 2976 potius

171 2989 281 3048 maduit
303 3008 395 3066 quem
422 2992 540 3065 petrem
562 2988 662 3049 videre
690 2989 869 3048 confectum.
906 2989 983 3048 ferre
1013 3007 1072 3048 non
1096 2990 1197 3065 potest

126 3093 154 3135 ao
172 3079 290 3138 animus
308 3082 345 3138 ut
363 3080 455 3139 armis
473 3079 534 3138 tuis
548 3081 674 3155 tropaea
690 3097 866 3154 conponam.
889 3096 987 3154 mma,
1007 3077 1117 3154 quibus
1135 3078 1196 3137 lae·

171 3170 269 3243 tatus,
288 3168 365 3227 habe
383 3171 450 3245 tue3
468 3186 529 3227 uon
547 3169 627 3227 enim
645 3168 784 3228 convenit
797 3168 871 3227 haec
891 3166 983 3228 alicui
1001 3168 1056 3226 deo
1076 3167 1197 3227 conlate

172 3372 282 3410 mannen
298 3356 397 3422 fnisset
414 3363 441 3412 et
457 3361 561 3412 textam
574 3354 600 3408 V
618 3357 725 3410 tamem
743 3357 813 3411 mut.
828 3355 872 3410 ed.
945 3361 961 3408 2
984 3357 1077 3422 anns,
1095 3355 1145 3410 sed
1165 3354 1197 3409 in

173 3427 289 3495 interpr.
307 3428 400 3483 sinam
418 3426 452 3482 V.
525 3433 542 3480 4
565 3426 646 3482 addit
668 3426 712 3482 ed.
786 3433 801 3481 '1
822 3434 854 3484 at
876 3429 983 3482 animm
1001 3427 1045 3480 ed.
1065 3429 1094 3482 et
1112 3426 1196 3496 Verg.
1264 3488 1268 3493 Δ

173 3497 247 3552 libri.
322 3501 338 3552 8
366 3499 491 3554 datram
518 3498 578 3552 siue
606 3515 657 3567 qne
679 3496 713 3552 V.
792 3504 825 3554 13
847 3501 942 3569 partic
964 3498 989 3553 V
1014 3515 1127 3554 canam
1152 3497 1195 3553 ed

174 3575 209 3622 14
223 3586 326 3638 ecanae
339 3587 452 3626 cansam
466 3570 492 3625 V
506 3586 575 3625 corr.
591 3569 634 3624 ed.
687 3575 721 3624 16
739 3570 867 3641 seliniaco
880 3571 906 3625 V
924 3587 968 3626 ·se
986 3570 1030 3624 ed.
1081 3575 1115 3625 25
1131 3586 1196 3640 pro-

173 3647 260 3696 strato
281 3641 306 3696 V
331 3643 383 3698 tibi
408 3641 451 3696 ed.
529 3647 563 3695 27
588 3642 686 3709 infinie
705 3641 731 3695 V
754 3642 821 3698 inde
844 3644 911 3710 finib
935 3642 979 3698 ed.
1005 3643 1113 3697 invenis
1137 3657 1196 3697 noa

174 3717 208 3766 29
227 3714 339 3768 malinii
352 3713 378 3767 V
396 3715 484 3769 aoiait
501 3713 545 3768 ed.
639 3783 644 3793 ἱ
