2725 4150
218 339 284 404 468
501 332 642 389 DONATI
658 332 828 388 INTERPR.
843 331 952 388 Vsus.

217 505 314 564 multe
340 504 495 580 multoque
522 501 690 576 mundasti,'
713 501 789 561 sdde
816 521 925 578 unum,
953 502 1033 579 quod
1055 505 1156 580 potest
1178 503 1240 563 foe·

218 595 323 652 derum
352 593 541 653 sacramente
566 591 694 651 firmare.
740 591 884 668 quonium
910 610 1054 670 magnum
1077 593 1136 651 fuit
1160 591 1241 669 quod

217 682 371 742 nitebatur
397 682 526 756 efficere,
553 683 589 739 ut
616 679 795 740 facilitatem
822 680 1004 756 ostenderet,
1033 702 1126 741 unum
1155 681 1242 757 dixit,

217 775 253 832 ut
275 792 310 830 ex
333 772 504 850 quantitate
526 770 644 829 numeri
667 769 839 829 extenuatio
861 773 1048 846 nosceretur,
1076 769 1164 848 quusi
1186 790 1242 832 nec

218 861 339 920 difficile
361 879 416 920 nec
439 879 544 938 grove,
572 858 624 918 sed
650 878 747 917 unum
769 858 880 919 diceret
904 878 967 920 esse
990 859 1169 920 faciendum.
1212 862 1243 919 et
1274 876 1285 918 s

217 969 321 1010 revera
342 970 437 1010 unum
458 950 530 1024 fuit,
559 947 610 1008 sed
634 949 799 1007 maximum
824 950 854 1007 et
882 948 963 1027 quod
984 969 1104 1009 omnem
1125 949 1244 1028 negotii

218 1040 418 1100 substantiam
436 1039 610 1098 contineret.
646 1039 746 1098 necte
764 1037 856 1098 ullius
874 1038 1019 1099 violentis
1032 1039 1147 1099 vincat:
1170 1057 1242 1116 sup·

217 1147 320 1206 presso
347 1128 467 1188 nomine
489 1127 625 1186 Turnum
650 1125 768 1204 tetigit,
798 1128 853 1204 qui
878 1128 912 1186 in
939 1146 973 1187 eo
1004 1128 1085 1204 quod
1108 1127 1242 1189 Drances

156 1233 208 1282 355
218 1220 318 1277 fueret
336 1219 531 1295 suggesturus
546 1217 667 1293 poterut
679 1215 769 1275 laedi.
792 1217 863 1288 quin
875 1217 999 1290 quotum
1013 1218 1124 1292 egregio
1135 1234 1243 1292 omero

219 1308 371 1381 dignique
388 1306 556 1381 hymenaeis
573 1306 624 1364 des
638 1308 726 1379 pater
744 1308 771 1364 et
779 1323 884 1379 paoem
901 1306 978 1365 banc
995 1310 1112 1365 aetum
1127 1306 1243 1379 foedere
1262 1324 1287 1364 ro

218 1392 341 1470 iungas:
362 1396 428 1456 leus
451 1396 542 1455 unius
560 1393 642 1454 dicte
660 1397 706 1454 est
724 1394 804 1454 etin
823 1413 858 1454 eo
877 1395 999 1455 ulterius
1019 1395 1143 1473 obliqua
1160 1397 1243 1456 vitu·

217 1486 349 1563 peruti03
372 1504 440 1544 cum
454 1485 535 1544 enim
549 1484 688 1562 egregius
707 1482 820 1544 dicitur
838 1485 886 1543 cui
902 1503 1028 1543 munere
1042 1484 1244 1545 mittebantur

218 1577 248 1634 et
276 1573 427 1635 adfinitati
448 1572 552 1633 Latini
579 1572 667 1652 digne
696 1572 887 1648 conveniens,
918 1573 995 1633 alter
1021 1593 1075 1634 nec
1104 1574 1243 1653 egregius

217 1662 370 1724 iudicatus
389 1665 435 1722 est
457 1665 488 1721 et
509 1663 610 1723 minus
635 1662 814 1722 conveniens
832 1663 887 1739 qui
904 1665 983 1740 regis
999 1662 1095 1722 filium
1113 1662 1242 1724 duceret

218 1753 337 1813 dicebat
355 1754 456 1813 eutem
473 1753 645 1829 plenissime
663 1751 751 1811 rebus
769 1751 899 1828 publicis
917 1752 1123 1828 profuturum,
1142 1752 1168 1813 si
1185 1754 1244 1813 boc
1261 1770 1286 1812 rs

218 1842 315 1919 fieret,
335 1843 451 1901 remota
470 1859 561 1901 eausa
578 1840 713 1900 bellandi
729 1858 834 1918 paoem
853 1841 943 1918 plenu
962 1843 1140 1902 aeternitate
1157 1860 1243 1902 man·

219 1949 328 1991 suram.
365 1931 478 2007 petris,
500 1930 615 2006 inquit,
638 1930 773 1990 officium
796 1931 854 2005 est,
877 1930 926 1991 vel
947 1931 1075 1991 maxime
1097 1930 1130 1990 in
1150 1948 1244 1991 cause

220 2019 437 2080 coniunctionis
461 2019 553 2098 filice,
576 2019 732 2097 providere
752 2018 826 2097 quid
845 2018 886 2079 sit
907 2019 939 2078 in
961 2021 1067 2081 ceteris
1085 2019 1190 2081 melius
1209 2023 1243 2079 et

219 2109 395 2187 perpensius
417 2110 582 2185 petitorum
604 2110 735 2189 deligere
763 2108 942 2187 digniorem,
972 2130 1027 2170 nec
1054 2112 1134 2171 errat
1160 2108 1241 2186 quis·

220 2198 287 2275 quis
317 2200 373 2258 hoc
400 2199 517 2274 fecerit3
544 2199 576 2257 in
603 2201 729 2275 paterno
753 2198 865 2276 quippe
889 2200 1007 2276 pectore
1030 2198 1162 2277 primum
1185 2199 1245 2260 sibi
1263 2218 1287 2257 ro

218 2290 318 2348 locum
331 2288 494 2348 liberorum
509 2287 596 2348 debet
608 2288 706 2364 pietas
724 2288 884 2348 vindicare.
919 2289 1023 2361 quodsi
1041 2292 1141 2349 tantus
1157 2289 1245 2348 babet

218 2383 326 2437 mentes
349 2383 376 2437 et
392 2382 512 2450 pectora
534 2382 635 2447 terror,
662 2378 762 2450 ipsum
784 2379 956 2437 obtestemur
981 2379 1155 2451 veniamque
1182 2395 1245 2437 ore-

218 2485 285 2526 mus
308 2469 345 2526 ob
368 2469 448 2541 ipso:
469 2467 549 2526 redit
571 2466 610 2525 ed
627 2465 808 2526 invidiosum
827 2466 1002 2526 dictionem:
1026 2470 1079 2527 eut
1101 2468 1129 2528 si
1146 2469 1244 2543 tento,

218 2557 333 2632 inquit,
363 2555 501 2616 ducimur
530 2558 614 2614 metu
642 2557 789 2631 tantaque
818 2554 851 2614 in
880 2555 966 2615 nobis
989 2556 1084 2615 Turni
1113 2555 1244 2617 formido

220 2649 278 2721 est,
308 2647 407 2722 ipsum
436 2663 576 2724 rogemus
607 2647 638 2704 et
667 2644 705 2704 eb
734 2645 801 2720 ipso
824 2644 1016 2723 deprecemur
1040 2646 1121 2723 quod
1142 2647 1245 2725 potest
1262 2661 1287 2703 ss

220 2734 377 2812 provenire
399 2755 453 2811 per
475 2737 515 2795 te.
561 2733 636 2793 dicit
658 2735 808 2809 quomodo
836 2734 868 2793 id
891 2735 1011 2794 Turnus
1039 2734 1135 2813 possit
1157 2754 1244 2814 prue-

220 2827 313 2883 stare:
346 2825 429 2883 cedat
454 2822 566 2901 inquit:
595 2822 697 2883 cedere
725 2826 771 2883 est
797 2824 896 2883 locum
922 2824 992 2883 dure
1019 2823 1145 2884 meliori.
1195 2826 1245 2885 ius

214 2915 373 2987 proprioru
399 2914 461 2988 regi
482 2914 657 2987 patriosque
685 2914 826 2973 remittat:
856 2915 887 2972 et
912 2914 1048 2991 patietur
1077 2933 1177 2993 regem
1209 2933 1245 2974 oo

219 3007 337 3079 patrem
359 3002 406 3061 uti
423 3002 489 3061 iure
508 3022 561 3062 suo
580 3003 611 3060 et
634 3003 715 3061 sinet
733 3001 855 3079 propriu
873 3002 1013 3063 libertate
1033 3003 1155 3064 definire
1175 3004 1243 3063 uni·

220 3111 320 3152 versos
336 3111 370 3151 ec
384 3091 470 3167 sequi
484 3092 563 3168 quod
577 3091 636 3151 sibi
650 3091 837 3150 commodum
856 3093 1013 3152 tractando
1030 3093 1243 3169 perspexerint
1261 3106 1286 3147 so

159 3183 290 3256 seuquid
308 3182 430 3240 miseros
447 3182 549 3240 totiens
567 3182 600 3239 in
618 3185 721 3255 operio
735 3182 871 3255 pericula
889 3183 961 3241 ciuis
974 3183 1098 3257 proicis,
1118 3200 1134 3242 o
1153 3182 1244 3242 Latio

293 3376 309 3422 2
339 3387 423 3437 quum
454 3385 585 3438 maguum
615 3368 702 3435 suerii
734 3369 776 3424 ed.
865 3375 898 3423 13
925 3386 975 3425 uec
998 3369 1023 3423 V
1050 3371 1142 3425 minue
1170 3369 1242 3424 edF.

222 3446 254 3494 18
279 3442 395 3509 quodsi
415 3440 440 3494 V
461 3439 504 3495 ed.
529 3440 596 3507 quid
618 3441 654 3493 eit
676 3457 735 3494 nos.
814 3445 847 3494 19
869 3443 1012 3510 perpensis
1032 3440 1058 3494 V
1079 3457 1149 3495 corr.
1170 3441 1215 3495 ed.

216 3513 374 3580 peditarum
388 3511 414 3564 V
432 3513 513 3565 eoiret
531 3511 574 3565 ed.
596 3510 599 3581 l
620 3511 709 3565 necV
727 3528 784 3567 ooo
802 3513 844 3567 ed.
867 3513 870 3583 l
892 3512 990 3568 eratV
1004 3512 1047 3566 ed.
1067 3518 1142 3569 errut
1155 3528 1215 3568 nos.

220 3586 345 3651 quisquis
364 3583 390 3636 V
415 3585 464 3651 qui
490 3582 533 3636 ed.
608 3588 640 3635 27
667 3585 760 3651 inquit
786 3600 840 3637 om.
863 3582 907 3637 ed.
980 3589 1014 3638 28
1037 3585 1186 3654 patriagus
1207 3582 1242 3639 V.

222 3660 255 3706 29
274 3657 419 3709 osismus
435 3654 458 3706 V
477 3671 526 3707 -sa
545 3653 588 3707 ed.
608 3670 667 3709 -εοε
686 3672 744 3708 noe.
812 3660 845 3708 30
859 3655 1089 3723 perspexerintV
1108 3657 1167 3712 -aei't
1183 3654 1243 3711 eds

213 3742 283 3794 ergo
300 3743 359 3780 non
378 3725 583 3797 suspicandum
601 3728 645 3782 est
662 3725 733 3781 Don.
751 3727 880 3795 patrique
898 3725 1008 3796 legisse.
