2725 4150
453 379 456 388 .
555 336 740 393 AENEiDOS
754 336 807 392 VII
1147 337 1190 404 75

170 510 245 581 forle
276 507 403 566 scatade
437 507 575 579 deflueret
604 509 729 581 ripaque
762 510 860 565 000100
891 506 1038 565 viridante
1069 506 1252 567 levaretstet

169 597 250 656 bunc
273 615 394 656 cervum
416 615 453 656 ex
474 616 555 656 more
580 596 672 674 paulo
699 596 820 674 longius
843 614 862 654 a
884 595 997 654 domini
1024 594 1190 671 parietibus

170 688 321 746 errantem
350 685 472 745 rabidae
502 704 589 746 canes
620 685 681 745 Iuli
712 684 850 745 venantis
884 686 1109 744 commoverunt
1142 685 1191 745 vel

169 778 282 834 natura
299 776 348 836 vel
365 776 495 835 factione
515 776 625 835 Furiae
643 775 798 847 inmissae3
817 793 908 850 supra
927 775 1008 832 enim
1025 771 1101 832 dixit
1118 773 1190 848 „hic

139 865 301 926 asabitum
324 865 446 925 canibus
464 864 580 924 rabiem
599 863 724 942 Cocytia
745 863 831 941 virgo
855 862 948 923 obicit
965 866 996 922 et
1017 864 1089 922 noto
1107 864 1189 923 naris

169 955 320 1032 contingit
343 954 445 1030 odore,
468 957 505 1014 ut
523 973 643 1013 cervum
661 953 799 1013 ardentes
818 951 973 1030 agerent“.
1011 953 1069 1012 hoc
1086 951 1189 1030 igitur,

168 1045 205 1102 ut
228 1043 343 1103 dictum
365 1046 423 1119 est,
450 1044 612 1104 faciebant
628 1060 729 1117 canes,
752 1060 820 1101 cum
844 1042 883 1100 ad
905 1043 968 1102 vim
990 1044 1118 1101 naturae
1141 1060 1188 1101 ac·

169 1134 308 1193 cessisset
330 1136 361 1192 et
382 1134 481 1194 rabies
498 1132 624 1192 inmissa
641 1152 696 1209 per
715 1131 851 1205 Furiam,
874 1135 1100 1192 commoverunt
1121 1150 1188 1190 enm

167 1221 201 1281 in
222 1223 292 1298 ripa
314 1222 446 1282 fluminis
470 1221 660 1281 oberrantem
682 1220 804 1281 levandi
826 1225 926 1281 aestus
950 1239 1055 1297 causa3
1077 1220 1190 1281 fluebat

131 1328 154 1367 1c
169 1312 283 1388 quippe
308 1311 388 1371 idem
415 1312 524 1372 fluvius
551 1310 688 1371 secundis
716 1310 851 1387 lapsibus
874 1313 906 1370 et
926 1310 1046 1387 placido
1069 1312 1189 1390 agmine

169 1403 200 1460 et
222 1401 451 1461 delectationem
472 1400 636 1479 praebebat
658 1401 783 1477 aspectu
805 1402 835 1458 et
858 1400 959 1476 aprico
978 1400 1089 1479 frigore
1107 1400 1189 1460 leva·

168 1488 222 1549 bat
244 1490 412 1551 aestuantis
431 1491 581 1566 ardorem,
603 1487 811 1565 requiescendi
833 1492 934 1548 autem
955 1488 1118 1565 praebebat
1140 1508 1188 1549 oc·

168 1581 319 1640 casicnem
349 1582 379 1639 et
408 1581 505 1657 ipsam
534 1583 668 1655 requiem
695 1579 905 1657 gratiosiorem
931 1578 1063 1637 faciebat
1088 1577 1188 1638 herbis

168 1668 334 1729 virentibus
358 1668 486 1729 adfatim
508 1669 696 1728 ministratis.
732 1667 890 1727 ordinatur
906 1686 1011 1728 sensus
1030 1667 1085 1726 sic:
1107 1667 1188 1726 hunc

131 1771 152 1811 1⁵
168 1759 274 1835 procul
300 1762 450 1818 errantem
476 1758 599 1818 rabidae
627 1776 715 1817 canes
742 1758 880 1817 venantis
903 1757 965 1816 Iuli
994 1775 1188 1831 commovere,

168 1847 297 1906 secundo
333 1848 425 1907 fluvio
457 1867 525 1908 cum
556 1847 699 1907 deflueret
738 1847 863 1924 ripaque
904 1848 1004 1907 aestus
1037 1845 1188 1906 viridante

168 1936 290 1997 levaret
327 1935 409 1997 dicta
427 1941 473 1998 est
491 1956 582 1997 causa
601 1957 662 2013 qua
679 1936 868 1996 invitabatur
885 1955 989 1997 cervus
1007 1938 1045 1995 ut
1061 1936 1188 1996 fluvium

167 2029 296 2102 peteret:
320 2025 469 2088 defluebat
486 2027 576 2101 lenia,
598 2027 654 2086 hoc
677 2029 801 2087 estnon
820 2026 926 2087 habuit
943 2026 1087 2104 strepitus
1106 2026 1188 2087 odio-

168 2134 216 2175 sos
235 2115 397 2176 dormienti
414 2120 445 2176 et
463 2116 571 2175 habuit
589 2136 624 2175 ex
642 2115 819 2193 placiditate
838 2117 1005 2195 gratiosum
1024 2120 1187 2194 aspectum,

117 2216 148 2261 tc
168 2208 194 2265 si
211 2206 290 2266 forte
304 2208 382 2265 esset
399 2207 510 2266 iacenti
528 2206 726 2284 vigilandum,
744 2209 775 2264 ct
789 2225 865 2266 aura
879 2225 914 2265 ex
927 2207 1015 2266 undis
1034 2205 1186 2265 arborum·

167 2314 225 2372 que
240 2297 390 2371 opacitate
405 2297 531 2356 collecta
545 2298 704 2373 gratiaque
718 2297 853 2373 riparum
866 2296 1063 2355 viridantium
1075 2295 1187 2355 reficie-

166 2383 219 2443 bat
248 2387 386 2460 exceptos
413 2387 444 2444 et
471 2386 597 2445 exclusis
625 2384 757 2445 aestibus
785 2385 970 2445 sublevabat.
1016 2386 1089 2443 haec
1116 2387 1187 2444 sunt

167 2493 244 2549 quae
268 2474 460 2550 aliquantum
486 2476 668 2535 vocaverant
692 2493 826 2550 cervum,
854 2494 943 2551 quem
965 2474 1102 2533 venantis
1125 2472 1187 2532 Iuli

167 2566 389 2624 commoverant
407 2582 495 2625 canes
514 2567 670 2623 amantem.
708 2567 739 2623 et
756 2564 893 2623 venantis
913 2562 993 2639 quod
1011 2561 1100 2637 dixit,
1122 2563 1186 2622 illic

115 2652 327 2711 ἒ500001110ιὶ1
354 2672 473 2712 omnem
499 2653 702 2713 defensionem
724 2653 845 2712 Ascani.
887 2653 913 2712 si
936 2652 1016 2711 enim
1039 2670 1185 2727 supereo

167 2740 248 2818 apud
276 2741 433 2818 prudentis
463 2744 578 2822 ageret,
609 2744 733 2802 diceret:
766 2744 913 2819 agrestem
943 2742 1064 2821 putavi,
1093 2744 1186 2801 nescii

165 2833 356 2890 mansuetum
378 2833 485 2908 utpote
504 2835 587 2892 extra
605 2832 710 2892 domos
729 2831 887 2910 degentem
904 2849 959 2890 nec
980 2831 1076 2908 ipsius
1095 2848 1186 2892 causa

165 2922 309 2979 venatum
331 2922 476 2997 processi,
500 2922 551 2981 sed
573 2922 706 2980 ferarum
730 2921 943 2997 capiendarum
966 2921 1080 2997 studio,
1108 2941 1185 2998 quae

165 3010 196 3067 in
218 3010 303 3069 silvis
327 3012 358 3069 et
379 3011 412 3069 in
429 3010 504 3087 ripis
526 3011 684 3070 fluminum
706 3012 831 3087 reperiri
849 3012 1074 3071 consueverunt.
1111 3012 1186 3071 haec

115 3102 146 3148 ι0
166 3099 239 3175 quia
260 3101 341 3159 iuste
366 3100 425 3160 dici
451 3103 615 3177 potuerunt
641 3100 723 3177 apud
745 3119 856 3177 aequos
883 3100 1010 3176 iudices,
1040 3100 1112 3159 data
1139 3104 1186 3160 est

166 3205 256 3265 opera
273 3188 376 3248 labore
394 3189 518 3266 Furiae,
538 3193 574 3249 ut
592 3191 669 3251 tales
687 3193 809 3267 repente
826 3189 859 3249 in
877 3193 954 3249 iram
973 3191 1186 3267 consurgerent

166 3277 272 3353 quibus
302 3297 399 3357 aequa
427 3281 505 3339 ratio
534 3278 620 3339 reddi
648 3299 709 3340 non
735 3279 850 3356 posset,
879 3281 1045 3358 agrestium
1071 3278 1185 3338 scilicet

165 3450 272 3519 recepit
293 3450 347 3517 ed,
371 3449 421 3504 sed
443 3448 587 3504 Donatum
611 3450 728 3505 rabidae
752 3448 854 3520 legisse
878 3448 1076 3517 interpretatio
1101 3448 1184 3503 dccet

165 3537 215 3575 nec
233 3524 275 3577 cel
292 3492 398 3577 0011400
416 3520 511 3575 obstat
517 3521 673 3589 ,quoniam
687 3539 711 3575 v.
722 3526 775 3576 4⁷9
789 3521 946 3576 naturalem
961 3536 1062 3573 canum
1075 3518 1183 3574 rabiem

166 3594 274 3647 statuit
325 3598 407 3661 9sqq.
426 3593 553 3661 deflueret
570 3592 640 3646 Don
659 3592 887 3664 impersonaliter
904 3589 1052 3661 accepisse
1065 3592 1198 3647 0100100.

165 3668 348 3718 serenantes
369 3664 444 3717 r'nr'ra
467 3664 572 3722 ·te'eV
649 3672 684 3723 23
708 3674 882 3726 amarescat
895 3666 923 3723 V
948 3666 1149 3724 incitauerant
1164 3662 1217 3716 ab

152 3736 188 3782 26
201 3738 327 3797 affectae
346 3732 372 3784 V
385 3751 456 3789 corr.
477 3737 521 3793 ed.
