2725 4150
550 327 802 383 musmosvu
1146 333 1186 398 17

163 497 305 576 portendi
333 497 517 574 populorum
545 500 690 575 stragem,
719 498 818 574 ipsam
845 498 947 557 tamen
974 497 1109 557 futuram
1136 518 1189 575 po·
1284 500 1287 515 ⁴

163 588 280 647 tionem.
327 607 387 646 non
411 587 507 665 igitur
528 586 607 647 vatis
629 605 773 662 responso
797 589 953 646 contentus
977 588 1069 646 etiam
1091 586 1190 646 Fauni

165 676 345 736 auctoritate
377 677 487 735 certior
517 676 616 737 voluit
645 675 738 734 reddi.
793 676 914 735 Faunus
947 677 1071 752 quippe,
1108 677 1189 753 quod

164 766 307 826 fatidicus
335 767 413 824 esset
440 768 471 825 et
494 768 594 841 pater,
617 763 777 824 videbatur
799 783 886 841 posse
908 766 1055 825 instruere
1079 767 1188 825 certius

133 856 260 914 efilium
283 855 399 932 duplici
421 873 495 913 cura
517 873 710 930 suspensum
735 854 787 931 qui
810 854 890 913 enim
911 856 998 914 iuxta
1020 863 1134 914 ceteros
1156 855 1189 914 in

162 942 370 1021 respondendo
399 943 498 1003 facilis
527 943 587 1003 fuit
615 943 822 1020 benigniorem
844 961 876 1002 se
898 943 931 1002 in
954 962 1075 1003 suorum
1098 962 1190 1003 causa

162 1033 372 1110 praebiturum
390 1033 524 1095 dubitari
541 1052 601 1093 non
620 1035 748 1109 poterat.
781 1033 866 1108 adiit,
880 1034 989 1109 inquit,
1002 1053 1055 1092 rex
1072 1035 1189 1110 patrios

162 1124 262 1197 lucos,
288 1123 344 1182 hoc
369 1125 415 1182 est
437 1124 470 1181 in
494 1122 603 1198 quibus
625 1122 678 1180 ille
702 1122 857 1181 colebatur
879 1124 910 1181 et
932 1121 1025 1182 dabat
1047 1141 1190 1199 responsa

162 1211 397 1289 postulantibus.
442 1211 475 1270 hi
502 1211 563 1271 luci
590 1211 714 1270 fuenmt
743 1212 797 1271 sub
828 1212 892 1270 alta
922 1212 1012 1288 silva,
1041 1231 1118 1288 quae
1145 1212 1189 1270 di-

119 1322 145 1361 ro
163 1306 281 1361 ceretur
297 1301 449 1378 Albunea3
471 1301 535 1360 illic
555 1301 656 1360 fuerat
673 1301 740 1359 fons
758 1300 817 1358 loci
835 1301 1008 1361 numinibus
1027 1321 1119 1376 sacer,
1138 1301 1190 1361 sed

164 1391 216 1468 qui
236 1391 389 1450 exhalaret
407 1391 564 1467 mephitim
578 1408 700 1450 saevam
718 1390 749 1448 id
768 1392 814 1448 est
832 1390 952 1448 odorem
967 1391 1188 1468 gravissimum.

162 1482 232 1539 binc
267 1480 366 1539 Italae
404 1484 502 1555 pentes
539 1481 689 1553 annaque
727 1476 864 1537 Oenotria
901 1479 986 1537 tetius
1022 1481 1055 1537 in
1091 1481 1190 1539 dubiis
1209 1491 1243 1540 85

162 1586 307 1644 impensa
330 1573 447 1643 petunt:
485 1588 545 1628 non
567 1569 658 1628 tellus
681 1567 804 1645 petebat
826 1586 982 1643 responsa,
1007 1568 1059 1628 sed
1083 1568 1190 1643 quiin

164 1679 199 1718 ea
223 1657 493 1718 commorabantur.
534 1658 566 1716 in
589 1658 689 1716 dubiis
712 1657 788 1716 dixit
809 1657 842 1714 in
865 1657 973 1734 quibus
997 1657 1102 1715 incerti
1126 1675 1189 1716 esse

121 1767 145 1806 n
163 1748 345 1808 viderentur.
381 1748 437 1806 bue
455 1748 534 1806 dona
552 1747 689 1806 canendos
707 1765 774 1806 caan
792 1747 858 1805 tutit
875 1752 902 1806 et
919 1764 1074 1806 caesarum
1091 1747 1190 1805 ocium

164 1839 218 1897 sub
240 1841 323 1896 nocte
345 1837 442 1895 silenti
460 1837 588 1910 pellibus
610 1837 744 1895 incubuit
764 1838 865 1895 stratis
887 1854 1059 1910 somnosque
1075 1837 1189 1910 petiuit,

163 1927 258 1985 inulta
288 1926 384 1984 modis
415 1927 577 1997 simulacra
608 1926 688 1984 uidet
722 1927 878 1987 volitantia
912 1927 998 1985 miris
1030 1931 1057 1985 et
1087 1928 1190 1984 carias
1210 1936 1244 1985 90

165 2016 250 2076 audit
275 2032 358 2075 acces
384 2016 551 2090 fruiturque
578 2015 699 2074 deciana
722 2015 871 2088 antequa
899 2019 984 2089 atque
1006 2016 1075 2074 inis
1098 2014 1189 2074 Aehe-

163 2110 251 2165 rcnta
274 2105 398 2177 adfatur
420 2104 564 2163 Auernis:
601 2124 713 2163 morem
737 2104 813 2162 dixit
835 2106 917 2164 illius
939 2106 1011 2164 loci:
1034 2106 1119 2179 dum,
1145 2104 1190 2163 in·

121 2212 147 2252 so
165 2195 245 2272 quit,
268 2213 412 2271 responsa
434 2197 613 2271 poscuntur,
636 2194 721 2254 venit
744 2195 881 2253 sacerdos
900 2194 938 2253 ad
957 2195 1072 2268 lucum,
1092 2194 1192 2252 adfert

164 2285 257 2359 dona,
284 2283 412 2361 pecudes
439 2286 554 2343 mactat
581 2287 612 2342 et
639 2287 746 2342 aarum
766 2284 870 2342 stratis
893 2283 1021 2359 pellibus
1044 2283 1192 2341 incumbit

163 2374 268 2450 ibique
304 2373 454 2432 dormiens
493 2374 599 2432 futura
635 2372 768 2432 somniat
804 2375 835 2432 et
870 2376 997 2431 ventura
1038 2372 1192 2448 cognoscit

163 2466 346 2539 tantumque
378 2463 440 2521 alto
472 2462 620 2538 premitur
651 2481 768 2537 somno,
799 2464 836 2521 ut
865 2461 903 2519 ad
932 2461 1029 2520 instar
1058 2460 1191 2517 defuncti

163 2550 294 2611 hominis
324 2553 424 2611 iacens
452 2571 520 2611 cum
543 2551 617 2628 ipsis
646 2552 751 2610 inferis
782 2555 812 2609 et
839 2569 907 2609 cum
932 2550 999 2626 ipso
1023 2548 1191 2607 Acheronte

122 2657 146 2697 ss
164 2642 223 2700 sibi
251 2639 415 2700 arbitretur
441 2660 504 2700 esse
532 2641 735 2718 conloquium.
782 2639 940 2697 auditurus
964 2639 1044 2697 enim
1069 2638 1137 2698 deos
1162 2642 1192 2697 et

164 2730 284 2790 fabulas
308 2749 376 2789 cum
399 2731 571 2789 numinibus
595 2731 755 2789 habiturus
777 2730 943 2787 humanum
966 2748 1085 2788 sensum
1104 2727 1192 2787 debet

165 2818 341 2878 dormiendo
368 2821 491 2879 nescire.
536 2820 582 2877 bic
605 2824 630 2877 et
653 2824 715 2877 tum
735 2822 821 2890 pater
843 2820 906 2892 ipse
926 2823 1027 2893 petens
1049 2836 1192 2892 responsa

165 2910 297 2968 Latinus
329 2913 442 2967 centnm
479 2910 628 2983 iuniperus
664 2909 813 2968 mactabat
850 2909 906 2967 rite
949 2909 1073 2967 bidentis
1107 2913 1192 2979 atque

165 2999 274 3057 barum
301 2998 419 3070 effultus
446 3001 523 3072 terpo
550 2998 707 3070 stratisque
733 2998 847 3056 iacebat
872 2998 1042 3057 velleribus:
1086 2997 1135 3055 hio
1162 3000 1193 3055 et

124 3103 149 3142 so
166 3091 232 3147 tum
253 3087 368 3164 inquit,
390 3088 447 3147 hoc
470 3089 516 3145 est
537 3088 594 3146 hoc
616 3087 682 3145 loco
707 3089 797 3162 atque
820 3086 886 3163 ipso
910 3089 1123 3163 temporeque
1145 3088 1193 3144 tot

166 3179 302 3237 monstra
330 3177 491 3235 extiterant
517 3177 549 3233 in
578 3193 669 3235 eausa
691 3175 778 3235 filiae.
824 3179 911 3252 pater
933 3176 997 3251 ipse
1020 3179 1123 3250 petens
1147 3193 1191 3232 re-

166 3284 278 3342 sponsa
306 3264 447 3325 Latinus:
478 3265 543 3341 ipse
573 3269 661 3341 pater
690 3265 822 3342 perrexit
849 3265 888 3324 ad
916 3265 1046 3341 petenda
1068 3265 1115 3322 vel
1145 3282 1191 3322 ae-

240 3442 255 3489 5
275 3437 324 3504 qui
337 3452 399 3489 aum
413 3436 456 3489 ed.
508 3440 524 3487 9
544 3436 687 3489 dicebatur
701 3434 744 3487 ed.
793 3440 826 3488 10
845 3435 897 3488 toci
910 3433 1068 3488 nominibus
1083 3450 1148 3502 aper
1157 3432 1190 3487 V.

168 3513 202 3561 15
221 3507 342 3562 ontulit
355 3506 388 3562 V.
447 3511 480 3559 19
500 3507 553 3561 toci
570 3510 603 3560 ut
621 3522 707 3574 supra
721 3505 747 3559 V
766 3507 822 3560 tuci
839 3507 959 3573 utroque
978 3504 1039 3557 loco
1059 3504 1102 3557 ed.
1124 3504 1129 3576 1
1148 3506 1192 3558 in-

167 3581 228 3647 quit
246 3577 274 3631 V
297 3579 372 3633 delcit
396 3578 439 3634 ed.
522 3583 554 3631 21
582 3584 685 3633 macta
706 3576 733 3632 V
758 3578 848 3634 caedit
874 3575 921 3632 ed.
951 3576 965 3650 i
998 3576 1132 3630 incubuit
1159 3575 1209 3625 ab.

168 3656 203 3704 ²2
220 3656 358 3717 immet
373 3649 400 3705 V.
474 3655 510 3706 23
529 3651 681 3725 altaqueV
700 3652 760 3711 alto
780 3652 828 3710 ed.
903 3657 942 3709 ‘hb
963 3650 1157 3707 arbitraretur
1179 3643 1230 3694 eb.

156 3733 223 3769 ⁶⁰1⁷·
243 3718 285 3771 0‘1·
301 3724 376 3785 1³0⁸&
388 3747 417 3767 =
430 3721 460 3779 V·
538 3733 575 3785 26
596 3731 767 3788 nominibus
780 3728 823 3787 V.

190 3821 249 3859 Dori,
258 3823 356 3873 interpr,
368 3830 437 3884 Verg.
453 3838 503 3880 vol.
515 3841 547 3883 II.
1072 3834 1094 3881 ιζ
