2725 4150
547 327 788 386 musmoem
1111 335 1177 402 409

157 497 317 577 perhibent
338 501 370 558 et
392 499 454 558 alia
476 496 662 574 huiusmodi,
689 500 738 574 nt,
765 498 792 560 si
814 499 894 559 falsa
915 502 1035 576 reperta
1057 499 1179 577 fuerint,

156 607 219 648 non
241 586 406 648 adserentis
429 587 613 666 professione
631 590 803 664 teneantur,
826 587 878 648 sed
897 587 1002 650 audita
1020 591 1179 666 narrantis,

157 679 214 739 hoc
233 680 334 738 autem
351 678 431 752 loco,
449 695 518 736 oum
532 676 652 736 Aeneae
670 695 830 755 personam
846 678 999 754 loquentis
1016 677 1179 756 induceret,

157 767 203 827 ait
226 768 303 845 „qni
325 767 407 827 solus
425 765 519 826 honos
538 766 708 826 Acheronte
727 767 782 827 sub
800 765 861 828 imo
880 766 958 843 est“‚
981 766 1061 845 quod
1079 769 1180 845 ipsum

126 875 219 916 enon
251 856 433 931 dubitantis,
465 854 516 915 sed
550 873 586 914 ex
618 857 722 933 aperto
754 855 903 917 firmantis
935 858 989 917 est.
1042 857 1068 917 si
1099 857 1180 917 enim

158 947 237 1006 esset
264 947 409 1020 incertus,
438 943 535 1004 dicere
563 943 667 1004 debuit
694 943 747 1021 qui
774 945 855 1007 solus
883 945 977 1006 honos
1005 964 1069 1007 esse
1097 947 1180 1023 apud

157 1035 271 1095 inferos
299 1036 403 1095 fertur.
448 1032 505 1093 hoc
531 1032 630 1108 fieret,
656 1032 684 1094 si
711 1052 771 1093 non
798 1036 877 1094 esset
899 1035 1019 1095 Aeneae
1042 1054 1179 1114 persona,

158 1127 192 1184 at
214 1143 282 1183 cum
305 1124 406 1200 ipsum
432 1121 549 1182 inducit
571 1123 624 1199 qui
645 1121 718 1182 haec
741 1122 824 1200 apud
849 1123 963 1184 inferos
985 1124 1127 1201 probavit
1148 1127 1180 1186 et

157 1212 250 1289 vidit,
278 1216 359 1273 reete
388 1211 547 1273 confirmat
569 1211 648 1271 exire
671 1215 806 1272 mortuos
830 1213 1023 1291 sepulturam.
1067 1215 1179 1293 quippe

115 1321 140 1361 ιο
157 1303 190 1362 in
208 1305 292 1362 sexto
311 1301 387 1362 libro
407 1293 504 1383 (325)
522 1299 637 1360 dictum
659 1304 706 1361 est
728 1301 824 1377 „haec
847 1300 943 1362 omnis
968 1321 1060 1380 quam
1082 1303 1179 1364 cernis

157 1395 245 1468 inops
277 1392 494 1467 inhumataque
524 1389 613 1450 turba
644 1391 702 1466 est,
733 1390 864 1467 portitor
895 1391 947 1450 ille
979 1389 1111 1468 Charon,
1147 1393 1181 1452 hi

158 1498 233 1559 qnos
261 1481 344 1542 vehit
370 1479 452 1540 unda
479 1478 598 1557 sepulti„
649 1498 703 1539 neo
730 1479 813 1557 ripas
842 1479 931 1539 datur
958 1479 1121 1541 horrendas
1150 1483 1180 1541 et

156 1588 250 1630 rauca
272 1570 385 1630 fluenta
407 1572 614 1646 transportare
637 1569 721 1645 prins
745 1587 837 1645 qnam
860 1569 980 1629 sedibus
1004 1587 1072 1630 ossa
1096 1571 1180 1647 quie·

156 1663 239 1719 runt.
275 1662 396 1719 centum
418 1661 521 1718 errant
539 1676 634 1717 annos
651 1657 841 1736 volitantque
859 1657 932 1718 haec
950 1659 1042 1719 litora
1060 1659 1180 1735 circum,

115 1763 139 1805 se
157 1753 225 1809 tum
238 1747 359 1808 demum
372 1746 496 1808 admissi
510 1749 619 1826 stagna
637 1751 781 1824 exoptata
793 1746 959 1808 revisunt“.
991 1747 1048 1808 hoc
1061 1748 1179 1809 Aeneas

158 1837 275 1914 Sibylla
298 1839 463 1915 exponente
481 1838 674 1916 cognoverat,
692 1836 767 1896 item
785 1836 946 1898 Palinurus
964 1828 1010 1918 (6,
1025 1830 1105 1921 363)
1123 1838 1180 1898 hoo

156 1926 292 2005 rogavit,
319 1929 368 2002 ut,
397 1927 469 2003 quia
495 1925 576 1986 inter
601 1924 770 2002 insepultos
800 1926 933 2003 errabat,
960 1929 1112 2003 repertum
1135 1945 1179 1988 se·

156 2017 297 2095 pulturae
315 2015 485 2077 mandaret:
504 2014 608 2093 „quod
624 2014 687 2091 te“,
703 2016 816 2093 inquit,
829 2035 905 2094 „per
923 2017 999 2078 caeli
1018 2017 1180 2079 ineundum

157 2108 260 2166 lumen
289 2108 321 2165 et
347 2123 450 2182 auras,
479 2126 533 2183 per
560 2104 725 2184 genitorem
753 2123 819 2181 oro,
848 2126 902 2184 per
931 2124 998 2184 spes
1029 2108 1179 2186 surgentIs

115 2212 139 2253 so
156 2196 227 2271 Iuli,
241 2196 322 2272 eripe
340 2214 388 2255 me
405 2197 462 2271 his,
478 2196 600 2270 invicte,
613 2195 702 2255 malis
722 2197 776 2254 aut
793 2198 828 2255 tu
845 2194 922 2254 mihi
939 2198 1052 2256 terram
1069 2196 1178 2257 inice“.

156 2304 223 2346 ecoe
247 2284 328 2345 dicta
351 2288 397 2345 est
424 2302 514 2345 cansa
540 2288 665 2360 propter
688 2304 779 2361 quam
806 2283 881 2344 dixit
904 2285 957 2362 qui
980 2285 1061 2345 solus
1084 2285 1178 2345 honos

155 2375 327 2435 Acheronte
350 2374 404 2435 sub
427 2375 488 2433 imo
516 2375 570 2433 est.
615 2374 666 2446 ilc,
697 2375 753 2443 ott,
783 2374 913 2449 eprcpc'os
941 2374 1073 2443 opinus,
1104 2391 1180 2447 quoe

155 2465 302 2539 socpuiuc
315 2464 400 2523 notia
412 2463 489 2522 hanc
498 2462 633 2536 putrium
643 2480 784 2537 peperero
801 2480 863 2532 suo,
883 2462 1015 2522 decorate
1033 2463 1179 2536 supremis
1198 2464 1233 2515 25

155 2554 343 2612 munoribus:
372 2551 573 2611 consultorem
601 2552 694 2611 talem
725 2570 817 2630 quam
845 2551 973 2610 libenter
1003 2570 1022 2611 a
1051 2552 1178 2611 circum·

115 2657 138 2699 ro
157 2641 309 2703 stantibus
332 2643 475 2718 putamus
500 2639 650 2716 auditum,
677 2660 746 2701 omn
770 2642 813 2700 sic
835 2639 1004 2700 nominaret
1027 2659 1077 2701 eos
1102 2659 1178 2718 quos

156 2730 230 2790 belli
247 2734 399 2790 certamen
418 2730 637 2805 absumpserat!
675 2730 729 2806 qui
746 2728 883 2806 proprio,
901 2728 1015 2807 inquit,
1033 2730 1179 2808 sanguine

156 2820 287 2898 gloriam
309 2820 395 2879 nobis
420 2821 451 2878 et
472 2819 644 2878 libertatem
666 2821 849 2896 pepererunt
871 2836 1040 2896 supremam
1065 2837 1179 2879 meren-

156 2913 208 2970 tur
230 2908 489 2969 honorificentiam
512 2908 569 2968 hoc
592 2910 639 2967 est
662 2906 857 2983 exequiarum
880 2926 1023 2985 pompam
1046 2910 1077 2968 et
1094 2908 1180 2968 fune·

155 3018 224 3058 rum
244 2998 440 3074 sepulturam.
471 2998 545 3058 haec
564 2996 689 3057 dicendo
709 2995 884 3057 audientum
899 2998 1015 3057 animos
1030 2996 1180 3075 erigebat3

115 3104 139 3144 οο
156 3087 184 3148 si
211 3087 291 3147 enim
316 3088 365 3147 illi
391 3088 454 3147 iam
480 3089 660 3163 pepererant
686 3086 818 3163 patriam
845 3084 898 3163 qni
925 3087 1090 3164 perierant,
1117 3086 1181 3147 vivi

156 3178 318 3238 securitate
350 3180 440 3253 parta
471 3175 545 3235 laeti
576 3193 639 3236 esse
671 3174 845 3234 debuerant,
899 3178 1056 3251 praeterea
1087 3173 1192 3236 unus?

156 3268 284 3343 quisque
315 3283 346 3326 se
377 3269 432 3325 aut
461 3283 601 3326 casurum
629 3263 790 3324 inminenti
818 3263 898 3324 bello
931 3267 985 3325 aut
1016 3267 1179 3342 praeterito

229 3442 245 3489 8
268 3442 319 3491 aut
340 3452 402 3491 oum
420 3435 446 3489 V
465 3452 534 3490 corr,
554 3434 597 3489 ed.
675 3439 692 3487 9
715 3435 885 3504 eepulturam
898 3434 925 3489 V
942 3451 956 3489 e
974 3435 1116 3504 sepultura
1135 3434 1179 3488 ed.

157 3514 191 3563 12
212 3508 260 3562 scd
280 3515 380 3563 muco
393 3506 463 3563 Vct
482 3522 570 3562 rauca
593 3521 730 3575 superscr.
749 3523 822 3561 man.
841 3522 897 3561 reo.
971 3512 1004 3560 15
1027 3512 1107 3572 tuac,
1130 3505 1180 3560 sed

154 3581 187 3634 in
200 3578 240 3633 VI
258 3585 317 3633 tum
330 3579 364 3633 V.
438 3583 471 3631 1⁷
488 3579 607 3647 sepultos
621 3576 648 3631 V
665 3593 735 3634 oorr.
755 3577 800 3632 ed.
874 3582 907 3631 19
928 3576 1025 3648 aput
1048 3593 1128 3644 spero
1144 3576 1197 3654 eh.

155 3652 187 3705 in
201 3649 241 3703 VI
253 3667 307 3718 per
323 3665 384 3719 apes
399 3651 537 3720 repento
552 3650 615 3707 Iuli
633 3648 725 3709 deest.
787 3656 824 3708 ht
844 3651 1032 3708 audientium
1048 3645 1133 3716 edi
1147 3659 1216 3696 anu

150 3737 212 3773 mas
228 3719 253 3770 V
266 3736 334 3772 corr.
355 3719 397 3773 ed.
474 3725 510 3777 82
528 3739 667 3784 οαοοονιοοη
679 3724 708 3782 V
730 3743 894 3786 consuram
911 3723 993 3782 edi.
