2725 4150
552 334 737 392 aanamos
751 335 804 391 vn
1145 339 1189 407 85

167 504 304 562 morum
326 506 381 572 est,
404 504 471 577 ipsu
493 522 609 578 repam:
635 507 667 564 et
689 504 716 564 si
738 504 828 580 forte,
851 505 964 582 inquit,
987 505 1113 583 aliquis,
1139 518 1252 569 subeo

165 595 268 669 perest
297 591 396 667 labor,
425 596 546 672 regetur
575 612 666 671 opera
691 613 766 655 mea
812 594 881 653 tutis
903 595 1024 653 dederat
1044 595 1189 655 Saturnia

165 699 264 742 eoem:
290 682 366 742 haec
387 682 490 743 locuta
512 686 559 742 est
575 683 662 742 Iuno.
708 684 762 743 ille
784 688 882 743 cutem
909 683 1014 744 attollit
1039 685 1189 744 stridentis

165 772 317 846 oupuibus
339 771 406 831 olus
426 770 577 847 Cocytique
592 773 664 845 petit
681 772 778 831 sedem
796 790 905 845 supero
923 773 1023 833 arduo
1041 774 1190 846 linquens:

135 875 148 918 ὅ
164 860 229 936 illa,
248 861 306 920 hoo
325 862 372 920 est
380 861 506 936 Allecto,
520 861 633 922 auditis
648 880 725 938 quae
739 861 905 922 necessario
919 863 997 921 Iuno
1011 863 1190 940 protulerat,

164 950 280 1009 relictis
308 949 385 1008 caeli
409 950 582 1029 regionibus
610 951 667 1010 alis
696 950 820 1028 delapsa
848 953 894 1011 est
917 951 956 1011 ad
978 971 1044 1012 eam
1070 955 1190 1030 partem

166 1057 229 1116 qua
250 1057 384 1098 remeare
407 1039 446 1098 ad
468 1039 580 1099 inferos
598 1041 709 1115 posset
749 1040 857 1116 incipit
879 1041 939 1101 loci
957 1041 1117 1118 descriptio
1135 1060 1191 1119 per

166 1147 257 1204 quem
279 1129 324 1186 ire
346 1128 448 1205 potuit
470 1129 509 1188 ad
530 1127 696 1188 infernum:
719 1134 761 1188 est
783 1130 863 1189 iocus
885 1130 996 1190 Itutiue
1017 1131 1112 1191 medio
1133 1132 1189 1193 sub

164 1218 314 1276 montibus
341 1218 422 1287 ultis,
450 1218 558 1277 uobdis
585 1222 611 1277 et
632 1221 719 1292 sama
741 1219 842 1278 multis
863 1224 1042 1280 memoratus
1063 1222 1098 1280 iu
1119 1221 1188 1290 oris,

122 1322 148 1362 ro
164 1304 344 1379 Ampsancti
362 1307 469 1365 ualles:
492 1305 568 1365 dixit
587 1311 740 1385 regionem
758 1309 790 1367 in
814 1327 876 1385 qua
899 1313 977 1369 esset
998 1309 1082 1370 locus
1105 1313 1136 1369 et
1157 1311 1252 1372 inest

165 1414 228 1472 qua
246 1396 311 1455 eins
328 1398 429 1471 parte,
452 1395 530 1455 dixit
551 1396 643 1456 etiam
661 1416 771 1456 nomen
788 1397 967 1473 Ampsancti
985 1418 1004 1458 a
1021 1399 1087 1458 fani
1102 1417 1189 1459 voca·

164 1485 238 1544 bulo
266 1503 302 1544 ac
329 1486 471 1560 nemoris,
501 1485 578 1546 dixit
604 1487 710 1562 situm,
740 1487 822 1563 quod
850 1487 883 1545 in
911 1488 992 1548 valle
1020 1487 1189 1547 baberetur.

165 1574 266 1632 densis
288 1574 367 1633 tuuc
387 1575 544 1648 frmitibus
568 1580 666 1635 atrum
688 1580 772 1651 urpet
787 1576 933 1649 utrimque
951 1577 1030 1636 lutus
1047 1578 1190 1636 nemoris:

166 1663 314 1738 densitas,
336 1663 450 1740 inquit,
472 1664 602 1724 nemoris
624 1665 704 1724 hunc
729 1665 842 1724 iecerat
866 1665 1070 1740 tenebrosum,
1093 1665 1189 1725 latera

119 1767 147 1808 ro
165 1772 237 1813 vero
261 1752 325 1812 eius
347 1754 380 1812 in
399 1755 556 1831 angustias
574 1758 685 1814 natura
702 1753 890 1830 perduxerat
921 1755 1072 1827 medioque
1089 1755 1189 1829 frope-

164 1860 218 1902 sus
237 1841 290 1901 etot
311 1843 438 1901 sonitum
461 1845 544 1903 suuis
567 1848 593 1902 et
616 1848 688 1902 torto
710 1844 815 1903 uertice
837 1848 965 1904 terreus:
988 1843 1189 1921 conpendiosa

165 1930 342 2008 descriptis,
364 1933 541 1991 atumem
563 1932 655 1992 simul
677 1934 708 1992 et
729 1937 847 2009 partem
871 1952 906 1992 ex
929 1953 989 2011 qua
1008 1933 1189 1993 trudebatur

165 2024 197 2081 et
226 2037 334 2080 sonum
363 2020 497 2082 cadentis
528 2041 624 2099 aquae
654 2025 686 2082 et
715 2040 838 2083 oausam
861 2041 937 2100 quae
960 2041 1066 2084 sonum
1089 2022 1189 2101 ipsum

164 2112 279 2171 faceret
299 2110 454 2170 indicaret.
489 2112 669 2172 nascebatur
687 2115 788 2172 autem
810 2112 909 2172 medio
929 2112 993 2174 eius
1011 2113 1071 2174 loci
1089 2115 1189 2190 copio-

117 2215 216 2260 rosus
245 2199 357 2273 amnis,
387 2200 501 2260 dabant
526 2201 625 2261 undae
653 2203 786 2261 sonitum
813 2204 892 2262 saxis
919 2202 1026 2263 inlisae
1053 2205 1084 2261 et
1110 2204 1190 2263 inter

164 2308 239 2349 saxa
268 2288 374 2347 eadem
402 2290 565 2351 verticibus
593 2291 707 2367 rapidis
737 2291 964 2368 torquebantur.
1009 2293 1056 2352 itio
1086 2309 1189 2365 specus

163 2378 344 2437 borreudum
373 2383 400 2437 et
427 2380 510 2438 saeui
536 2381 689 2453 spiraculo
711 2380 792 2439 Ditis
818 2384 1021 2440 monstrantur
1047 2385 1189 2454 ruptoque

163 2468 268 2542 iupeus
290 2466 453 2527 Acheronte
474 2486 582 2543 occupo
599 2470 760 2542 pestiferos
784 2471 878 2543 operit
899 2469 1014 2541 fauces,
1038 2471 1104 2541 puis
1123 2485 1251 2536 ceu-570

164 2557 228 2616 dito
245 2556 374 2632 Erinys,
393 2557 523 2616 incisum
541 2575 662 2626 omnem,
687 2562 782 2617 terroe
801 2558 968 2630 caelumque
986 2558 1115 2616 uectat·
1139 2559 1188 2618 vel

117 2659 145 2699 ra
164 2645 315 2705 densitate
337 2665 493 2705 nemorum
511 2648 560 2707 vel
582 2666 656 2706 sono
674 2646 815 2706 torrentis
835 2646 883 2707 vel
906 2646 1011 2706 umbra
1031 2645 1187 2709 foraminis

163 2734 317 2794 tenebrosi
333 2736 382 2795 vol
401 2736 471 2794 inde
489 2736 586 2814 magis
605 2735 800 2812 horrendum,
824 2738 896 2812 quia
913 2735 1076 2795 inferorum
1096 2738 1189 2798 ianua

163 2824 226 2883 fnit
244 2826 276 2883 et
294 2824 333 2882 ad
351 2823 453 2884 Ditem
474 2828 593 2901 patrem
611 2827 665 2901 qui
682 2826 821 2885 miserere
840 2826 968 2885 nesciret
985 2826 1045 2886 iter
1061 2828 1188 2888 infelici-

163 2914 220 2973 bus
249 2912 356 2988 dabat,
384 2915 415 2973 et
441 2917 534 2991 rupta
560 2916 651 2973 humo
679 2934 774 2991 usque
800 2914 839 2974 ad
864 2916 967 2993 ipsum
989 2917 1188 2978 Acherontem

164 3002 315 3079 profunda
333 3001 487 3078 demersio,
502 3023 594 3080 quam
613 3003 770 3064 obsidebat
782 3004 890 3082 Erinys
904 3001 928 3084 †
942 3007 1039 3068 solam
1055 3008 1187 3084 patentis

237 3228 440 3295 opraemzerm
453 3227 496 3281 ed.
549 3228 671 3283 8medio
686 3227 709 3280 V
725 3230 756 3283 iu
769 3230 858 3285 medio
872 3230 916 3284 ed.
968 3236 1000 3284 11
1016 3228 1186 3299 arrepsucitV

164 3296 206 3366 (in
219 3297 352 3351 lemmate
367 3300 460 3367 recte).
515 3303 547 3352 1⁷
563 3300 854 3371 descriptiolltomuem
868 3300 975 3370 (littera
989 3303 1054 3354 ante
1068 3308 1186 3355 taurucm

163 3368 296 3437 evanida)
311 3385 366 3437 qua
379 3387 486 3424 amnem
500 3370 543 3423 ed.
581 3376 614 3423 21
629 3373 807 3439 torquebatur
815 3370 849 3427 V.
867 3372 869 3442 t
886 3371 990 3425 lemma
1004 3371 1128 3439 corrupit
1142 3372 1185 3426 ed.

164 3446 199 3493 27
218 3442 343 3495 miserere
360 3439 386 3493 V
404 3443 519 3496 mulceri
539 3441 582 3495 ed.
656 3448 690 3495 29
713 3445 800 3498 sotem
814 3449 940 3512 patentes
957 3445 1047 3497 hiatus
1063 3448 1104 3497 tic
1122 3460 1183 3499 cou-

162 3512 284 3579 spiciens
302 3512 479 3567 altitudinem
491 3511 525 3566 V:
544 3528 596 3566 noc
614 3514 701 3569 seiam
719 3530 770 3569 nec
784 3516 953 3583 conspiciens
967 3513 1035 3582 quid
1049 3513 1104 3567 sibi
1117 3513 1187 3569 velit

163 3582 261 3649 video,
283 3582 403 3637 fortasse
425 3586 485 3638 solu
506 3585 538 3638 iu
557 3587 680 3652 pateretis
697 3587 791 3640 hiatus
808 3593 895 3641 terrae
913 3586 1073 3656 couiuqieus
1091 3586 1186 3641 attitu-

163 3654 256 3709 diuem
276 3655 351 3719 (sola
369 3655 410 3706 ad
431 3654 630 3723 explicandum
654 3658 733 3729 quod
758 3660 802 3717 est
825 3658 966 3731 caedito),
986 3658 1041 3714 ssd
1060 3657 1209 3727 sominare

151 3738 209 3773 non
225 3738 312 3774 ausus
329 3738 439 3779 crucem
460 3728 585 3797 adposui
606 3730 730 3793 lectioni
752 3735 907 3794 editionis.
