2725 4150
451 371 456 379 .
548 322 733 379 nnunmos
751 323 804 378 xn
1122 325 1188 391 615

163 497 198 554 et
223 494 275 553 hic
298 491 438 554 Oreteum
465 493 539 552 dicit
564 493 787 570 interemptum.
827 491 975 568 quomodo
1004 491 1100 570 igitur
1123 492 1189 551 fieri

162 583 269 661 potuit
290 586 326 643 ut
348 583 437 642 homo
460 601 537 643 unus
562 583 686 643 diversis
710 581 894 658 temporibus
916 582 962 641 bis
986 580 1188 641 occideretur?

162 692 203 733 ne
225 673 316 749 quasi
338 673 510 732 inmemon's
534 674 640 750 poetae
663 671 771 731 vitium
799 670 920 746 existat,
947 671 1056 730 melius
1078 672 1125 731 est
1146 673 1189 730 sic

162 761 347 840 intellegere,
365 765 403 821 ut
420 762 497 820 alter
510 763 563 821 ille
581 761 674 821 fuerit
687 762 724 821 de
739 781 797 837 quo
812 761 889 820 dixit
907 752 952 841 (9,
968 752 1047 842 775)
1065 759 1189 835 „Gretea

132 851 321 911 sMnsarum
344 853 496 926 comitem,
524 851 573 910 cui
598 851 732 910 carmine
759 869 875 926 semper
898 852 928 909 et
950 849 1084 908 citherae
1107 848 1190 909 cordi

163 958 364 1016 numerosque
385 941 540 1000 intendere
562 939 692 1000 nervis“.
721 940 862 1015 denique,
881 939 908 999 si
923 939 1004 997 idem
1022 939 1115 997 etiam
1132 939 1189 998 hoc

163 1031 231 1090 loco
248 1029 367 1104 fuisset,
389 1030 464 1090 artis
482 1029 546 1090 cius
566 1033 596 1088 et
614 1030 756 1106 peritiam
773 1030 904 1087 musicae
918 1026 1060 1087 scientiae
1078 1029 1189 1087 iterum

162 1120 366 1195 praetulisses
402 1137 455 1179 nec
477 1120 635 1178 sternere
659 1117 828 1192 Cupencum
849 1116 954 1177 Aenea
974 1119 1105 1176 ueniente
1126 1118 1251 1180 inisero

163 1207 268 1268 Aenea
297 1209 436 1269 veniente
465 1227 525 1268 non
555 1210 718 1286 potuerunt
749 1207 920 1283 Cupencum
952 1207 995 1265 dii
1024 1209 1071 1266 sui
1099 1207 1189 1266 tueri.

121 1317 147 1357 xc
164 1298 245 1357 dedit
273 1299 360 1357 obuio
387 1299 467 1371 ferro
492 1302 612 1371 pectora
638 1314 692 1357 nec
719 1299 826 1356 misero
856 1296 941 1369 clepet
966 1314 1051 1355 mora
1073 1298 1191 1370 profuit

164 1389 259 1447 anis:
287 1390 405 1447 tantum
428 1389 593 1464 oportunus
616 1387 676 1445 fuit
698 1387 737 1445 ad
760 1385 963 1462 excipiendam
986 1388 1126 1460 mortem,
1153 1390 1190 1446 ut

164 1477 252 1537 illum
274 1495 329 1536 nec
351 1475 395 1534 dii
412 1477 460 1547 sui
482 1495 537 1536 uec
559 1477 745 1535 munimenta
766 1476 898 1552 corporis
917 1475 1071 1552 potuerint
1089 1475 1189 1534 defen·

165 1583 239 1626 sare.
273 1565 340 1642 quis
363 1566 443 1625 enim
465 1566 538 1625 deus
561 1565 652 1625 inerti
669 1567 772 1642 posset
790 1564 935 1624 auxilium
955 1564 1045 1639 ferre,
1069 1565 1188 1641 quando

166 1654 327 1717 adversum
348 1657 454 1730 pectus
481 1656 562 1715 ultro
585 1655 697 1714 obtulit
723 1655 802 1713 ferro
829 1655 1010 1729 tantumque
1040 1671 1071 1713 se
1102 1672 1188 1730 opor·

127 1760 149 1802 u
165 1747 273 1804 tnnum
297 1744 450 1821 praebuit,
472 1747 509 1804 ut
530 1763 586 1804 nec
608 1744 727 1804 obiectu
750 1743 840 1820 clipei
861 1743 980 1819 aliquas
1003 1744 1094 1802 morti
1117 1762 1188 1803 suae

165 1852 265 1894 moras
284 1832 434 1893 adferret?
465 1837 615 1908 teneroque
628 1834 795 1892 Laurentes
811 1833 960 1902 ciderunt,
975 1830 1077 1902 Aeolo,
1092 1834 1190 1906 canopi

166 1927 297 1997 oppetere
320 1927 346 1982 et
368 1924 425 1982 lete
447 1927 557 1982 terrum
579 1927 760 1982 consternere
782 1926 874 1996 tergo:
904 1922 980 1980 dixit
1007 1926 1037 1982 et
1061 1921 1189 1981 Aeolum

166 2013 309 2088 occisum,
338 2012 389 2071 sed
415 2013 504 2072 buius
527 2015 618 2090 poeta
641 2011 767 2070 exitium
789 2030 849 2070 non
873 2011 936 2070 sine
960 2011 1080 2070 adfectu
1102 2011 1188 2071 mise·

166 2102 292 2163 rationis
317 2102 457 2176 insemit‚
485 2102 613 2180 denique
636 2102 743 2162 condis
766 2102 823 2178 ait3
852 2102 908 2160 hoc
931 2101 1055 2162 verbum
1078 2101 1203 2161 occidis·

132 2203 153 2246 u
166 2191 315 2253 maiorum
336 2194 471 2268 personis
489 2194 626 2269 aptatur,
644 2192 710 2266 sed,
730 2191 870 2268 quoniam
888 2190 969 2250 hunc
987 2190 1023 2248 de
1043 2190 1189 2250 nobilium

166 2299 288 2341 numero
306 2282 373 2341 vult
390 2300 454 2341 esse
467 2281 629 2360 Vergilius,
644 2281 787 2340 occidisse
800 2299 867 2339 eum
882 2280 968 2355 dixit,
985 2298 1045 2338 non
1060 2280 1189 2339 occisum

166 2389 236 2432 esse.
255 2368 387 2446 Motene
398 2388 483 2443 quern
494 2388 555 2429 non
563 2376 685 2444 potuere
694 2370 859 2444 pbclonpes
871 2373 998 2427 sternere
1011 2386 1064 2427 nee
1072 2369 1189 2427 Priuerni
1197 2377 1249 2428 545

165 2477 321 2535 regnorum
343 2477 458 2519 eversor
480 2458 623 2519 Achilles:
650 2460 765 2533 texisti,
789 2460 846 2533 ait,
869 2477 992 2534 corpore
1014 2461 1069 2517 tuo
1091 2461 1187 2517 terras

166 2549 286 2624 Italiae,
319 2551 372 2625 qui
405 2549 664 2627 congredientibus
697 2547 875 2608 exercitibus
907 2545 1027 2608 Graecis
1060 2550 1091 2606 et
1120 2548 1187 2623 ipso

133 2638 296 2714 unehine,
327 2657 460 2699 eversore
483 2639 578 2697 totins
606 2639 704 2716 regni,
731 2656 792 2697 non
820 2636 994 2696 occubuisti.
1036 2655 1090 2713 per
1117 2654 1187 2713 cpo-

166 2729 321 2805 stropham
337 2728 500 2787 formosam
518 2727 763 2805 conparationem
781 2726 900 2785 induxit
918 2726 1086 2802 exprimens
1103 2725 1136 2784 in
1152 2744 1188 2784 ca

167 2818 295 2877 dolentis
314 2816 479 2891 adfectum,
502 2818 587 2892 quasi
611 2818 638 2875 si
656 2816 769 2876 diceret
786 2814 914 2892 potuisti
932 2814 1036 2874 cadere
1054 2815 1086 2873 in
1105 2814 1187 2893 geni·

165 2907 277 2967 talibus
299 2907 387 2966 terris
410 2910 442 2966 et
464 2926 483 2965 a
504 2906 677 2965 melioribus
700 2906 830 2981 percuti,
857 2924 936 2964 nunc
962 2904 994 2962 in
1021 2904 1187 2981 peregrinis

165 2995 243 3057 iaces
266 2999 298 3056 et
319 2999 350 3056 te
373 2996 537 3073 prostravit
558 2995 691 3054 inferior.
723 2996 769 3053 bic
791 2995 844 3053 tibi
865 2994 967 3052 rnortc's
986 2998 1070 3053 nant
1085 2998 1186 3062 metue,

127 3088 151 3134 ⁸⁰
166 3086 269 3145 dmmts
283 3086 345 3145 otto
358 3087 413 3144 snb
427 3085 502 3144 Ida:
519 3104 579 3144 nou
597 3084 655 3144 tibi
669 3084 767 3143 defuit
784 3085 881 3143 virtus
900 3085 967 3158 tua,
985 3083 1037 3142 sed
1055 3083 1187 3142 fatorum

165 3175 281 3235 ratione
299 3174 464 3251 perfectum
488 3176 535 3233 est
555 3177 591 3233 ut
614 3176 703 3233 uatus
725 3174 758 3232 iu
781 3172 849 3232 aliis
872 3174 960 3232 terris
978 3172 1100 3232 vivendi
1119 3172 1187 3232 finis

165 3283 199 3324 ac
216 3263 361 3324 terminos
382 3263 415 3322 in
433 3264 538 3323 alienis
556 3263 730 3341 regionibus
747 3253 905 3322 invenires,
937 3262 1066 3336 Inrneee'
1084 3262 1187 3321 domus

237 3440 252 3487 ‘1
271 3435 373 3489 musice
386 3434 412 3488 V
430 3436 550 3490 mensae
568 3440 594 3488 et
612 3434 655 3488 ed.
729 3438 745 3487 8
765 3433 918 3501 (legentum
939 3431 982 3486 ed.
1056 3436 1072 3483 9
1090 3432 1188 3486 Aenea

164 3508 287 3561 renim
309 3505 340 3558 iu
362 3506 477 3574 interpr.
498 3522 550 3559 cm.
571 3505 615 3560 ed.
689 3511 721 3559 11
741 3506 815 3559 ceris
829 3504 855 3558 V
873 3505 947 3558 aerei
965 3503 1008 3557 ed.
1082 3507 1115 3556 12
1135 3518 1187 3571 po-

164 3583 278 3633 tuerunt
292 3576 318 3631 V
333 3580 476 3646 potuerint
492 3593 543 3631 nos
558 3578 713 3645 potuissent
730 3576 773 3629 cd.
848 3580 882 3628 13
899 3576 984 3630 inerti
999 3573 1025 3627 V
1042 3575 1125 3629 morti
1141 3574 1185 3631 ed

163 3648 201 3703 cf.
225 3653 251 3715 9,
269 3652 330 3703 686.
407 3654 440 3702 17
466 3649 567 3703 occidis
591 3647 721 3703 lemmsti
747 3647 816 3702 add.
839 3646 885 3703 ed.
955 3650 993 3699 tt
1017 3647 1123 3699 munta
1145 3646 1198 3697 ab.

142 3769 144 3772 ,
162 3725 194 3771 21
213 3721 299 3773 erbum
317 3717 344 3770 V
356 3735 467 3775 menen
486 3720 531 3777 ed.
608 3727 643 3777 2⁵1
663 3723 691 3779 si
711 3738 768 3778 om.
784 3720 831 3778 cd.
904 3722 945 3772 Ὦ
961 3716 1105 3787 Irgrueesc
1121 3711 1172 3763 eu.
