2725 4150
557 335 741 392 nnnnrnos
760 336 786 391 x
1117 339 1182 406 365

163 506 285 575 arsisse,
308 505 392 566 Iouis
414 523 479 565 ouen
496 505 626 579 fulmina
644 507 746 565 contre
768 508 808 564 tot
824 506 953 579 paribus
975 509 1112 580 streperet
1134 506 1183 566 eti·

158 596 237 669 peis,
256 599 297 655 tot
313 595 466 671 dringret
482 611 579 654 enses:
600 613 714 655 morem
732 612 822 655 snum
838 593 930 655 etiem
942 595 999 654 hoo
1013 595 1079 654 looo
1093 596 1184 672 poeta

162 685 305 760 servavit,
335 688 372 745 ut
393 683 474 762 quod
500 683 674 745 incredibile
696 683 796 744 fueret
822 686 853 743 et
874 683 1047 744 fabulosum
1069 702 1129 743 non
1152 703 1182 743 se

162 775 310 849 proferret
323 776 453 835 ouotore.
486 774 595 850 qualis,
608 774 718 850 inquit,
731 773 874 851 Aegoeon
891 773 983 834 fuisse
1000 771 1183 850 perhibetur,

133 879 252 938 equom
279 862 384 923 dieunt
413 866 533 923 eentum
555 862 679 923 broehia
700 862 841 923 habuisse
869 866 899 923 et
920 861 1048 923 totidem
1076 881 1183 923 manns

162 946 350 1033 (brachiaet
370 971 478 1014 manus
500 971 560 1011 non
582 972 677 1011 unum
696 954 788 1028 atque
805 951 886 1011 idem
905 952 1090 1030 signifioant;
1113 971 1184 1012 nom

161 1040 286 1102 braohia
303 1042 370 1101 vult
387 1060 451 1103 esse
469 1041 508 1102 ab
530 1042 640 1103 umeris
654 1058 758 1118 usque,
774 1040 813 1101 od
832 1059 898 1100 eam
915 1044 1033 1119 partem
1056 1060 1133 1120 quae
1151 1043 1184 1101 in

159 1130 275 1209 digitos
298 1131 458 1207 dividitur,
484 1149 591 1192 manus
619 1149 691 1191 vero
714 1131 826 1210 digitos
849 1125 959 1212 ipsos),
987 1149 1041 1191 ora
1063 1150 1183 1209 quoque

162 1219 398 1299 quinquaginta,
430 1219 566 1280 omnibus
593 1220 719 1281 solitum
745 1220 885 1281 incendia
911 1221 1044 1297 mittere,
1076 1222 1183 1281 arsisse

115 1327 145 1368 ιο
157 1311 265 1369 Δαιιῐθιιι
281 1311 502 1389 quinquaginta
520 1308 791 1387 pertonsuslovis
809 1308 968 1385 incendiis,
992 1328 1059 1369 eum
1078 1312 1184 1370 eontra

162 1398 355 1459 contenderet
381 1399 603 1477 quinquaginta
630 1398 741 1477 gladiis
774 1402 804 1458 et
832 1400 924 1460 sontis
952 1398 1182 1478 quinquaginta.

162 1487 268 1549 dieunt
291 1488 449 1549 adomnia
470 1490 615 1566 pertinet,
637 1487 762 1565 proinde
781 1506 841 1547 non
864 1488 955 1548 semel
978 1487 1184 1564 accipiendum

162 1579 221 1652 est,
240 1579 276 1636 nt
294 1578 346 1638 sit:
364 1575 506 1656 Aegaeon
521 1576 769 1654 qualis,oentu1n
787 1579 837 1637 eui
854 1576 976 1638 braohia
994 1576 1099 1637 dieunt
1117 1596 1183 1636 oen·

161 1670 308 1744 tenusque
331 1685 438 1727 manus
457 1665 572 1742 dieunt,
596 1665 819 1746 quinquaginta
837 1667 938 1727 oribus
956 1665 1058 1746 ignem
1080 1667 1184 1727 dicunt

122 1748 145 1814 us
162 1755 392 1834 pectoribusque
422 1757 535 1817 'arsisse
563 1756 680 1832 dieunt,
707 1758 755 1816 tot
782 1756 904 1832 paribus
934 1755 1037 1833 olipeis
1060 1755 1182 1836 gladiis·

163 1862 221 1922 que
248 1847 353 1905 eontra
377 1845 458 1905 Iovis
485 1846 614 1906 fulmina
636 1848 765 1906 certasse
784 1845 895 1906 dieunt.
928 1847 971 1906 sie
992 1850 1048 1906 toto
1065 1844 1184 1905 Aeneas

162 1934 292 1994 desoeeit
308 1935 342 1993 in
362 1951 485 2010 aequm
502 1936 605 2003 oiowr,
621 1939 654 1994 ut
671 1935 759 1994 seruet
776 1936 900 2010 intepuit
911 1953 1027 1996 moero:
1044 1936 1246 2013 conpletaeto

163 2027 209 2085 est
231 2024 448 2102 pareboia'per
461 2024 581 2085 Aeneae
603 2042 777 2102 porsonam,
793 2024 871 2092 ‚dum
890 2024 964 2086 dieit
991 2045 1060 2086 eum
1087 2025 1129 2086 sio
1151 2024 1184 2086 in

157 2115 265 2174 :hostes
283 2115 413 2174 saevisse
426 2133 481 2192 per
498 2132 619 2192 campos
637 2117 668 2174 et
685 2113 717 2173 in
733 2117 821 2179 tanta
837 2114 1031 2175 multitudine
1050 2114 1183 2175 extitisse

120 2222 145 2260 ro
163 2204 322 2279 victorem,
341 2205 435 2279 quasi¹
445 2202 599 2264 habuisset
616 2207 737 2264 eentum
751 2204 873 2264 brechia
888 2207 919 2264 et
933 2224 1041 2264 manns
1056 2207 1184 2279 eentum,

157 2291 282 2371 gladios
306 2292 527 2371 quinquaginta
545 2296 577 2353 et
594 2296 684 2353 ⁴sento,
704 2294 925 2372 quinquaginta
949 2297 979 2353 et
1001 2295 1100 2372 ignem
1125 2311 1183 2369 quo

164 2384 289 2441 ennotos
315 2382 499 2458 incenderet3
521 2385 642 2442 tantum
665 2384 765 2442 antem
789 2401 944 2442 caesorum
967 2382 1101 2442 adseruit
1128 2401 1184 2440 nu·

162 2490 279 2552 merum
287 2470 445 2546 cecidisse,
467 2471 637 2550 ut'glodius
656 2473 721 2532 eius
739 2472 894 2550 sanguinis
913 2472 1011 2530 calore
1030 2469 1183 2547 tepuisset.

163 2560 237 2635 quire
259 2576 320 2620 eeee
337 2561 468 2635 Niphaei
487 2561 672 2636 quadriiupis
689 2562 723 2619 irr
741 2578 827 2636 equos
850 2560 1030 2634 otiosaque
1048 2560 1185 2619 hoodie

118 2670 145 2711 ao
157 2649 270 2709 tendit:
292 2650 325 2709 in
343 2658 435 2727 equos
453 2650 584 2726 Niphaei
602 2650 729 2711 adversa
746 2649 843 2709 tendit
859 2648 994 2724 brechia,
1017 2649 1131 2707 seilicet
1149 2651 1185 2707 nt

162 2740 245 2799 huno
267 2757 336 2799 eum
359 2740 442 2815 equis
459 2740 628 2817 adpeteret.
658 2742 758 2813 'atque
781 2738 826 2797 itti
849 2738 930 2812 letrae
950 2738 1132 2813 pradiemem
1159 2742 1186 2797 et

163 2829 234 2888 diro
250 2830 419 2902 frementem
436 2830 596 2898 stridere,
616 2832 695 2887 metu
711 2828 788 2886 uersi
807 2830 938 2903 retroque
957 2831 1073 2886 ruentes
1091 2828 1184 2899 effun-

164 2918 292 2992 duntque
315 2919 417 2979 decem
438 2919 615 2993 rapiuntque
642 2918 682 2977 art
710 2917 796 2977 litore
819 2933 938 2976 euwes:
965 2917 1048 2993 equi,
1075 2914 1184 2993 inquit,

163 3009 199 3065 ut
220 3006 343 3067 Aenean
365 3008 507 3069 viderunt
529 3008 571 3067 sio
593 3007 781 3081 trementem,
803 3008 838 3065 ut
860 3005 937 3065 nihil
959 3007 988 3066 ei
1009 3008 1111 3083 posset
1133 3004 1183 3064 ob·

119 3114 146 3153 eo
164 3098 261 3171 stare,
285 3098 424 3173 ,quamvis
453 3099 551 3157 essent
577 3099 663 3156 muto
682 3094 838 3171 animalia,
860 3095 950 3174 longe
972 3096 1185 3155 intellexerunt

157 3315 160 3319 ⁸
238 3303 345 3371 aptiori
357 3301 410 3356 VR
431 3304 491 3357 eius
508 3301 580 3371 quod
595 3302 646 3357 ed.
719 3308 736 3357 4
759 3308 895 3357 auduom
916 3301 959 3356 ed.
988 3302 992 3374 Ι
1021 3317 1106 3357 aeeon
1124 3299 1182 3355 VR.

164 3378 290 3441 taque
313 3373 385 3428 idern
405 3372 457 3427 VR
481 3373 604 3441 idemque
628 3373 672 3429 ed.
753 3379 768 3428 i
793 3374 913 3429 horrueris
933 3372 983 3427 VR
1009 3372 1183 3443 (plerumque

163 3446 272 3513 mnes).
345 3449 361 3498 9
384 3445 510 3500 omuibus
527 3443 579 3497 VR
601 3461 635 3499 uo
654 3460 689 3499 ese
706 3460 729 3499 ο.
749 3445 793 3500 ed.
867 3450 900 3499 12
924 3445 1021 3500 dicaret
1038 3443 1090 3497 VR
1112 3444 1184 3513 quod

164 3516 239 3571 dreit
264 3532 327 3570 enm
352 3532 438 3584 prava
463 3515 644 3570 distinetione
669 3516 713 3570 ed.
793 3520 826 3569 1⁸
849 3532 911 3571 omre
931 3515 982 3569 VR
1007 3519 1103 3586 (supro
1128 3516 1184 3583 oui]

164 3588 212 3643 cui
229 3606 251 3642 r.
307 3591 341 3640 15
359 3593 398 3643 tot
411 3585 463 3641 VR
480 3594 561 3657 utque
578 3593 596 3643 t.
616 3586 660 3643 ed.
717 3587 981 3660 representans
997 3589 1045 3657 hub
1059 3585 1210 3648 sohunbhh

164 3675 251 3714 aenea
265 3657 294 3712 V,
314 3728 321 3739 Ι
350 3663 384 3712 24
401 3658 516 3716 &acheo
531 3659 583 3717 VR
601 3661 647 3720 ed.
664 3668 783 3737 pectora
793 3660 991 3735 Verghibri,
1003 3676 1058 3730 que
1072 3649 1227 3724 Quomodo

154 3728 223 3780 Don.
243 3727 367 3795 explicet
383 3728 536 3789 obscurum
559 3739 612 3797 eet.
694 3744 735 3797 26
754 3744 782 3798 et
803 3738 876 3797 diro
885 3736 949 3794 in
969 3741 996 3792 ei
1015 3748 1078 3787 ouo.
1092 3724 1145 3779 hb·
