2725 4150
537 341 801 396 murmosvm
1117 345 1178 410 117

163 513 264 572 citudo
296 516 342 572 est
369 512 401 571 in
429 512 544 572 ratione
572 512 732 585 bellorum,
764 513 800 570 ut
829 508 1035 585 unusquisque
1064 511 1182 570 noverit

163 602 237 678 quid
255 602 355 661 hostes
374 604 476 679 agant,
494 602 566 677 quid
588 601 761 660 moliantur.
796 600 870 658 haec
892 599 986 676 igitur
1003 599 1120 658 Aeneas
1139 598 1182 660 sic

162 695 302 765 noverat,
328 694 363 749 ut
390 691 493 750 eadem
522 691 589 767 ipsa
616 709 676 748 non
705 689 803 749 solum
830 687 961 763 audisse,
989 689 1040 747 sed
1064 707 1181 749 cernere

162 782 327 854 videretur,
358 781 402 838 ita
435 782 530 839 omnis
564 782 649 839 actus
681 777 817 838 diversae
846 778 941 853 partis
971 777 1181 856 investigando

132 871 332 948 ucollegerat.
378 889 486 947 magno
514 872 616 928 autem
644 867 738 927 animi
766 870 851 927 aestu
875 870 905 925 et
928 867 1096 927 vehementi
1119 867 1182 945 agi·

162 960 287 1019 tabatur
305 959 496 1018 considerans
518 961 613 1018 totius
635 957 745 1017 Italiae
767 957 936 1017 factionem.
969 959 1070 1016 aestus
1090 957 1183 1015 animi

162 1069 198 1107 ex
226 1068 317 1108 causa
343 1048 551 1107 translationis
579 1048 652 1106 dicti
675 1050 759 1120 sunt,
789 1049 921 1106 ceterum
947 1045 1067 1123 proprie
1090 1047 1182 1106 maris

163 1139 302 1197 dicuntur
323 1142 436 1212 aestus,
460 1157 528 1196 cum
549 1137 632 1196 ultra
652 1139 795 1196 naturam
815 1155 902 1196 suam
921 1137 1025 1212 aliqua
1043 1154 1183 1195 excausa

163 1228 283 1287 tollitur
310 1229 364 1285 aut
390 1227 526 1285 inundat.
572 1246 625 1286 nec
652 1225 792 1284 inmerito
819 1225 913 1304 igitur
935 1224 1183 1302 prudentissimus

120 1333 145 1371 ro
163 1317 288 1375 diversis
303 1316 536 1393 cogitationibus
555 1318 586 1374 et
603 1314 819 1375 inaestimabili
832 1334 904 1374 cura
922 1315 981 1373 buc
1000 1316 1090 1390 atque
1109 1315 1184 1374 illuc

162 1405 286 1481 propria
313 1406 447 1482 cogitata
474 1405 604 1465 tenebat.
655 1404 776 1464 videbat
803 1404 882 1463 enim
910 1403 1042 1463 adversis
1065 1423 1184 1463 omnem

162 1495 286 1554 Italiam
309 1495 418 1553 studiis
441 1495 635 1570 conspirasse,
653 1495 779 1553 missum
801 1511 921 1568 quoque
944 1492 1036 1552 etiam
1055 1493 1093 1551 ad
1111 1492 1183 1551 Dio-

162 1583 278 1658 meden,
296 1604 386 1659 quem
399 1604 460 1643 non
473 1584 615 1660 sperabat
633 1583 747 1642 auxilia
769 1585 958 1661 negaturum,
977 1582 1184 1641 considerabat

164 1693 236 1748 opes
260 1692 342 1746 suas,
361 1692 439 1748 quae
462 1677 566 1732 contra
589 1676 690 1732 tantos
714 1691 749 1732 ac
773 1673 843 1732 talis
867 1675 946 1731 stare
959 1663 1030 1729 ¹non
1053 1673 1183 1748 possent,

119 1778 144 1819 u
163 1765 269 1838 utpote
292 1782 369 1838 quae
393 1765 492 1822 essent
514 1763 588 1822 satis
612 1763 736 1840 exiguae
755 1765 786 1821 et
804 1761 895 1821 nullis
914 1761 1096 1820 extrinsecus
1115 1760 1184 1820 sub·

164 1852 248 1910 sidiis
276 1853 379 1910 fultae.
424 1852 498 1911 haec
526 1853 717 1928 exposuimus
740 1853 830 1927 capta
848 1852 1018 1910 coniectura
1041 1870 1076 1909 ex
1098 1869 1184 1926 prae·

164 1940 306 2016 sentibus,
325 1944 456 2000 ceterum
473 1944 563 2017 poeta
577 1941 676 2000 nullas
691 1941 909 2018 cogitationum
922 1940 1059 2017 specialis
1078 1959 1184 2000 causas

165 2032 284 2108 aperuit
313 2031 518 2091 aestimationi
546 2031 719 2107 relinquens
749 2049 827 2107 quae
856 2031 908 2090 ille
937 2049 991 2107 pro
1022 2031 1101 2105 loco,
1128 2049 1184 2108 pro

162 2131 304 2197 tempore,
323 2141 377 2197 pro
396 2140 532 2198 persona,
550 2139 605 2197 pro
624 2139 716 2180 causa
734 2121 853 2181 volvere
872 2139 972 2181 secum
989 2121 1054 2197 ipse
1077 2120 1185 2197 potuit.

119 2226 145 2266 ro
163 2211 358 2270 nihilominus
383 2212 461 2268 mira
487 2214 551 2269 arte
574 2211 719 2270 tractavit
741 2214 882 2270 naturam
906 2210 1012 2285 animi,
1031 2212 1098 2287 qui,
1118 2229 1185 2269 oum

165 2300 289 2359 diversis
319 2303 356 2359 ut
384 2319 466 2358 mare
497 2300 628 2375 coeperit
658 2300 789 2359 aestibus
821 2299 945 2377 agitari,
973 2301 1033 2359 cito
1061 2301 1093 2357 in
1121 2300 1184 2358 alta

164 2392 284 2464 rapitur
307 2393 337 2448 et
359 2391 419 2455 cito
442 2392 607 2448 revocatur.
644 2388 740 2448 mittit
762 2388 1020 2465 conparationem,
1040 2391 1075 2446 ut
1093 2407 1183 2447 unus·

165 2480 291 2554 quisque
320 2479 412 2537 animi
438 2478 651 2554 mobilitatem,
686 2496 779 2554 quam
805 2478 949 2537 latentem
979 2479 1012 2535 in
1043 2477 1184 2535 interiore

164 2568 293 2643 pectoris
321 2587 381 2626 non
408 2570 527 2643 poterat
555 2586 686 2643 cernere,
714 2566 869 2644 proposito
896 2565 1013 2625 videret
1035 2566 1185 2642 exemplo:

120 2672 146 2711 rs
164 2659 240 2716 aaut
255 2675 349 2730 aquae
363 2657 518 2715 tremulum
532 2658 690 2716 lubricati
704 2658 801 2716 lumea
815 2657 898 2715 acuis
911 2656 970 2713 sole
983 2672 1186 2728 repercussum

165 2752 217 2805 aut
234 2747 384 2805 radicatis
401 2747 530 2820 iuapiue
548 2747 636 2805 laurae
654 2747 755 2805 oruata
770 2746 928 2819 percolatat
946 2746 1003 2804 late
1026 2746 1089 2804 loca
1111 2745 1185 2805 iuuu

165 2854 219 2908 que
237 2838 291 2894 sab
311 2853 404 2894 auras
423 2838 546 2909 cripitur
562 2836 726 2908 summique
743 2837 813 2908 ferit
835 2836 989 2908 laquearia
1006 2836 1087 2907 tecta·
1105 2846 1229 2911 aquato

166 2928 245 2984 enim
267 2923 439 3001 patentibus
463 2928 543 2984 vasis
567 2925 689 2984 condita
712 2927 742 2983 et
764 2943 905 3000 percussa
927 2926 1000 2984 solis
1023 2926 1071 2985 vel
1094 2925 1184 2984 lunae

165 3014 271 3089 radiis,
295 3017 321 3073 si
342 3013 453 3073 habeat
475 3016 604 3088 motum,
627 3014 740 3073 emittit
763 3033 798 3071 ex
821 3033 884 3073 sese
907 3014 1059 3091 quoddam
1084 3016 1186 3073 lumen

121 3119 147 3157 aa
166 3122 276 3181 vagum
300 3107 391 3179 atque
415 3103 581 3162 discurrens
604 3106 634 3163 et
656 3123 735 3162 nunc
757 3105 837 3163 tecta
859 3105 927 3180 ipsa
950 3123 1029 3163 nunc
1055 3106 1185 3180 parietes

167 3193 248 3250 omni
266 3193 418 3252 celeritate
436 3194 593 3269 percurrit,
617 3192 699 3268 quod
721 3194 821 3270 ipsum
843 3193 954 3252 idcirco
977 3195 1108 3268 positum
1132 3194 1185 3267 cst,

166 3285 200 3340 ut
218 3282 414 3359 intellegatur
431 3284 546 3357 quanta
564 3282 734 3341 mobilitate
754 3282 870 3343 animus
884 3282 1002 3341 Aeneae
1021 3301 1075 3358 per
1089 3281 1186 3340 diver·

167 3390 214 3430 sas
245 3371 443 3448 cogitationes
473 3371 612 3430 videatur
642 3372 815 3432 cucurrisse.
859 3389 918 3430 aaa
947 3375 1010 3429 erat
1037 3375 1063 3429 et
1091 3374 1186 3429 terras

239 3530 253 3577 1
273 3526 379 3578 acuerit
392 3523 417 3575 V
435 3525 573 3594 iutellipat
594 3524 638 3578 cd.
718 3530 733 3576 2
758 3529 906 3579 moueatur
924 3521 948 3575 V
967 3524 1118 3578 moliantur
1135 3539 1186 3577 nos

166 3596 317 3649 iuuocatur
331 3594 385 3649 ΗΟ
403 3597 549 3651 iuuoactur
563 3595 606 3650 ed.
660 3600 803 3649 3ccruerc
816 3593 842 3647 V
859 3596 960 3649 uidisse
976 3594 1023 3649 ed.
1072 3601 1109 3648 ab
1126 3596 1193 3647 uut-

168 3666 236 3719 lisV
250 3668 356 3720 nullius
369 3667 410 3720 ed.
462 3672 497 3722 18
515 3667 742 3727 autumatiaaev
759 3670 810 3725 -ut
824 3667 872 3725 cd.
924 3671 963 3721 ‘ab
977 3660 1218 3721 cumutamus.

158 3740 194 3784 28
210 3737 256 3786 uel
269 3735 361 3790 Vaut
377 3738 420 3791 ed,
