2725 4150
145 325 212 390 570
431 323 571 380 ΒΟΝΑΤΙ
587 324 757 380 INTERPR
772 324 881 381 VERG.

144 493 272 552 sortium
294 493 423 553 Iuturna
446 492 629 553 commeruit
675 493 794 553 addidit
816 493 909 554 etiam
930 512 961 554 se
984 493 1017 554 iti
1040 492 1168 554 libenter

143 582 262 656 fecisse3
275 582 371 642 multa
384 582 511 642 animab
521 582 713 643 invitisfiunt
723 583 828 660 aliqua
838 583 1018 647 necessitate
1033 586 1168 663 cogente.

143 690 203 730 non
230 673 320 731 vacat
346 671 427 748 quod
448 672 524 731 Iuno
553 691 641 731 suum
668 690 732 732 esse
759 672 904 751 confingit
931 671 1012 750 quod
1040 671 1168 733 Iuturna

142 760 174 819 in
194 761 276 842 caelo
295 778 358 820 esse
376 761 553 821 commeruit
571 761 710 839 quodque
728 759 874 839 paelicem
890 780 1031 838 perosam
1044 762 1168 822 simuht

142 867 202 908 non
220 849 339 910 habere.
370 850 403 908 in
426 869 461 909 eo
480 851 591 928 quippe
609 850 729 910 subtilis
748 849 941 910 comminatio
960 851 1167 913 demonstratu
1190 865 1200 907 s

143 942 201 1014 est3
219 941 321 1016 posset
338 941 418 998 enim
437 940 550 999 offensa
562 939 667 999 tollere
682 940 762 1017 quod
779 939 994 1000 dissimulando
1014 944 1166 1019 contemp

144 1032 231 1088 serat.
264 1028 339 1088 duas
356 1027 453 1107 igitur
469 1031 662 1089 necessitates
680 1030 788 1089 habuit
800 1029 930 1090 Iuturna
943 1028 1056 1107 quibus
1070 1031 1166 1090 facere

143 1117 305 1194 cogebatur
335 1118 416 1196 quod
445 1118 521 1177 Iuno
552 1118 708 1195 cupiebat,
740 1138 834 1179 unam
864 1118 936 1196 quia
969 1137 1026 1197 pro
1063 1119 1166 1196 fratre,

143 1207 270 1266 alteram
300 1208 374 1285 quia
400 1227 455 1267 nec
481 1226 589 1285 perosa
615 1209 676 1268 fnit
698 1210 729 1267 et
751 1210 849 1285 magis
871 1207 1001 1285 putabat
1024 1207 1117 1288 diligi
1137 1228 1165 1269 se

143 1296 181 1354 ab
204 1315 240 1355 ea
263 1316 340 1374 quae
363 1299 484 1374 poterat
510 1297 607 1358 odisse
631 1299 828 1358 vehementer.
864 1297 981 1358 interea
1002 1297 1200 1358 videndumst

143 1387 188 1444 est
209 1405 247 1445 ne
270 1405 324 1446 nos
348 1386 527 1447 adsertionis
549 1386 707 1447 diversitas
730 1388 844 1447 turbet:
872 1406 964 1465 supra
986 1388 1069 1447 anius
1094 1386 1168 1448 einr

143 1476 245 1550 „hunc
267 1475 316 1534 illi
337 1496 389 1536 rex
411 1476 540 1536 aetheris
563 1478 643 1536 altus
665 1477 810 1536 honorem
829 1476 967 1554 Iuppiter
988 1479 1097 1555 erepta
1114 1496 1166 1555 pro

143 1563 318 1642 virginitate
347 1564 510 1641 sacravit“,
538 1567 676 1644 sequenti
706 1585 776 1626 vero
803 1567 869 1626 loco
899 1565 945 1626 ait
972 1584 1008 1625 ex
1038 1585 1166 1644 persona

142 1653 267 1713 Iunonis
299 1656 357 1714 scis
389 1658 425 1715 ut
451 1657 482 1713 te
515 1654 629 1714 cunctis
658 1674 763 1731 unam,
801 1674 1008 1732 quaecumque
1039 1653 1166 1717 Latinae

142 1742 329 1821 magnanimi
354 1742 436 1805 Iovis
462 1743 615 1822 ingratum
644 1745 802 1804 ascendere
832 1743 942 1820 cubile,
971 1744 1200 1822 praetulerimu

144 1833 278 1910 caelique
305 1832 401 1893 libens
427 1835 460 1892 in
482 1837 569 1909 parte
596 1834 729 1893 locarim.
775 1836 866 1910 poeta
893 1853 928 1893 ex
955 1852 1087 1911 persona
1114 1853 1167 1896 sus

144 1921 221 1981 dixit
243 1921 324 1998 quod
346 1923 447 1983 fuerat
467 1942 585 1998 rerum,
612 1924 715 1984 Iovem
737 1942 791 1998 pro
815 1924 913 2000 stupri
939 1922 1077 1984 mercede
1101 1943 1165 1985 oon·

143 2029 274 2071 sacrasse
295 2011 465 2071 Iuturnam.
511 2013 632 2090 quando
661 2015 762 2072 autem
789 2013 828 2071 ad
854 2012 1015 2090 personam
1041 2012 1165 2075 Iunonia

143 2103 266 2160 ventum
284 2103 342 2177 est,
364 2101 521 2163 inductum
540 2105 585 2163 est
602 2101 792 2162 mendacium
806 2105 930 2181 propter
948 2103 1073 2164 effectus
1093 2122 1165 2183 quos

143 2190 284 2268 cupiebat
304 2190 420 2267 inpleri.
466 2211 527 2251 non
553 2194 633 2251 enim
660 2192 715 2251 illa
737 2191 896 2251 Iuturnam
923 2211 993 2252 vere
1021 2192 1198 2273 diligebas

144 2283 199 2339 aut
216 2280 349 2356 statem,
367 2282 419 2340 sed
434 2282 544 2360 agebat
561 2300 684 2341 causam
698 2300 794 2356 suam,
812 2302 849 2340 ne
867 2280 900 2340 in
917 2282 1044 2341 adverso
1057 2285 1165 2344 arenul

144 2370 314 2429 certaminis
332 2370 428 2429 Turni
445 2372 513 2448 ipsa
532 2390 600 2431 cum
619 2372 680 2431 suis
701 2369 856 2431 conatibus
877 2371 1004 2430 caderet
1036 2375 1164 2449 peractis

143 2459 300 2536 principiis
323 2458 362 2518 ad
379 2458 477 2537 ipsam
496 2462 612 2540 negotii
628 2460 864 2519 insinuationem
885 2461 981 2536 venit,
1004 2461 1038 2519 in
1056 2481 1122 2539 qna
1138 2463 1165 2521 et

144 2549 218 2624 quid
241 2551 382 2626 ageretur
408 2552 438 2608 et
463 2550 535 2625 quid
562 2550 733 2609 conveniret
755 2548 820 2609 fieri
847 2550 980 2627 apertius
1007 2553 1164 2612 monstrat

144 2638 233 2707 disca,
252 2637 365 2715 inquit,
383 2643 478 2711 tuum,
499 2656 536 2697 uc
553 2641 745 2708 maturuere,
763 2640 907 2709 Iuturna,
928 2639 1071 2699 dolorm·
1090 2654 1197 2719 quaes

143 2726 254 2804 agebat
277 2728 432 2805 negotium
454 2746 539 2788 suum
565 2728 755 2788 dissimulata
777 2729 911 2788 utifitate
933 2729 1058 2806 propria
1080 2730 1165 2808 fingit

142 2816 241 2874 totum
260 2834 352 2875 causa
369 2816 434 2876 fieri
452 2817 547 2876 Turni
565 2821 595 2876 et
612 2817 767 2877 Iuturnae.
799 2816 952 2896 praedico,
975 2819 1091 2895 inquit,
1113 2817 1165 2879 tbi

142 2905 268 2963 fratrem
290 2908 378 2965 tuum
401 2905 439 2966 ad
462 2924 610 2966 summum
633 2907 816 2984 supplicium
839 2926 902 2967 esse
922 2909 1099 2985 venturum,
1121 2927 1165 2983 ne,

144 3014 212 3053 cum
229 2994 261 3052 id
279 2995 393 3054 factum
412 2996 516 3071 fuerit,
539 2994 621 3056 dicas
643 2998 674 3055 te
693 3014 794 3055 amore
814 3015 880 3055 meo
899 2996 1000 3057 iuvari
1018 2997 1164 3075 nequisse.

144 3102 210 3143 ecce
233 3082 351 3143 addidit
369 3085 460 3144 etiam
477 3086 526 3144 hic
549 3085 645 3146 veluti
666 3084 811 3145 beneficia
834 3104 888 3145 sua
906 3087 962 3146 hoo
980 3086 1085 3147 modo:
1107 3101 1200 3162 quus

143 3174 210 3231 uisu
232 3176 274 3231 cet
294 3174 432 3234 Fortuna
452 3175 518 3248 pau
532 3174 702 3249 Parcaeque
723 3175 859 3233 uuebuut
880 3176 978 3235 seduc
999 3192 1048 3235 rce
1066 3176 1165 3247 Latio,

145 3262 281 3320 Turuum
303 3266 330 3321 ct
351 3266 404 3323 teu
425 3264 541 3323 moenia
563 3264 635 3322 teci:
661 3282 729 3323 cum
752 3262 876 3323 Latinas
904 3283 950 3324 res
978 3264 1168 3342 permitteret

144 3353 224 3410 stara
247 3351 383 3411 Fortuna
405 3355 436 3412 et
463 3372 529 3413 cum
556 3352 689 3413 sinerent
710 3354 788 3429 fata,
818 3353 952 3412 Turnum
980 3354 1072 3414 simul
1099 3373 1167 3415 cum

143 3440 204 3499 tuis
228 3440 384 3502 moenibus
406 3443 476 3502 texi.
520 3446 600 3502 recte
624 3441 727 3521 posuit
748 3443 823 3519 texi3
853 3461 913 3501 non
943 3442 1022 3502 enim
1051 3446 1168 3523 tegitur

217 3647 633 3718 aquaequeVautquoded.
660 3649 664 3720 t
690 3647 1004 3705 simulctVed.ses.?
1062 3653 1169 3708 sowa

146 3720 286 3775 omedF.
359 3726 393 3775 at
412 3722 463 3777 tibi
481 3737 535 3776 om.
550 3720 593 3775 ed.
667 3726 701 3776 82
720 3720 1070 3777 cum—ttteuiom.e‹L
