2725 4150
547 336 799 392 nummosve
1112 283 1183 408 ¹105

159 507 352 568 nobilitatem
374 505 565 566 fortissimus.
610 506 662 565 sed
683 523 744 565 non
765 505 945 566 Dardaniae
966 507 1108 567 medicari
1135 526 1183 568 cu·

158 597 256 670 opidis
277 596 367 654 ictum
394 595 503 654 maurit
528 612 620 668 neque
647 613 714 654 eum
739 596 840 654 iuuere
867 597 901 654 in
927 596 1053 656 uuluam
1080 601 1184 657 cantus

159 685 314 757 somniferi
337 688 364 743 et
384 685 502 743 Marsis
525 685 674 759 quaesitae
698 685 845 744 montibus
871 685 991 745 herbae:
1019 685 1090 745 dum
1117 687 1184 747 vult

160 774 324 835 adrentum
347 774 425 849 eius,
452 774 599 833 virtutm
621 774 820 850 peritiamque
844 773 1023 850 describere,
1050 774 1093 835 sic
1115 794 1183 852 pro·

128 881 233 940 spera
255 862 401 922 relatione
425 863 537 921 exitum
555 881 677 940 quoque
701 863 764 923 eius
782 863 1000 940 interitumque
1022 865 1183 941 conplexus

161 956 215 1014 est.
251 951 304 1011 ille
327 952 408 1010 enim
430 954 603 1028 serpentum
621 950 752 1011 domitor
770 955 802 1011 et
819 955 925 1012 contra
943 971 1047 1013 eorum
1066 972 1183 1014 morsus

161 1044 192 1101 et
214 1060 330 1102 venena
352 1041 551 1117 peritissimus
574 1040 654 1101 ictus
671 1040 828 1101 Dardania
851 1042 973 1119 cuspide
996 1042 1056 1103 sibi
1072 1043 1185 1103 mederi

161 1150 222 1190 non
245 1130 345 1208 potuit
366 1149 463 1207 neque
487 1150 555 1189 eum
577 1129 720 1191 iuverunt
745 1133 850 1191 cantus
878 1132 1046 1208 somniferi,
1075 1132 1184 1209 quibus

161 1223 335 1281 servaverat
353 1221 508 1296 plurimos,
528 1222 582 1279 aut
599 1219 709 1280 Marsis
724 1221 880 1296 quaesitae
898 1221 1052 1282 montibus
1066 1222 1184 1297 herbae,

115 1327 142 1366 ro
161 1311 217 1369 hoc
241 1312 286 1368 est
303 1309 412 1368 herbae
430 1309 463 1367 in
481 1308 653 1387 regionibus
671 1312 808 1386 repertae
826 1309 1003 1370 Marsorum.
1038 1315 1185 1371 tenemus

160 1398 313 1473 Anqitiae,
339 1399 433 1457 citrea
455 1402 481 1457 te
504 1399 639 1458 Facinus
660 1399 758 1468 unda,
786 1403 813 1458 te
835 1399 940 1473 liquidi
961 1401 1066 1470 flerem
1089 1401 1185 1460 mous:
1195 1414 1247 1464 ‘160

161 1487 336 1563 doluerunt,
358 1489 474 1564 inquit,
501 1489 615 1547 exitum
637 1491 724 1547 tuum
747 1487 813 1548 loca
837 1506 966 1564 quorum
987 1489 1093 1548 ineolis
1117 1509 1184 1566 pro-

160 1577 249 1637 fuisti
270 1578 468 1653 frequentius.

232 1667 308 1726 Ibat
334 1670 360 1725 et
386 1666 542 1739 Hippolyti
566 1666 667 1739 proles
694 1665 896 1739 pulcherrima
929 1667 1013 1735 bello,
1050 1665 1185 1726 Virbius:

115 1769 142 1811 ro
161 1757 250 1815 homo
273 1755 305 1814 in
329 1754 574 1815 dimicationibus
597 1755 714 1814 bellicis
737 1754 944 1832 probatissimi
969 1756 1095 1834 generis.
1132 1756 1184 1814 In-

161 1845 273 1919 siquem
303 1862 387 1917 quem
417 1848 511 1903 mater
539 1844 646 1903 Aricia
674 1845 756 1903 misit
786 1845 919 1904 eductum
951 1845 1080 1920 quriae
1111 1845 1185 1905 lucis

160 1935 302 2008 Hymetio
320 1935 430 1992 circum
448 1934 547 2003 litora,
562 1934 687 2008 unquis
700 1934 752 1992 ubi
766 1937 793 1992 et
800 1934 961 2007 placabilis
980 1952 1037 1994 ara
1049 1935 1186 1995 Dionem

161 2042 197 2082 ex
214 2023 318 2083 Aricia
340 2025 436 2083 matre
455 2024 574 2102 genitus
593 2024 728 2084 nutritus
747 2023 843 2084 estin
861 2024 937 2084 lucis
955 2023 1082 2103 Egeriae
1100 2025 1186 2085 iuxta

160 2113 305 2189 Hymetio
327 2113 430 2188 litora,
459 2112 513 2171 ubi
535 2113 651 2173 Dianae
680 2131 735 2173 ara
764 2116 937 2174 consecrata
960 2116 1014 2174 est.
1059 2132 1186 2188 namque
1196 2128 1247 2177 '165

115 2218 142 2257 ao
160 2204 261 2276 ferrum
287 2201 421 2278 [fama].·
454 2202 556 2262 ferunt
584 2204 698 2280 inquit,
731 2205 876 2279 quoniam
903 2203 1009 2263 audita
1035 2206 1186 2264 relaturus

162 2294 220 2366 est,
248 2293 284 2350 ut
311 2292 394 2368 quod
420 2292 503 2351 fama
530 2292 684 2352 ferebatur
705 2292 858 2352 videretur
880 2292 991 2367 dicere,
1018 2312 1080 2352 non
1105 2294 1186 2370 quod

160 2382 225 2457 ipse
252 2382 343 2457 plena
371 2381 553 2459 cogitatione
582 2380 744 2442 didicisset.
789 2382 996 2456 Hippolqlmn,
1029 2385 1186 2455 postquam

162 2474 225 2529 arte
247 2486 387 2529 nouercae
410 2471 545 2529 occiderit
563 2473 738 2545 patriasque
765 2471 887 2543 explerit
908 2471 1053 2543 sanquine
1071 2487 1186 2542 poenas

162 2560 288 2618 turbatis
310 2559 468 2619 distractus
491 2561 584 2631 equis,
613 2561 654 2619 ad
675 2560 776 2620 sidera
803 2576 910 2618 rursus
937 2558 1066 2618 aetheria
1089 2563 1116 2617 et
1136 2575 1186 2617 su-

117 2662 143 2703 as
157 2665 250 2721 peras
273 2649 347 2707 caeli
368 2650 483 2707 uenisse
509 2650 564 2708 sub
592 2667 699 2718 auras,
730 2648 870 2707 Paeoniis
896 2651 1062 2706 reuocatum
1088 2647 1186 2707 barbis

163 2742 189 2796 et
211 2755 310 2797 amore
331 2738 468 2797 Dionae:
489 2737 548 2797 fuit
569 2738 651 2797 fama
670 2736 801 2798 occisum
818 2736 1021 2814 Hippolytum
1038 2755 1186 2797 remeasse

161 2827 194 2884 in
225 2827 325 2885 lucem
357 2826 489 2886 remedio
521 2827 630 2887 herbae
661 2826 811 2886 Paeoniae
844 2829 874 2886 et
904 2825 1022 2886 Dianae
1055 2826 1185 2887 amantm

163 2916 286 2975 auxilio.
314 2919 376 2974 turm
388 2921 477 2990 pater
490 2917 670 2990 omniqroteus
690 2916 817 2989 aliquem
834 2916 1007 2991 irediqrmtus
1021 2917 1058 2976 ab
1072 2917 1186 2977 mnbris
1196 2927 1248 2977 ‘170

161 3006 314 3064 mortalem
335 3006 463 3079 infernis
485 3006 526 3065 ad
549 3006 665 3065 bomine
687 3021 805 3079 surqerc
827 3006 905 3065 ritae
926 3006 990 3079 ipse
1011 3010 1186 3079 repertorem

117 3109 145 3149 eo
162 3094 325 3153 medicinae
338 3095 407 3154 talis
426 3099 452 3153 et
470 3096 544 3154 artis
561 3095 687 3168 sunnine
700 3095 914 3169 Pbocbiqenam
928 3094 1046 3171 Styqias
1064 3096 1188 3154 detrusit

235 3306 251 3354 3
270 3301 337 3355 dum
354 3301 476 3355 ruli-9
495 3301 593 3355 herbae
616 3317 670 3355 om.
690 3300 734 3355 ed.
808 3305 823 3354 'l
848 3300 1002 3355 dardaniae
1021 3299 1138 3368 cuqridue
1151 3298 1184 3355 V.

163 3376 180 3424 8
205 3388 257 3427 con
283 3389 335 3440 pro
363 3389 425 3427 eum
447 3372 480 3426 V.
555 3376 588 3426 10
616 3379 667 3427 aut
693 3372 791 3427 barbae
813 3370 840 3425 V
863 3371 907 3426 ed.
935 3374 985 3425 boc
1011 3377 1050 3424 est
1074 3371 1100 3424 b.
1126 3387 1185 3425 nos.

164 3448 196 3496 11
215 3445 302 3498 vitria
314 3442 348 3499 V.
401 3449 435 3497 14
452 3443 597 3513 hyppolitq
609 3444 702 3513 prolia
714 3442 748 3497 V.
801 3449 834 3497 16
853 3444 926 3498 arici
944 3441 1029 3511 (infra
1042 3443 1140 3509 aritia)
1155 3441 1185 3496 V.

164 3520 197 3567 17
216 3516 341 3584 queria
359 3514 444 3581 (infra
461 3516 591 3585 hymetia)
605 3514 639 3569 V.
703 3519 736 3569 18
755 3516 929 3583 munitusque
948 3513 991 3567 ed.
1056 3517 1090 3567 20
1108 3514 1186 3580 famo

164 3586 244 3640 deest
262 3586 293 3639 in
310 3585 345 3652 V,
364 3586 414 3639 sed
432 3586 598 3655 explicatur.
658 3592 691 3639 21
712 3587 785 3655 quod
797 3585 823 3640 V
842 3586 910 3655 quid
928 3584 973 3639 ed.
1031 3589 1069 3637 ‘t‘t
1086 3587 1191 3653 oculta

163 3657 519 3726 commurmuratus?
566 3664 601 3715 23
619 3658 798 3718 occideratV
816 3659 863 3717 ed.
880 3657 893 3734 l
909 3655 1063 3729 capieret'l
1085 3662 1153 3710 -aat
1164 3653 1217 3705 en.

154 3731 189 3775 24
202 3728 269 3791 quas
280 3742 336 3791 pro
355 3730 434 3795 equis
449 3728 479 3784 V.
501 3730 510 3805 Ι
529 3733 680 3793 adsuerat
697 3753 754 3809 pro
775 3735 819 3794 ad
837 3731 991 3794 sideraV.
