2725 4150
181 335 225 401 46
465 331 918 388 norrrrnvrnuravuau

180 518 302 560 currum
325 502 356 559 et
376 501 479 579 bigam
497 502 583 561 misit
599 503 678 580 regi,
698 521 776 579 quae
794 503 918 562 fuenmt
934 503 1063 581 insignis
1080 503 1206 562 honoris

177 593 272 666 atque
290 590 426 650 virtutis:
448 591 579 666 honoris,
597 592 634 650 ut
650 592 717 667 ipso
737 610 827 651 curru
844 594 948 653 vectus
967 610 1036 651 cum
1054 591 1206 670 dignitate

180 679 296 739 veniret
318 680 358 738 ad
380 698 529 755 socerum,
547 681 682 755 virtutis,
706 683 780 756 quia
798 682 868 757 equi
887 685 918 741 et
935 701 1038 742 currus
1055 681 1207 741 bellorum

179 767 380 829 instrumenta
406 771 485 830 sunt.
531 769 623 829 datvm
649 771 734 845 equis
761 771 836 846 ipsis
863 771 1016 847 meritum,
1039 767 1076 830 ne
1098 789 1150 830 rex
1172 770 1206 830 in

179 876 272 936 regno
309 877 362 918 suo
398 858 609 919 florentissimo
645 859 763 935 positus
800 861 865 920 leve
899 859 1052 936 quoddam
1087 860 1206 920 misisse
1237 876 1250 918 s

179 947 345 1022 videretur,
368 947 397 1005 ei
418 948 468 1007 vel
488 947 618 1007 maxime
637 950 687 1006 cui
704 948 799 1008 filiam
817 949 889 1008 dare
907 950 1055 1026 cupiebat.
1093 949 1206 1009 semine

180 1036 218 1096 ab
248 1036 381 1096 aetherio
411 1036 468 1096 ait:
498 1057 608 1112 parum
634 1037 736 1097 fuerat
762 1039 897 1099 caelestis
921 1057 984 1099 esse
1006 1039 1129 1113 dixisse,
1152 1039 1205 1097 ad·

180 1125 258 1185 didit
284 1125 427 1202 spirantis
454 1126 579 1185 naribus
604 1127 721 1204 ignem,
748 1127 824 1187 flatu
847 1147 901 1188 suo
925 1128 977 1204 qui
999 1128 1207 1206 significarent

180 1214 326 1292 originem
348 1232 435 1273 suam
457 1232 521 1274 esse
544 1217 717 1293 caelestem3
744 1217 867 1276 naribus
892 1218 1004 1294 quippe
1026 1217 1208 1277 emittebant

179 1303 288 1380 ignem.
335 1302 491 1381 subiungit
519 1305 668 1364 rationem
701 1325 761 1382 qua
788 1307 942 1366 confirmet
968 1325 1018 1367 eos
1045 1307 1138 1366 fuisse
1166 1305 1206 1367 ab
1224 1323 1251 1364 re

180 1392 313 1450 aetherio
350 1392 470 1452 semine.
523 1394 653 1464 illorum,
691 1395 804 1470 inquit,
841 1396 877 1454 de
905 1400 988 1470 geete
1019 1397 1101 1469 putri
1133 1413 1206 1469 qceos

178 1481 320 1541 Daedala
343 1479 427 1541 Oircc
448 1480 619 1558 [supposita
641 1485 677 1543 dc
698 1489 793 1543 maire
814 1486 916 1544 nothos
937 1488 1042 1558 furata
1064 1483 1207 1561 meavitJ:

179 1570 347 1631 Daedalam
384 1571 461 1631 dixit
500 1574 614 1650 ingenii
650 1574 813 1633 vivacitate
851 1568 1028 1650 pollentem,
1061 1575 1207 1650 quoniam

179 1660 332 1721 Daedalus
361 1661 395 1721 in
423 1664 487 1720 arte
517 1662 621 1721 fabrili
646 1663 845 1738 peritissimus
872 1663 956 1724 miris
979 1663 1206 1724 inventionibus

178 1750 290 1810 floruit
323 1750 407 1810 Girce
430 1769 501 1829 ergo
522 1753 656 1827 paternis
680 1751 765 1828 equis
787 1754 884 1811 matre
907 1752 1065 1829 supposita
1087 1755 1206 1813 furtum
1225 1768 1251 1811 rs

179 1839 264 1916 fecit,
286 1842 322 1899 ut
344 1840 487 1900 caelestes
509 1841 557 1899 illi
580 1844 679 1901 essent
702 1843 756 1917 qui
779 1841 817 1900 ab
837 1841 874 1900 iis
895 1845 1097 1903 nascerentur.
1133 1842 1205 1901 inde

179 1947 250 2006 ergo
272 1928 396 1988 fuerunt
418 1947 494 2005 quos
517 1930 636 1990 Aeneae
658 1930 786 1991 Latinus
808 1931 901 1991 misit.
943 1932 1031 1991 nothi
1053 1931 1205 2009 dicuntur,

179 2018 258 2078 sicut
288 2019 320 2077 in
351 2020 504 2096 praesenti
535 2023 581 2080 est
611 2019 757 2097 positum,
790 2039 865 2096 quos
898 2021 1015 2082 diversa
1045 2020 1078 2080 in
1109 2041 1206 2081 unum

178 2109 357 2167 conveniens
381 2109 558 2169 animalium
579 2113 689 2169 natura
711 2111 880 2187 protulerit.
918 2111 1026 2170 talibus
1044 2109 1206 2171 Aeneadae

116 2198 264 2256 wodenis
287 2198 427 2271 dictisque
449 2199 556 2258 Latini
577 2200 716 2259 sublimes
737 2201 771 2258 tn
794 2201 876 2273 eques
899 2201 1022 2259 redeunt
1042 2217 1206 2273 pacemque
1223 2216 1252 2257 ac

177 2290 342 2360 reportant:
373 2308 515 2366 magnum
542 2288 603 2347 fuit
630 2288 802 2348 securitatis
825 2290 958 2367 signum,
982 2289 1064 2365 quod
1087 2290 1205 2366 equites

178 2379 386 2436 remeaverant
408 2378 461 2453 qui
482 2377 598 2453 pedites
621 2378 743 2437 fuerant
765 2378 856 2438 missi
897 2379 1054 2454 respondit
1076 2379 1205 2456 duobus,

178 2467 235 2525 hoc
258 2468 304 2525 est
327 2467 413 2526 donis
436 2470 467 2525 et
489 2467 591 2526 dictis:
628 2467 715 2527 donis
740 2468 882 2527 sublimes
905 2470 938 2526 in
961 2469 1045 2544 equis
1067 2468 1205 2545 redeunt,

179 2555 267 2615 dictis
293 2574 456 2632 pacemque
481 2558 646 2632 reportant.
691 2557 771 2616 inter
792 2557 846 2615 illa
871 2576 948 2634 quae
972 2558 1052 2617 dicta
1076 2576 1204 2617 comme·

178 2647 290 2719 morat,
313 2646 421 2721 quibus
444 2645 566 2705 fuerant
584 2646 670 2719 laeti,
690 2647 782 2705 etiam
799 2646 877 2705 illud
895 2646 1103 2706 continebatur
1122 2647 1205 2723 quod
1222 2665 1250 2707 aa

177 2732 305 2793 Latinus
335 2734 371 2793 de
400 2734 481 2793 filiae
510 2735 624 2810 nuptiis
653 2735 738 2795 dixit.
789 2739 937 2812 quantum
962 2736 1033 2795 hinc
1059 2738 1205 2811 putamus

178 2822 342 2900 gloriosam
378 2824 513 2883 effectam
549 2825 744 2902 legationem,
786 2844 863 2901 quae
899 2829 1018 2884 tantam
1054 2826 1205 2885 laetitiam

178 2911 277 2971 fuerat
314 2912 353 2970 ad
385 2911 506 2971 Aenean
544 2915 714 2991 perlaturar
773 2915 842 2991 plus
880 2916 992 2992 quippe
1029 2918 1075 2974 est
1111 2916 1204 2995 deligi

106 3035 108 3041 ·
180 3020 322 3079 generum
345 3020 437 3077 quarn
460 3004 573 3079 suscipi
595 3004 728 3080 hospitio
751 3006 951 3082 peregrinum.

249 3090 326 3149 Eece
344 3095 442 3150 comm
459 3092 593 3151 Inachiis
611 3111 673 3152 sese
689 3095 834 3167 referebat
852 3096 889 3153 ab
903 3092 995 3169 Argis
1013 3094 1204 3153 saecularis
1222 3110 1251 3152 ae

178 3180 306 3238 conium
328 3197 477 3253 curasque
495 3182 609 3241 invecta
629 3185 742 3242 tenebat
760 3187 786 3241 et
804 3184 912 3242 laetum
924 3182 1049 3242 Aeaeae
1067 3183 1204 3242 classem-

178 3286 233 3343 que
255 3286 290 3328 ee
312 3270 425 3329 acidae
447 3270 529 3345 wege
546 3271 740 3331 Dardaniam
759 3271 857 3331 Siculo
877 3273 1028 3346 prospect
1050 3274 1087 3332 ab
1110 3290 1204 3345 usqae

251 3516 267 3562 2
286 3512 346 3579 ipsc
360 3510 386 3565 V
398 3512 457 3580 epse
470 3511 540 3567 edF.
597 3518 613 3565 6
632 3518 683 3566 aut
700 3514 753 3567 olle
771 3515 837 3580 post
854 3512 992 3567 videretur
1010 3512 1140 3580 interpol.
1156 3514 1201 3570 ed.

170 3584 192 3629 8
205 3582 286 3644 statu
301 3599 355 3636 sato
377 3582 415 3636 ad
439 3583 637 3638 antecedentia
654 3584 773 3637 retraxit
793 3584 836 3637 ed.
911 3588 943 3636 11
968 3585 1060 3652 inquit
1082 3601 1134 3637 om,
1156 3585 1202 3642 ed.

154 3650 195 3696 12
210 3655 526 3718 appamia-macic
543 3655 625 3713 deest
643 3656 676 3713 in
689 3654 724 3723 V,
742 3655 795 3711 sed
812 3652 977 3723 explicatur.
1041 3660 1074 3707 ro
1093 3657 1152 3710 illic
1166 3655 1202 3714 V.

139 3716 178 3763 24
196 3732 406 3782 commemorat
424 3729 551 3789 V-rant
564 3731 612 3790 ed.
660 3726 944 3787 cdriceltum.
987 3729 1025 3776 ‘tt
1043 3725 1218 3789 comedat.
