2725 4150
448 384 455 397 .
546 339 729 395 muamus
747 339 800 395 ιιι
1119 345 1186 411 609

160 511 208 571 ire
234 509 350 588 potuit,
381 510 454 586 quia
479 509 579 568 furerat
606 509 670 569 dea.
719 510 808 584 niqra
829 509 908 568 calcet
874 514 1054 584 mmopnoe
1076 510 1188 570 mini

161 599 348 660 mundititia
366 599 450 689 aedis
462 599 599 672 pervolat
615 599 756 672 apeme
774 599 881 658 altat
850 600 929 658 atriu
942 599 1048 659 metat
1060 599 1187 658 hirando

161 687 294 765 [pabula
311 705 413 764 paroc
440 688 536 763 lares
562 687 698 760 nidisque
721 688 889 762 bennatus
917 687 1030 764 acue]
1056 693 1083 746 et
1109 703 1250 754 concute

158 777 324 852 porticibus
340 778 456 846 υααιὶε,
477 794 558 836 nunc
574 777 679 837 umido
697 778 807 836 aruum
824 780 931 852 stupea
948 782 1048 837 coeat:
1069 779 1187 855 nigram

128 866 356 927 ehiruudinem
382 885 438 943 pro
469 865 597 925 dolentis
626 883 768 943 persona,
798 868 889 926 etiam
920 867 1051 946 lugentis
1073 867 1189 944 posuit3

160 954 333 1016 hirundinis
352 974 471 1033 quoque
490 974 549 1014 ucn
563 956 694 1016 inaniter
708 957 952 1032 conparationem
965 957 1094 1031 induxit,
1111 975 1189 1033 quae

161 1047 207 1106 sit
228 1045 392 1106 domestica
416 1047 453 1104 ut
474 1045 602 1105 Iuturna
624 1045 660 1103 de
688 1044 792 1104 eadem
821 1046 909 1105 domo
936 1047 966 1105 et
988 1046 1105 1106 familia
1128 1065 1189 1122 qua

161 1135 292 1195 Turnus.
338 1133 451 1211 pabula
473 1153 568 1211 parva
590 1133 692 1212 legens
715 1135 854 1211 nidisque
877 1134 1054 1211 loquacibus
1078 1155 1189 1196 escam:

160 1224 275 1284 fetibus
306 1223 369 1283 suis
400 1223 544 1282 alimonia
572 1223 758 1299 quaeritans,
787 1227 823 1283 ut
851 1224 980 1283 salutem
1008 1225 1188 1284 incolumem

116 1330 144 1370 rc
160 1315 293 1373 teneant.
324 1314 442 1386 iamque
458 1313 506 1372 bic
520 1330 697 1387 cumcuma
713 1315 832 1386 tamque
851 1314 898 1372 bic
915 1314 1039 1373 ostendit
1056 1320 1190 1374 coaeum

160 1420 216 1462 nee
229 1403 362 1475 conferre
373 1420 498 1461 meum
509 1403 631 1476 patitur,
645 1403 725 1461 octat
738 1403 807 1462 aeta
823 1402 919 1476 louge:
933 1402 1055 1464 volebat
1062 1402 1191 1464 Iuturna
1200 1417 1252 1466 480

162 1492 207 1552 sic
229 1492 366 1550 Turnum
396 1489 527 1566 ostendi,
556 1493 593 1550 ut
614 1491 745 1569 gaudere
767 1492 869 1567 potius
898 1509 989 1568 quam
1015 1493 1104 1553 rebus
1128 1495 1190 1553 suis

161 1580 299 1641 diffidere
311 1579 474 1656 videretur,
487 1599 541 1639 nec
555 1583 657 1640 tamen
669 1581 750 1640 hunc
763 1579 970 1641 committebat
984 1582 1190 1659 congressibus

162 1673 194 1731 et
215 1671 307 1748 longe
330 1670 370 1729 ad
392 1689 429 1730 ea
451 1670 612 1746 separabat
634 1688 712 1745 quae
739 1688 799 1728 nou
827 1672 977 1729 scaterent
998 1670 1088 1730 bello.
1119 1671 1192 1730 aaa

122 1760 263 1819 reminas
285 1759 405 1818 Aeneae
423 1763 511 1818 tortos
534 1760 601 1834 tepet
622 1760 726 1818 obvias
747 1759 827 1818 orbis
848 1760 1025 1834 vestigatque
1044 1761 1143 1818 ciram
1165 1764 1192 1818 et

164 1849 286 1909 disiecta
303 1864 361 1922 per
388 1849 510 1922 cymino
535 1866 646 1922 mapsa
673 1865 740 1907 occe
762 1852 859 1907 vocat:
889 1852 1037 1924 quantum
1063 1849 1192 1909 Iuturna

164 1937 327 2015 separabat
349 1955 368 1996 a
391 1936 599 2014 congressibus
625 1938 749 1996 fratrem
777 1939 898 1996 tautum
922 1937 1040 1997 Aeneas
1064 1956 1190 2014 conpen-

165 2026 257 2087 diosis
272 2026 392 2087 orbibus
407 2026 570 2103 praebebat
584 2046 614 2087 se
629 2027 751 2088 obvium
765 2029 796 2086 et
808 2028 1023 2103 praeveniebat
1032 2031 1190 2102 errantem,

165 2136 218 2177 nec
239 2117 304 2177 iam
327 2116 456 2192 occulte3
479 2136 551 2176 nam
568 2118 647 2176 hunc
665 2136 719 2192 per
741 2119 789 2176 tot
806 2136 926 2193 sparsos
950 2118 1095 2178 exercitus
1118 2135 1190 2178 voce

129 2218 151 2259 u
165 2225 277 2284 magna
306 2205 498 2281 provocabat.
531 2207 662 2279 quotiens
685 2207 783 2266 erube
810 2207 928 2266 coniecit
950 2209 983 2266 iu
1005 2208 1113 2266 testem
1136 2208 1190 2267 ati·

162 2296 327 2369 amneque
349 2295 454 2369 fugam
478 2312 568 2354 cursu
595 2298 744 2369 temptavit
771 2313 911 2369 equorum
940 2314 1058 2356 aversos
1085 2308 1252 2359 currussst

166 2384 414 2445 translatura
430 2385 560 2443 retorsit:
584 2384 723 2461 quotiens
742 2385 807 2445 viso
826 2387 913 2445 hoste
932 2385 1049 2445 Aeneas
1071 2387 1115 2444 ire
1140 2384 1190 2443 ob-

166 2473 246 2533 viam
269 2473 368 2533 voluit
389 2474 501 2533 totiens
524 2473 655 2534 Iuturna
677 2493 781 2533 currus
803 2476 836 2534 in
860 2476 935 2535 alias
955 2478 1050 2552 partis
1067 2474 1189 2535 inflexit.

166 2564 220 2622 teu
238 2562 311 2636 quid
329 2563 418 2636 aput?
438 2560 540 2637 [uario
558 2564 751 2637 nequaquam
764 2566 888 2636 studeat
905 2562 1014 2639 aestaJ:
1036 2563 1191 2642 cogitabat

133 2660 153 2702 ’θ
167 2652 239 2730 qnid
262 2654 365 2729 ageret
387 2650 490 2711 dolens
515 2654 545 2711 et
570 2653 633 2712 sine
657 2654 760 2730 aliquo
789 2654 897 2714 effectu
918 2653 1042 2712 remedii
1064 2652 1189 2713 diversis

167 2741 300 2801 aestibus
314 2740 496 2817 agitabatur.
520 2742 708 2816 dioersceqae
721 2747 826 2802 vocaret
840 2744 973 2802 animaru
990 2743 1023 2800 iu
1041 2742 1190 2801 contraria

238 2953 253 3000 1
274 2964 331 3016 qua
346 2946 575 3015 puerutcdeaV
593 2948 772 3016 quiesceret
790 2949 842 3003 dea
859 2964 910 3002 nos
929 2965 983 3002 om.
998 2947 1041 3001 ed.
1106 2952 1191 3016 tpa-

168 3019 275 3101 bulu-
241 3034 374 3073 -eecam
393 3018 473 3073 deest
490 3018 521 3072 in
534 3017 569 3085 V
586 3019 636 3073 sed
651 3019 820 3087 explicatur:
840 3036 927 3074 escam
942 3019 1053 3087 scripsi,
1069 3019 1137 3087 quia
1151 3020 1192 3073 sic

168 3090 197 3144 in
210 3090 328 3157 interpr.
339 3089 372 3144 V
397 3089 400 3161 l
421 3091 487 3158 post
505 3090 558 3143 hoc
576 3089 720 3156 fetibes-
728 3092 865 3145 reticescat
882 3090 1015 3159 interpos.
1030 3089 1074 3145 ed
1089 3090 1192 3144 lemma

169 3161 333 3215 continuum
352 3178 442 3230 usque
461 3161 498 3214 ad
516 3168 596 3217 sonat
614 3160 739 3230 pertinet
752 3160 825 3215 inV.
884 3163 1003 3232 teipsa
1015 3162 1083 3216 mebi
1095 3162 1192 3217 birau-

167 3234 260 3288 diuem
273 3231 300 3285 V
314 3248 384 3286 corr
400 3233 444 3287 ed
499 3236 678 3301 epicrocum
692 3232 725 3286 V
753 3233 756 3304 l
783 3234 849 3300 post
867 3234 950 3286 etiam
968 3234 1077 3301 partem
1096 3248 1191 3286 eorum

168 3320 241 3372 quae
263 3305 330 3373 post
352 3304 467 3358 traduxit
488 3303 576 3357 habet
596 3303 623 3357 V
644 3320 793 3373 perperam
820 3303 940 3358 inseruit
965 3303 1008 3359 ed.
1082 3310 1098 3358 6
1123 3321 1193 3373 qaue

167 3378 302 3431 sit-10
323 3380 436 3429 teneant
456 3376 522 3443 post
543 3376 657 3431 induxit
679 3375 768 3429 habet
785 3375 811 3429 V
833 3376 937 3429 lemma
959 3376 1099 3430 similis-
1065 3392 1193 3431 -curru

167 3444 318 3501 substituit
337 3446 390 3512 ed„
410 3446 486 3515 quod
505 3445 585 3500 deest
603 3447 634 3500 in
646 3446 673 3500 V
691 3463 781 3515 neque
801 3446 967 3515 explicatur.
1031 3452 1063 3500 11
1082 3448 1193 3502 colebat

167 3521 186 3572 i.
205 3535 227 3573 a.
246 3524 265 3572 t
282 3518 400 3572 caudit
418 3516 444 3570 V
461 3519 567 3572 volebat
584 3520 608 3572 Ι.
624 3519 851 3574 adtestantur
874 3518 918 3572 ed.
996 3524 1030 3571 14
1053 3518 1091 3573 od
1117 3535 1191 3573 ec-

167 3589 237 3644 calo
261 3604 362 3657 corrup
363 3588 388 3642 it
410 3588 454 3642 ed.
533 3595 566 3643 16
585 3607 630 3644 ma
648 3607 687 3643 ue
705 3605 759 3644 cm.
775 3589 808 3643 V.
886 3595 919 3643 21
940 3606 1038 3645 currus
1055 3589 1192 3645 totiensV

167 3661 268 3780 totitem
284 3676 396 3784 m.
401 3660 442 3714 ed.
464 3661 494 3715 et
507 3659 592 3733 Verg
606 3606 683 3717 libri
742 3667 780 3718 Ἃ
797 3663 921 3719 ecrto-
886 3668 1012 3718 -uestu
1028 3661 1114 3713 beust
1122 3658 1219 3717 ‘xum

159 3746 192 3781 se
231 3744 285 3796 exp
307 3744 342 3782 ea

203 3832 264 3874 1³⁰2
240 3833 450 3891 mutatura
467 3844 562 3887 μοιιι
1048 3839 1090 3888 ‘aa
