2725 4150
555 251 739 307 sarsinas
758 252 797 306 xi
1120 254 1185 321 523

166 419 288 480 transiit
305 420 373 496 plus
392 420 505 478 faciens
525 438 615 496 quam
634 418 661 479 si
678 438 817 480 aramum
834 420 991 481 stravisset
1009 420 1048 480 ad
1066 422 1187 484 terram.

166 510 293 585 denique
312 510 400 585 quasi
417 508 535 568 rediens
552 508 584 566 in
601 509 710 568 faciem
727 508 871 588 fugientis
889 510 1011 585 inpacta
1024 512 1071 570 est
1084 508 1186 586 ibique

165 599 288 658 retentis
312 599 417 672 frenis,
440 617 477 656 ne
500 616 618 656 rursum
642 598 735 658 aliam
757 600 924 659 verteretur
945 600 977 657 in
995 599 1101 678 sugam
1119 617 1186 659 aon-

166 687 318 765 gressione
342 708 377 747 ex
400 690 503 764 aperto
527 687 660 764 perfecta
681 706 795 764 poenas
818 688 956 764 sumpsit.
988 708 1024 748 ex
1047 706 1081 748 eo
1100 707 1186 767 para·

136 778 236 836 sbola
259 776 458 852 subnectitur,
485 778 521 836 ut
548 775 705 854 egregium
731 777 846 838 factum
873 772 1004 857 imagine
1031 777 1187 856 proposita

167 866 389 943 corporationis
420 867 549 925 ornatu.
602 883 692 940 pram
720 866 809 938 facite
838 868 975 940 acupha
1001 884 1074 927 saco
1104 885 1187 927 sacer

166 957 228 1015 olas
251 957 288 1014 ab
312 955 370 1014 ulto
389 956 572 1029 consequitur
585 956 691 1028 pinnis
708 956 862 1015 sublimem
878 957 912 1016 ta
929 957 1006 1015 habe
1024 957 1187 1016 cohomham

165 1061 412 1118 comprensamque
440 1048 514 1104 tenet
533 1045 717 1117 pedibusque
744 1046 885 1105 eou‘scerat
912 1047 1012 1105 uuus:
1041 1044 1186 1107 Camillae

165 1135 284 1194 laudem
306 1133 478 1210 plenissime
501 1133 533 1191 in
556 1133 633 1193 libro
657 1135 786 1210 septimo
810 1126 889 1216 (803
909 1127 989 1218 sqq)
1011 1139 1185 1212 prosecutus

119 1246 147 1285 ro
165 1226 223 1299 est,
246 1222 298 1282 sed
320 1224 398 1282 hanc
421 1222 503 1282 omni
525 1224 680 1282 occasione
703 1223 888 1284 laudationis
912 1225 1088 1284 accumulat.
1134 1228 1186 1303 sio,

164 1312 277 1391 inquit,
299 1312 355 1372 illa
377 1315 480 1372 secuta
502 1314 548 1371 est
570 1331 605 1371 sc
627 1311 795 1390 fugientem
817 1314 938 1389 stravit,
967 1314 1114 1389 quomodo
1138 1334 1185 1375 ac-

165 1403 272 1479 cipiter
294 1401 464 1461 columbam
485 1401 564 1460 inter
585 1401 679 1461 nubes
702 1403 834 1479 positam
852 1403 1067 1479 conprehendit
1085 1406 1115 1463 et
1131 1424 1186 1463 un-

165 1492 274 1570 guibus
297 1492 402 1551 laniat.
448 1509 560 1569 magna
582 1494 684 1551 sutem
705 1490 802 1551 virtus
826 1495 871 1552 est
894 1491 980 1569 sequi
1006 1492 1186 1571 fugientem3

165 1582 276 1658 quippe
307 1582 360 1656 qui
389 1581 526 1656 sequitur
554 1579 590 1639 de
619 1580 784 1641 interstitio
807 1581 890 1641 venit
912 1583 943 1641 et
966 1582 1020 1657 qui
1042 1581 1185 1660 fugiendo

119 1690 146 1730 15
164 1670 318 1746 praecedit
347 1688 383 1728 sc
413 1673 587 1745 sequentem
616 1671 725 1729 metuit
748 1669 834 1730 addit
855 1671 946 1749 fugae
969 1671 1114 1731 maiorem
1136 1690 1187 1731 ne·

165 1760 344 1834 cessitatem,
366 1761 402 1818 ut
425 1760 522 1835 possit
543 1758 675 1819 evadere.
722 1759 847 1837 proinde
870 1759 1040 1820 laudandus
1064 1762 1110 1820 est
1133 1760 1187 1838 qui

164 1849 250 1926 sequi
268 1847 403 1924 potuerit
420 1847 594 1925 largientem,
607 1848 675 1925 plns
696 1846 833 1925 Camilla,
847 1867 925 1926 quae
938 1849 1061 1909 bansiit
1074 1869 1186 1926 equum

163 1957 252 1997 cursu
281 1939 312 1996 et
341 1937 378 1997 de
407 1937 527 1997 inimico
554 1956 666 2013 poenas
690 1938 798 2016 exegit.
843 1942 905 1997 tum
927 1956 1014 1998 eruor
1036 1943 1062 1999 et
1083 1941 1186 2000 outsae

163 2028 304 2087 labuntur
327 2029 364 2087 ab
388 2027 501 2087 aethere
518 2027 655 2102 phuuac:
676 2027 734 2087 hoo
758 2027 796 2088 ad
819 2029 959 2088 ornatum
977 2027 1185 2108 descriptionis

118 2138 145 2177 so
162 2118 303 2194 pertinet,
318 2118 448 2176 ceterum
463 2115 607 2176 Camillae
625 2118 707 2177 facto
726 2117 800 2177 satis
819 2121 968 2177 remotum
986 2121 1038 2179 est.
1067 2138 1186 2179 sacrum

163 2206 241 2266 dixit
263 2207 366 2266 alitem
390 2210 444 2266 aut
466 2206 558 2266 sacris
580 2208 704 2284 propter
726 2208 888 2285 augurium
909 2208 1110 2267 necessarium
1133 2211 1187 2268 aut

163 2295 359 2355 execrabilem
383 2295 488 2355 avibus
512 2314 548 2355 ac
570 2296 644 2356 satis
667 2295 873 2372 metuendum,
897 2297 987 2355 sicuti
1009 2300 1040 2357 et
1062 2290 1108 2378 (3,
1128 2290 1185 2380 57)

163 2384 253 2460 „suri
275 2404 360 2445 sacra
382 2382 500 2445 fames“
523 2386 605 2444 diota
627 2386 686 2460 est,
710 2385 783 2461 quia
804 2384 899 2462 ipsius
928 2403 1020 2445 causa
1047 2386 1185 2447 omnibus

163 2476 313 2551 oportuna
335 2474 542 2551 perpetrandis
565 2474 725 2534 sceleribus
748 2475 798 2534 via
821 2477 873 2534 est.

118 2583 144 2623 as
234 2562 276 2622 At
298 2581 357 2622 aou
382 2564 453 2623 haec
481 2564 572 2622 nullas
598 2564 749 2623 horaiuum
775 2567 855 2623 sator
883 2567 968 2637 atqsu
994 2560 1247 2623 decreuerat-'125

162 2670 286 2712 seraaus
308 2653 400 2712 oculis
423 2670 535 2712 summo
553 2652 632 2711 sedet
649 2653 728 2712 altus
747 2650 883 2727 Olympo:
905 2654 1021 2711 interea
1038 2652 1185 2730 Iuppiter,

163 2742 204 2802 ad
231 2762 319 2818 quem
346 2760 417 2801 cura
443 2742 599 2801 hominum
626 2741 808 2819 deorumque
833 2741 977 2818 pertinet,
1006 2760 1067 2801 non
1093 2742 1185 2803 nullis

163 2832 258 2891 oculis
273 2850 349 2908 quae
367 2833 542 2909 gererentur
555 2830 712 2891 attendens
727 2831 912 2905 Tyrrhenum
927 2832 1040 2907 aeuitor
1059 2832 1186 2891 Tarcho

162 2938 230 2979 uem
252 2922 285 2979 iu
303 2921 420 2995 proelia
437 2938 528 2979 saeua
549 2921 672 2980 suscitat
695 2923 721 2979 et
742 2920 869 2980 stimules
893 2921 965 2980 haut
986 2921 1123 2980 medidies
1140 2921 1186 2980 in-

118 3029 144 3068 eo
163 3012 234 3069 citat
259 3012 338 3069 iras:
367 3010 494 3070 suscitat
520 3010 643 3086 pulchre
671 3011 773 3086 posuit
801 3011 889 3085 quasi
912 3030 980 3070 curn
1003 3009 1066 3070 suis
1090 3010 1185 3071 otiose

163 3099 360 3159 dormientem
373 3099 442 3159 aliis
456 3098 530 3158 duro
544 3099 641 3159 Marte
654 3099 870 3177 pugnantibus.
898 3098 1101 3159 suscitabatur
1116 3118 1185 3179 ergo

236 3293 250 3340 1
277 3288 422 3343 doersum
448 3286 491 3341 ed.
524 3286 527 3359 l
561 3289 594 3342 iu
618 3292 719 3342 unam
745 3286 788 3342 ed.
871 3291 905 3341 10
930 3286 1048 3342 haueV
1072 3289 1116 3343 hie
1141 3287 1185 3344 ed.

164 3364 196 3411 11
217 3375 251 3413 oc
269 3375 321 3412 orn,
337 3357 363 3411 V
380 3357 445 3413 add.
463 3357 505 3412 ed.
580 3363 613 3413 14
631 3360 732 3414 ohacit
748 3358 862 3427 punctis
882 3358 1066 3428 superpositis
1085 3360 1186 3428 quippe

163 3430 212 3499 qui
230 3430 384 3497 suppositis
398 3428 424 3483 V
436 3432 588 3497 utrumque
602 3429 710 3498 recepit
724 3430 777 3497 ed„
792 3429 841 3485 sed
854 3432 953 3486 aravit
966 3429 1119 3485 absurdum
1134 3433 1184 3485 est.

164 3506 198 3554 18
217 3499 483 3571 eaipithorr.ed.
538 3500 1020 3559 r1autsacruva.eaoruued.
1076 3507 1110 3556 2⁵1
1129 3518 1186 3557 aaa

161 3574 221 3627 iltis
238 3572 265 3626 V
283 3588 353 3627 corr.
375 3572 419 3625 ed.
492 3577 526 3626 28
549 3578 677 3643 parentur
693 3572 719 3627 V
738 3588 806 3628 corr.
826 3573 870 3628 ed,
901 3573 904 3646 Ι
937 3575 1117 3630 Tarchontem
1141 3573 1184 3628 ed.

164 3648 199 3697 29
219 3649 270 3698 aut
286 3659 338 3711 pro
356 3644 425 3699 haut
443 3645 482 3714 (et
499 3642 584 3712 infra)
598 3642 632 3698 V.
