2725 4150
188 309 252 377 152
471 308 612 365 DONATI
629 308 799 365 INTERPR.
813 308 921 366 VERG.

184 475 282 555 igitur
302 476 506 538 inefficacibus
528 476 655 538 flammis
674 478 788 538 frustra
806 477 1009 554 contenderet,
1031 479 1111 538 huno
1127 477 1203 538 Her·

185 566 266 626 cules
283 566 316 625 in
338 566 450 627 nodum
474 567 634 644 conplexus
658 567 785 627 extinxit
805 569 917 643 pressis
940 567 1030 628 simul
1055 567 1149 628 oculis
1173 569 1204 628 et

184 656 318 734 gutture.
363 675 505 734 magnum
528 656 588 716 viri
609 656 697 716 fortis
719 657 888 733 ingenium!
920 658 1064 734 quoniam
1085 656 1203 717 viderat

184 764 253 804 eum
287 746 370 804 fumo
403 749 434 804 et
464 745 593 805 flammis
624 745 728 821 fidere,
755 747 911 807 inventum
942 747 974 805 in
1006 745 1137 807 tenebris
1166 765 1202 806 ea

183 837 270 911 parte
293 833 425 913 corporis
447 835 636 912 pressitque
654 853 685 894 se
704 834 871 895 crediderat
886 836 1001 912 tutum,
1020 852 1088 895 cum
1104 837 1202 896 totum
1235 850 1248 891 e

183 923 268 984 iuxta
294 923 453 983 Herculem
479 924 606 982 inritum
634 927 713 985 esset
740 924 821 1002 quod
848 924 988 984 adversus
1016 925 1092 986 alios
1118 943 1202 1002 prae-

183 1013 312 1072 valebat.
344 1012 425 1072 hune
443 1013 576 1090 corripit,
594 1015 629 1073 nt
646 1013 761 1073 dictum
779 1015 833 1089 est,
851 1013 884 1072 in
901 1013 1015 1074 nodum
1033 1013 1202 1091 conplexus.

183 1101 257 1160 haec
285 1101 396 1178 species
424 1101 457 1160 in
483 1102 685 1161 imitationem
702 1103 795 1163 uenit
820 1101 854 1162 in
881 1120 977 1180 agone
1005 1101 1203 1179 certantibus3

182 1209 254 1248 nam
276 1191 447 1267 frequenter
469 1192 599 1251 occurrit
619 1210 691 1268 pars
712 1190 774 1252 ista
797 1191 981 1267 certaminis,
1009 1194 1044 1251 ut
1067 1195 1203 1270 exempto

181 1278 304 1338 brachio
334 1279 479 1340 ceruicem
505 1299 574 1340 cum
596 1282 695 1357 capite
719 1281 795 1341 alter
818 1282 907 1341 alteri
929 1281 1152 1358 conprehendat
1172 1282 1205 1341 et
1221 1294 1249 1338 ro

182 1371 355 1428 oecurrente
384 1370 445 1429 elia
471 1389 563 1429 manu
590 1371 749 1449 conligatis
780 1369 883 1448 digitis
913 1371 1015 1430 fauces
1042 1371 1204 1449 gulamque

182 1458 350 1519 concludat.
395 1458 452 1518 h'oc
473 1456 569 1538 igitur
590 1459 735 1520 Hercules
757 1460 842 1536 fecit,
865 1462 901 1518 nt
923 1459 1079 1519 fumiferas
1102 1460 1204 1520 fauces

183 1551 214 1606 et
241 1548 309 1625 ipsa
339 1547 448 1624 quibus
477 1548 589 1609 fidebat
617 1549 757 1608 incendia
786 1548 976 1609 brachiorum
998 1548 1111 1609 virtute
1137 1567 1204 1625 pre·

181 1642 289 1713 meret,
313 1656 372 1714 quo
394 1639 475 1698 facto
499 1638 595 1714 oculi,
616 1638 719 1698 fumus
742 1640 772 1698 et
793 1639 915 1698 flemma
938 1657 1005 1698 cum
1027 1637 1095 1714 ipsa
1113 1636 1205 1698 simul

183 1724 255 1785 (laci
282 1726 383 1786 anima
408 1727 587 1787 defecenmt.
632 1728 780 1802 panditur
802 1727 940 1801 extemplo
962 1728 1077 1801 foribus
1099 1727 1205 1787 domm
1222 1741 1248 1785 u

182 1818 251 1874 atra
280 1817 421 1875 revulsis:
452 1817 600 1894 extemplo
633 1835 701 1876 cum
734 1816 821 1893 dicit,
852 1816 988 1877 celeriter
1019 1816 1206 1893 patefactam

181 1903 333 1981 significat
350 1904 464 1966 foribus
483 1905 618 1981 revulsis,
637 1906 793 1966 avulsione
813 1905 905 1966 etiam
923 1905 996 1978 saxi,
1011 1904 1092 1982 quod
1104 1905 1204 1982 ruptis

182 1992 296 2052 catenis
309 2012 452 2071 praeceps
466 1995 567 2054 meret
581 1995 694 2056 datum.
718 2014 778 2072 quo
791 1996 873 2055 fecta
888 1994 983 2054 omnis
993 1994 1048 2053 illa
1057 1995 1205 2054 scelerum

180 2082 282 2161 patuit
305 2083 410 2145 domus
434 2086 524 2162 atque
546 2085 600 2161 ita,
622 2088 657 2145 nt
680 2086 817 2145 omnibns
840 2084 918 2144 exim
941 2102 1061 2145 securus
1081 2084 1204 2145 deretur

181 2191 317 2232 accessus
340 2176 371 2233 et
392 2172 578 2234 invenientes
602 2176 756 2234 cernerent
783 2174 864 2252 quod
890 2173 1078 2252 incognitum
1104 2174 1205 2234 fuerat
1222 2189 1249 2231 ra

180 2262 338 2322 universis.
384 2264 602 2337 abstractaeque
631 2265 716 2323 boves
743 2265 953 2336 abiurataeque
974 2263 1101 2336 rapinae
1123 2264 1203 2323 caelo

180 2352 387 2412 ostenduntur:
406 2352 572 2413 abstractas
590 2354 726 2413 mortuas
742 2352 791 2412 vel
809 2353 921 2412 occisas
935 2350 1094 2430 significat.
1118 2351 1203 2412 abiu-

180 2443 265 2501 ratae
287 2441 412 2519 rapinae
435 2445 490 2502 ant
511 2441 544 2501 in
566 2441 640 2519 ipsis
662 2442 761 2502 bubus
783 2442 903 2501 fuerent
925 2445 981 2501 aut
997 2442 1029 2499 in
1047 2441 1202 2518 speciebus

181 2528 258 2591 aliis.
305 2532 386 2591 caelo
416 2532 627 2592 ostenduntur:
657 2533 712 2591 aut
740 2531 771 2589 in
800 2531 897 2590 lucem
924 2531 1119 2606 proferuntur
1148 2533 1204 2591 aut

180 2619 327 2680 sideribus
350 2640 418 2682 cum
439 2620 555 2682 invidia
578 2620 786 2695 offerebantur,
810 2618 892 2697 quod
909 2618 1008 2679 inulta
1026 2619 1204 2679 dimiserant
1221 2636 1247 2679 ss

181 2728 257 2784 quae
271 2710 389 2770 inlicite
403 2711 591 2771 commiserat
606 2708 708 2769 (lacus.
737 2709 919 2783 pedibusque
930 2710 1057 2781 informe
1075 2709 1203 2769 cadawr

118 2799 375 2870 cremabibitur:
403 2801 452 2860 vel
482 2800 554 2876 quia
583 2799 639 2858 hoc
668 2799 797 2874 meruit,
825 2799 1015 2872 trahebatur,
1047 2798 1096 2859 vel
1129 2799 1202 2875 quia

179 2889 303 2963 propter
324 2888 525 2948 membrorum
547 2888 787 2966 magnitudinem
809 2888 882 2947 ferri
903 2906 964 2948 non
987 2889 1041 2965 pot
1064 2888 1096 2946 't
1131 2905 1201 2964 pro·

179 2975 311 3036 trahitur
333 2979 380 3036 est
400 2996 491 3053 porro
513 2978 646 3037 trahitur
667 2978 725 3037 hoc
747 2979 792 3036 est
815 2979 902 3036 extra
929 2977 1110 3055 speluncam.
1154 2977 1201 3035 in·

179 3065 305 3124 formem
327 3066 442 3142 inquit:
470 3065 503 3126 in
533 3086 593 3127 non
621 3066 661 3126 ad
689 3066 884 3126 minuendam
913 3064 1044 3143 corporis
1071 3066 1201 3125 formam
1218 3083 1247 3124 eo

251 3274 398 3341 tirenum
420 3278 447 3328 et
507 3290 594 3329 rumas
614 3273 732 3341 fundere
754 3272 797 3328 ed.
832 3270 837 3357 l
871 3277 897 3327 et
917 3270 1097 3327 iuveutumV
1111 3270 1155 3326 ed.
1174 3275 1201 3327 et

179 3344 278 3400 delevi.
352 3348 452 3399 buum
506 3344 550 3399 ed,
569 3362 631 3399 aum
649 3362 709 3399 uos.
786 3350 802 3398 6
825 3342 1004 3399 imeritumV
1024 3344 1135 3398 irritum
1154 3343 1198 3397 ed.

180 3422 195 3470 ‘1
221 3416 372 3485 eorriffitur
393 3414 419 3468 V
444 3418 558 3485 curipit
582 3423 614 3472 ut
639 3416 710 3470 eor.
788 3420 805 3469 8
827 3412 1019 3470 imitatioueV
1038 3430 1107 3468 corr.
1127 3414 1170 3468 ed.
1193 3414 1197 3487 Ι

178 3490 343 3544 cenauttum
361 3486 405 3542 ed,
478 3492 616 3544 teremto
629 3486 656 3542 V
670 3488 714 3543 ed.
733 3491 859 3543 cauato?
929 3489 960 3538 11
975 3502 1079 3555 paucas
1096 3486 1200 3555 aqum·

166 3576 225 3625 que
252 3558 280 3613 V.
357 3564 392 3613 16
409 3561 588 3691 ὅαίοῐααανη
608 3558 634 3613 V
658 3576 688 3628 p.
712 3559 822 3614 domum
849 3555 892 3611 ed.
971 3562 1004 3611 19
1030 3558 1129 3612 ariade
1154 3557 1198 3614 ed.

154 3633 195 3679 20
212 3630 394 3690 iubentium
453 3639 551 3692 cautes
569 3630 615 3690 od.
670 3636 706 3687 lb
724 3635 757 3687 ut
769 3630 802 3685 iu
813 3626 918 3699 {aaut
933 3627 978 3682 ed.
990 3635 1041 3683 aut
1053 3630 1074 3684 i.
1082 3630 1103 3683 i.
1116 3644 1175 3682 nos.
1192 3628 1199 3699 Ι

140 3697 238 3754 bobus
261 3702 310 3760 ed.
393 3712 431 3766 25
454 3710 621 3781 offeruntur
644 3706 694 3766 ed.
767 3707 804 3758 ‘lt
826 3697 934 3770 seul
961 3700 1024 3765 teri
1041 3699 1120 3751 aliter
1139 3697 1214 3749 edi.
