2725 4150
203 354 268 419 308
487 349 628 405 DONATI
644 349 813 405 INTERPR.
828 348 937 404 Vana.

202 520 383 579 narrationis
407 538 500 597 qnam
521 521 591 595 post
612 518 702 578 finem
719 519 792 578 noni
809 517 880 577 libri
899 518 1017 578 aoncilii
1035 518 1223 581 describendi

203 627 294 669 eausa
326 608 488 668 dimiserat.
544 607 684 683 deniqne,
721 608 748 667 si
780 608 854 667 haee
890 607 1106 668 subtrahantur
1142 629 1221 686 quae

201 698 318 773 Venus,
349 699 426 757 Iuno
459 716 494 757 aa
525 697 663 774 Iuppiter
700 696 810 756 elocuti
842 700 924 772 sunt,
961 697 1222 758 continuabuntur

202 789 302 847 omnia
325 806 402 864 quae
425 786 461 844 de
485 789 651 846 castrorum
674 787 893 864 expugnatione
921 786 1103 847 dicebantur.
1142 786 1222 848 dixit

200 878 296 956 igitur
318 897 396 954 qnae
418 876 525 935 Rutuli
546 875 736 950 molirentur,
759 875 930 935 laborantes
954 875 1068 936 seilicet
1094 880 1221 954 propter
1252 893 1264 936 a

200 966 389 1026 inferendum
412 966 518 1026 eastris
540 985 594 1041 per
616 965 753 1024 flammas
776 965 925 1024 excidium
947 967 978 1024 et
999 964 1219 1042 procurandam

199 1055 354 1115 hominum
381 1074 490 1114 nonem.
536 1073 604 1113 eum
633 1057 713 1113 enim
741 1053 820 1113 inter
850 1054 920 1114 deos
950 1055 1105 1131 praedicta
1134 1074 1219 1134 gere-

102 1167 107 1173 ·
199 1147 311 1220 rentur,
329 1145 509 1203 bellantium
527 1143 628 1203 studia
646 1162 707 1203 non
726 1144 911 1219 quieverant,
930 1163 964 1204 eo
984 1145 1082 1204 acrius
1101 1164 1137 1203 ex
1154 1144 1218 1205 Ru·

199 1235 332 1294 tulorum
354 1236 453 1310 parte,
473 1232 553 1309 quod
575 1233 698 1292 illorum
715 1232 837 1292 fortuna
854 1234 1023 1310 promptior
1042 1233 1219 1310 apparebat.

199 1323 274 1383 dieit
295 1325 356 1383 iam
381 1322 454 1399 quid
478 1325 581 1381 eontra
603 1323 636 1381 in
655 1321 853 1382 Troianorum
877 1325 963 1398 parte
982 1340 1117 1399 sperasse
1135 1322 1218 1383 vide·
1238 1341 1264 1382 io

138 1416 315 1473 morentur:
339 1417 371 1472 ot
393 1412 463 1486 tepeo
486 1409 660 1470 Aeneadwn
681 1411 771 1470 battis
793 1413 911 1471 obsessa
933 1415 1045 1470 tenetur
1070 1429 1123 1470 neo
1150 1429 1219 1487 spes

198 1503 262 1562 alla
283 1503 381 1577 sapae.
428 1503 575 1577 quantum
603 1500 687 1559 valet
715 1501 809 1575 fossa,
837 1503 875 1560 nt
903 1501 1058 1561 interiores
1088 1501 1219 1578 muniat,

198 1591 333 1667 tantum,
356 1593 383 1650 si
405 1591 543 1666 capiatur
566 1588 695 1664 obsidio,
714 1590 885 1650 invenietur
906 1609 969 1650 esse
994 1589 1158 1667 contraria,
1181 1596 1219 1651 ut

199 1683 278 1740 enim
309 1681 342 1739 in
373 1679 518 1739 interiora
553 1678 702 1738 neminem
738 1679 822 1754 sinit,
858 1681 904 1739 ita
940 1681 1086 1756 occupata
1122 1681 1217 1742 armis

197 1769 356 1830 hostilibus
371 1788 553 1846 quemquam
567 1769 646 1827 exire
660 1786 720 1827 non
734 1769 863 1846 patitur:
878 1768 959 1844 quod
972 1770 1067 1847 igitur
1077 1769 1218 1830 Troianis
1236 1790 1262 1833 rs

196 1859 311 1935 profuit
342 1858 381 1918 ad
413 1857 614 1917 defensionem
645 1857 702 1917 hoo
734 1857 836 1917 obesse
872 1862 1010 1934 coeperat
1045 1857 1218 1920 volentibus

197 1948 330 2008 evadere.
379 1949 480 2006 misai
507 1951 587 2006 stom
613 1948 745 2005 turribus
773 1947 841 2006 altis
867 1949 1060 2022 nequicquam
1087 1951 1115 2006 et
1140 1965 1218 2009 rara

195 2054 295 2097 muros
325 2038 440 2097 anam
469 2054 590 2096 corona:
619 2036 755 2112 stabant,
782 2035 896 2113 inquit,
918 2037 950 2096 in
973 2035 1043 2097 altis
1066 2036 1216 2099 turribus:

196 2126 430 2187 defendebantur
452 2146 556 2186 earum
574 2125 748 2201 altitudine,
768 2125 818 2186 sed
836 2128 962 2202 frustra,
984 2126 1107 2186 stabant
1125 2128 1216 2205 enim,

195 2219 301 2293 utpote
325 2216 379 2294 qui
406 2218 505 2276 essent
531 2216 622 2292 pauei
649 2219 679 2275 et
707 2215 761 2292 qui
788 2215 929 2275 adversus
959 2216 1104 2292 plurimos
1131 2216 1217 2278 ultra
1235 2238 1262 2280 so

195 2305 312 2382 aliquid
341 2305 450 2365 andere
479 2324 540 2364 non
568 2308 698 2381 possent.
752 2323 817 2364 eece
846 2304 1034 2365 inevitabilia
1063 2303 1136 2365 duo:
1158 2325 1217 2368 neo

196 2397 319 2456 sensisti
341 2396 421 2455 enim
449 2396 512 2453 sine
540 2393 669 2470 pernicie
696 2394 798 2470 potuit
824 2394 1039 2454 inminentibus
1066 2412 1103 2454 ex
1131 2397 1216 2456 omni

194 2488 280 2561 parte
303 2484 497 2544 inmoderatis
520 2483 664 2543 incendiis
689 2485 719 2542 et
741 2483 883 2560 adempta
906 2502 972 2560 spes
1000 2485 1105 2562 fugae,
1134 2504 1216 2562 quae

193 2574 432 2651 periclitantibus
463 2574 540 2632 solet
570 2591 632 2632 esse
662 2573 825 2649 praesidio,
860 2574 1003 2649 quoniam
1032 2573 1216 2635 tenebantur

193 2664 318 2724 obsessi:
344 2663 469 2741 proinde
492 2662 557 2722 sola
579 2662 639 2721 illis
663 2661 831 2737 desperatio
854 2662 971 2738 reliqua
994 2661 1061 2721 fuit.
1093 2665 1124 2722 et
1141 2682 1215 2726 rara
1234 2683 1261 2726 ss

191 2772 293 2812 muros
330 2754 447 2811 cinxere
484 2770 606 2811 corona:
642 2753 761 2810 tantum
798 2751 867 2811 illos
900 2752 1010 2811 diversi
1040 2770 1127 2812 oasns
1160 2752 1215 2813 ab·

191 2846 394 2918 sumpserant,
420 2844 456 2901 ut
482 2840 545 2900 ran'
571 2840 745 2900 viderentur
771 2841 803 2899 in
826 2842 931 2900 muria.
981 2859 1047 2899 eoae
1070 2840 1215 2919 exprimit

191 2930 266 3009 quid
289 2931 330 2990 sit
352 2930 426 2991 rari:
450 2929 574 2989 dioendo
598 2931 678 2988 enim
697 2930 831 3008 singulos
850 2933 881 2990 et
899 2931 1021 2990 nomina
1040 2929 1215 3007 specialiter

190 3022 390 3080 enumerando
418 3021 575 3079 raritatem
602 3021 700 3096 ipsam
728 3020 880 3079 evidenter
908 3020 1059 3096 expressit.
1105 3018 1214 3081 Iasius

262 3178 354 3228 loon
371 3174 437 3228 iibri
449 3171 482 3226 V.
511 3172 515 3243 Ι
545 3173 695 3226 60πεὶῑὲίῆ
712 3174 826 3228 coneilio
842 3171 865 3226 V
883 3173 993 3227 consilii
1006 3171 1050 3226 ed.
1105 3172 1213 3229 edia-

190 3246 292 3299 bantur
306 3244 365 3298 VR.
444 3248 461 3297 8
484 3242 580 3297 eoVR
604 3243 652 3297 aad
669 3250 729 3300 erat
748 3244 790 3298 ed.
871 3249 886 3296 9
909 3242 1086 3299 illorumVR
1110 3244 1147 3300 iia
1165 3244 1212 3301 ed.

191 3315 376 3384 requievit
393 3316 466 3385 qaod
483 3314 527 3368 ed.
547 3321 612 3383 quot
630 3314 674 3369 ed.
688 3316 760 3383 poet.
794 3315 797 3387 Ι
826 3322 923 3384 portes
936 3317 1041 3384 perisse
1056 3314 1106 3369 VR
1126 3323 1214 3385 porte

189 3404 311 3457 eperasse
324 3404 375 3441 nos
388 3394 479 3457 pestes
492 3388 597 3455 perisse
615 3385 658 3439 ed.
677 3388 776 3441 castis
785 3403 815 3455 p.
830 3387 874 3442 ed.
888 3389 961 3455 poet.
1018 3393 1050 3440 12
1069 3387 1135 3458 sape
1149 3386 1210 3443 VR.

191 3466 225 3513 14
242 3460 359 3514 meminit
376 3460 444 3514 sinit
462 3458 494 3512 R.
569 3463 602 3512 15
621 3458 724 3512 dieitur
737 3457 789 3511 VR
806 3458 850 3513 ed.
869 3460 956 3528 ipitar
973 3458 1211 3526 noeof.12,1‘19.

191 3537 224 3585 16
251 3530 362 3599 profuit
388 3530 441 3584 VR
471 3528 525 3584 edI
551 3529 692 3598 profuisse
723 3528 792 3585 edF.
899 3536 931 3583 1⁵1
964 3532 1143 3599 nequisquam
1174 3530 1211 3587 R.

179 3607 219 3655 18
240 3604 352 3673 aimaro
375 3600 433 3657 VR.
468 3602 471 3673 l
510 3601 609 3671 inquid
631 3601 690 3656 VR.
782 3605 816 3654 23
843 3618 889 3670 spe
913 3600 963 3654 VR
990 3601 1034 3656 ed.
1061 3618 1122 3671 epea
1148 3619 1212 3659 noe.

167 3678 205 3727 24
226 3677 472 3745 pereclitantibus
495 3673 554 3732 VR.
589 3673 595 3749 t
628 3674 760 3748 quoniam
779 3671 832 3728 VR
857 3690 941 3743 quum
968 3671 1011 3727 ed.
1103 3678 1137 3728 25
1166 3674 1212 3731 di·

150 3751 288 3813 speratae
306 3752 340 3809 R.
