2725 4150
550 327 733 383 AENEIDOS
749 328 800 382 VH
1165 333 1185 413 9

162 499 215 556 bat
245 498 349 555 tamen
380 496 413 555 in
445 515 479 555 eo
511 515 623 574 magua
654 499 829 575 prospectus
862 498 975 576 gratia,
1011 499 1091 576 quod
1127 518 1187 557 non

163 606 301 661 caenum,
325 586 378 645 sed
399 586 527 645 harenas
551 585 724 662 splendidas
746 587 887 647 trahebat
904 587 935 646 in
954 607 1045 648 mare.
1084 589 1188 648 ramae

162 678 327 748 circumque
344 692 494 748 supraque
511 675 651 734 adsume
668 676 745 749 ripis
762 677 893 736 uolucres
911 681 938 736 et
954 679 1088 748 ftruniuis
1106 678 1187 736 aleco

163 766 280 824 aetbera
301 766 467 824 mulcebant
489 768 579 824 cautu
601 766 720 836 lucoque
742 766 895 825 volabaut:
925 766 1066 826 hilaritas
1086 768 1188 826 avium

133 854 342 931 apopulorum
373 853 522 913 laetitiam
551 853 749 933 significabat.
795 856 839 915 sic
868 858 971 914 autem
1000 854 1098 914 laetus
1128 856 1188 913 fuit

163 944 281 1003 Aeneae
311 943 502 1003 adventantis
531 942 697 1021 ingressus,
726 946 762 1003 ut
789 944 914 1022 obsequi
935 944 1108 1005 viderentur
1130 945 1187 1003 ele·

162 1035 265 1092 menta
287 1036 318 1092 et
341 1052 410 1092 aves
435 1051 554 1110 quoque
578 1034 663 1110 ipsae
687 1034 836 1111 gratulari
858 1033 1040 1094 viderentur.
1085 1035 1188 1094 variae

163 1123 332 1199 circumque
365 1140 516 1198 supraque
549 1123 691 1182 adsuetae
723 1124 798 1199 ripis
830 1124 965 1183 volucres
997 1126 1028 1182 et
1055 1123 1187 1182 fluminis

163 1213 250 1271 alveo
277 1212 399 1270 aethera
426 1210 597 1270 mulcebant
625 1213 731 1270 cantu:
767 1212 844 1271 mira
869 1214 1022 1273 celeritate
1046 1215 1189 1289 quattuor

120 1322 144 1360 ιο
163 1301 258 1377 partis
277 1301 444 1377 descripsit,
459 1302 571 1377 quippe
589 1302 702 1360 circum
720 1302 871 1380 significat
889 1302 1050 1378 dexteram,
1062 1303 1189 1375 laevam,

163 1409 182 1448 a
204 1393 291 1468 tergo
315 1392 346 1447 et
368 1392 446 1449 ante.
495 1389 571 1448 item
601 1390 676 1450 duas
706 1391 787 1450 infra
817 1394 848 1450 et
877 1409 980 1468 supra3
1011 1411 1082 1451 nam
1108 1391 1189 1450 infra

163 1479 295 1538 ostendit
318 1479 398 1556 quod
422 1479 467 1538 ait
488 1479 620 1539 fluminis
644 1480 744 1554 alveo,
767 1497 859 1555 supra
877 1482 999 1540 aethera
1016 1481 1190 1540 mulcebant

163 1571 254 1628 cantu
276 1569 405 1644 lucoque
427 1569 580 1628 volabant.
625 1570 737 1638 flectere
764 1570 818 1628 iter
845 1571 931 1628 sociis
959 1575 1109 1642 terraeque
1135 1570 1190 1628 ad-
1209 1582 1242 1629 35

161 1662 271 1717 vertere
288 1675 400 1731 proras
422 1659 548 1730 imperat
570 1663 596 1715 et
619 1658 713 1716 laetus
735 1659 825 1728 fluuio
849 1659 975 1717 succedit
996 1675 1101 1730 opaca
1138 1676 1190 1716 cur

120 1765 145 1805 1⁵
163 1749 243 1806 enim
272 1747 326 1806 illo
356 1750 490 1823 tempore
518 1766 579 1806 non
606 1747 773 1805 laetaretur
801 1749 853 1823 qui
880 1748 1043 1807 factionem
1065 1747 1189 1806 Iunonis

162 1836 303 1895 inimicae
334 1836 504 1896 constantia
534 1839 565 1895 et
594 1836 705 1895 virtute
735 1836 925 1912 superasset?
971 1856 1024 1897 cur
1046 1856 1105 1896 non
1129 1837 1189 1895 lae·

163 1929 280 1985 teretur
307 1925 380 1985 visis
409 1927 457 1984 tot
488 1926 624 2003 auguriis
652 1944 688 1984 ac
716 1925 811 2003 signis
836 1927 957 1986 futurae
980 1926 1189 2003 prosperitatis

163 2014 257 2076 suae?
303 2033 356 2074 cur
377 2033 438 2074 non
461 2015 625 2075 laetaretur
652 2016 855 2091 periculorum
884 2016 976 2077 maris
1008 2016 1089 2076 omni
1120 2035 1191 2076 cura

164 2103 322 2181 deposita?

120 2212 145 2251 ao
235 2194 325 2253 Nunc
357 2211 423 2267 ape,
458 2196 509 2266 qui
540 2211 634 2268 repes,
668 2194 777 2264 Erato,
813 2212 888 2268 quae
920 2200 1051 2267 tempora
1082 2213 1190 2264 rerum,

163 2285 230 2356 quis
261 2283 351 2342 Latio
388 2284 508 2355 autiquo
545 2283 636 2355 tuerit
671 2288 778 2352 statua,
814 2285 930 2343 adueua
967 2285 1089 2343 classem
1126 2303 1191 2343 curu

158 2374 294 2445 primum
329 2372 473 2431 Ausoniis
510 2374 650 2431 exercitia
689 2373 805 2446 appulit
841 2374 914 2442 oris,
957 2374 1109 2447 eupiediara
1148 2372 1193 2447 [et
1211 2385 1245 2432 40

160 2464 279 2535 primae
319 2463 458 2520 reuocabo
497 2462 618 2520 erudio
653 2460 810 2536 pupuaeJ:
858 2481 968 2539 magno
1003 2462 1126 2521 consilio
1161 2464 1192 2519 et

165 2550 323 2627 exquisitis
354 2551 578 2610 inventionibus
609 2549 728 2609 Aeneae
760 2551 864 2609 laudes
897 2550 1085 2624 adcumulat3
1117 2550 1192 2609 facit

120 2656 146 2696 aa
165 2641 246 2698 enim
268 2659 382 2699 novum
405 2640 552 2699 adventus
575 2641 639 2698 eins
661 2639 796 2714 initium,
820 2657 931 2698 novum
953 2639 1107 2698 exordium
1129 2658 1191 2699 car·

164 2728 269 2803 minis,
301 2732 337 2788 ut
368 2747 501 2788 errorum
534 2731 565 2787 et
596 2728 733 2787 laborum
766 2730 829 2787 eius
862 2729 924 2788 alia
953 2747 1023 2805 pars
1054 2729 1192 2789 videatur

165 2837 242 2893 esse,
278 2819 340 2877 alia
376 2820 529 2896 gestorum
565 2817 598 2874 in
631 2817 732 2876 Italia.
787 2818 909 2877 invocat
944 2818 1039 2897 igitur
1075 2819 1192 2879 Musam

165 2909 326 2983 poetarum
361 2926 455 2981 more,
496 2925 572 2983 quae
609 2906 761 2965 invocatio
798 2909 989 2968 vehementer
1024 2908 1192 2968 necessaria

165 2996 300 3056 continet
333 3000 364 3055 et
394 2996 454 3072 ipsi
485 2995 655 3055 laudationi
687 2996 848 3071 profutara
876 2997 1007 3057 hominis
1037 2998 1132 3057 felicis
1163 3000 1193 3056 et

120 3102 147 3140 ro
165 3086 263 3145 fortis.
319 3085 424 3144 debuit
460 3085 572 3161 quippe
608 3086 771 3162 posteritas
807 3106 894 3147 nosse
932 3088 1051 3163 qualem
1084 3087 1192 3146 Italiae

164 3174 383 3252 rempublicam
410 3175 460 3234 vel
487 3194 578 3250 quem
603 3177 717 3233 statum
739 3195 791 3234 rex
814 3177 1013 3235 Troianorum
1035 3176 1193 3250 invenerit,

165 3267 220 3340 qui
242 3283 327 3342 reges
350 3284 416 3323 eam
440 3265 487 3323 vel
512 3265 566 3322 sub
591 3283 650 3340 quo
674 3268 785 3324 eventu
807 3266 945 3324 fortunae
965 3266 1130 3340 tenuerint,
1149 3268 1192 3338 ut,

238 3434 452 3502 tpoputariura
471 3434 514 3486 ed.
590 3440 604 3485 7
624 3436 681 3506 ipae
697 3434 728 3487 V.
751 3435 754 3507 l
775 3435 933 3490 uiderentur
951 3432 995 3487 bis
1014 3432 1040 3485 V
1058 3433 1102 3486 ed.
1123 3434 1192 3487 alte-

165 3504 400 3561 rumdelendum
419 3507 497 3573 puto.
572 3510 606 3558 10
624 3505 806 3575 siquiteatV
830 3507 914 3561 -abat
935 3505 978 3558 ed.
1010 3505 1012 3575 t
1043 3505 1150 3559 laeuam
1168 3504 1193 3556 V

165 3584 192 3630 et
210 3578 228 3631 i.
247 3576 291 3631 ed.
348 3582 380 3629 21
401 3576 601 3644 cumprimum
617 3578 648 3629 V.
703 3582 736 3631 22
757 3583 867 3633 ct—‘tt
886 3593 999 3649 puppas
1018 3575 1103 3630 deest
1114 3575 1210 3634 'nsix

165 3648 215 3701 sed
234 3648 394 3713 explicatur,
447 3653 483 3703 24
501 3648 599 3705 laudes
614 3648 647 3707 V.
706 3657 741 3708 25
762 3652 872 3710 aoootl
890 3653 960 3709 uoci
978 3650 1025 3707 ed.
1039 3660 1227 3705 aooupinos.

154 3721 192 3765 26
206 3731 326 3770 ararum
345 3716 471 3776 Vetera
490 3721 535 3779 ed
597 3731 633 3782 29
648 3734 676 3784 et
692 3729 796 3801 ipsi-
806 3734 846 3785 30
862 3729 950 3801 sortis
968 3728 1089 3783 temere
1099 3718 1181 3774 nnat.
1195 3710 1247 3765 ab.
