2725 4150
566 341 750 397 insenos
768 340 794 394 x
1124 344 1189 411 335
1211 359 1217 367 ·

170 512 238 570 istis
258 530 376 588 quoqne
396 529 480 569 arma
498 510 648 584 Herculis,
668 511 811 570 virtulem
829 509 983 588 propriam
1001 512 1032 570 eb
1049 511 1190 570 meritum

170 605 330 678 paternum
353 600 493 659 auxiliari
515 601 695 677 nequivisse.
740 600 852 659 ideireo
876 599 955 659 enim
978 598 1117 659 Herculis
1144 600 1190 659 in·

170 692 255 768 signe
279 689 451 768 gestabant,
474 691 548 765 quia
571 709 673 749 eorum
701 689 869 766 Melampus
896 692 983 765 peter
1009 690 1042 749 in
1069 691 1190 748 lanium

169 779 308 838 Herculis
335 778 488 838 laboribus
516 780 616 838 fuerat
641 780 776 853 iunones,
803 780 839 837 ul
866 778 1011 854 quiequid
1037 778 1089 837 ille
1113 781 1190 838 esset

139 869 329 947 sadgressus
351 887 516 945 numquam
538 869 595 927 iste
618 868 753 929 nesciret.
786 887 845 944 quo
864 868 944 927 faeie
963 866 1191 927 arbitrabantur

169 978 223 1034 per
246 957 388 1016 meritum
410 957 505 1033 patris
528 957 657 1017 invictos
681 976 712 1016 se
731 976 794 1017 esse
813 975 969 1017 mansuros
988 959 1019 1016 et
1037 956 1076 1016 ad
1094 975 1189 1016 exem·

169 1047 256 1123 plum
285 1048 408 1106 virtutis
437 1046 603 1105 Herculeae
632 1047 765 1123 periculo
796 1065 856 1104 non
890 1047 1007 1106 futuros
1037 1045 1188 1107 obnoxios.

170 1153 231 1195 ecee
259 1137 358 1195 Pharo
387 1152 469 1194 voees
498 1136 569 1194 dnm
597 1136 689 1194 insen
716 1137 831 1204 ineolis,
861 1136 1030 1208 intorquens
1058 1136 1190 1195 ieenlnm

170 1225 327 1284 elementis
348 1225 425 1283 sistit
446 1226 479 1282 in
501 1241 565 1283 ore:
586 1224 699 1299 Pharo,
722 1225 836 1302 inquit,
859 1244 919 1284 non
942 1225 1021 1284 famo
1039 1224 1072 1282 in
1095 1227 1189 1284 serba-

124 1314 299 1373 nominibus
332 1313 460 1388 bellicis,
497 1313 549 1373 sed
580 1313 759 1374 elamoribus
790 1313 890 1373 inritis
920 1313 1092 1374 existimans
1125 1332 1188 1373 esse

169 1403 358 1478 sedandum,
386 1404 457 1461 dum
483 1404 594 1462 inertia
620 1406 776 1479 personat,
804 1422 854 1463 ore
881 1402 947 1479 ipso
974 1402 1070 1463 isium
1096 1402 1189 1462 iaeuli

169 1492 316 1552 venientis
347 1491 470 1568 excepit.
529 1498 561 1552 tn
588 1510 711 1567 oweno,
739 1494 892 1564 flaventem
918 1492 1022 1564 prema
1050 1492 1189 1567 lennyine

168 1582 266 1641 meles
289 1583 359 1640 donn
377 1583 505 1654 seqnere's
525 1580 664 1656 Clytium,
687 1582 804 1654 infelix,
828 1598 906 1639 noea
924 1581 1052 1656 nennio,
1079 1579 1250 1654 (lydonass

168 1671 332 1730 Dardanio
360 1674 471 1729 stretns
498 1671 613 1739 dentre,
645 1688 766 1729 senerns
794 1687 940 1738 amenum,
971 1671 1022 1742 qne‘
1050 1671 1190 1728 ineennen

123 1775 150 1814 ιε
168 1761 221 1819 tibi
249 1777 362 1833 semper
388 1764 484 1828 erent,
507 1760 687 1830 miserande,
710 1761 834 1820 iaceres:
865 1759 1000 1819 feserunt
1021 1758 1189 1836 hyperbata

169 1849 395 1924 obscuritatem
422 1849 520 1907 multa
547 1851 626 1908 enim
654 1849 754 1909 voluit
779 1867 839 1908 nno
868 1867 958 1909 sensu
987 1848 1128 1927 colligere
1158 1851 1189 1908 ei

168 1939 217 1998 vel
246 1939 374 1998 maxime
405 1957 440 1996 ea
470 1957 546 2014 quae
577 1938 668 1998 semel
695 1938 795 2016 posita
816 1957 877 1997 non
900 1938 991 1998 semel
1015 1937 1189 2014 accipienda

168 2030 249 2088 sunl.
294 2027 398 2088 scribit
420 2029 500 2088 onim
522 2048 576 2105 per
598 2028 813 2106 apostropham
836 2026 988 2106 Cydonem
1015 2026 1110 2088 oeeidi
1136 2046 1188 2105 po·

167 2119 260 2177 tuisse
282 2118 401 2177 Aeneae
425 2118 539 2196 gladio,
563 2117 635 2176 dum
658 2136 773 2177 amores
796 2118 986 2194 turpissimos
1005 2121 1188 2194 sequeretur,

121 2222 149 2261 so
168 2207 222 2283 qui
245 2225 308 2266 esse
326 2208 470 2267 iuvenum
493 2207 598 2267 solent.
635 2207 753 2267 viderat
775 2209 855 2266 enim
878 2208 1096 2268 adoleseenlem
1119 2206 1187 2282 Oly·

167 2296 245 2356 tium
273 2296 352 2356 flava
382 2296 524 2374 lanugine
553 2297 715 2372 malarum,
744 2297 801 2357 hoe
828 2298 957 2356 ostiam
978 2316 1039 2355 non
1061 2314 1188 2371 puerum

167 2405 222 2445 nee
243 2388 344 2445 lamen
367 2386 505 2446 iuvenem
527 2386 661 2463 plenum:
685 2407 775 2464 quem
805 2385 876 2444 dum
903 2403 1024 2445 seeurns
1052 2384 1188 2460 sequitur

167 2476 267 2551 turpis
290 2476 400 2534 amoris
424 2475 529 2534 ardore
552 2493 720 2551 possessus,
748 2477 801 2552 qui
824 2494 909 2535 amor
929 2474 1087 2533 iuvenibus
1112 2473 1188 2532 solel

168 2582 231 2623 esse
255 2565 445 2639 conveniens,
464 2565 570 2624 salutis
593 2583 665 2624 suae
690 2566 836 2624 inmemor
858 2564 957 2622 faetus
976 2565 1029 2622 osb.
1062 2564 1189 2638 apparel

240 2687 255 2734 2
275 2682 415 2736 auxiliare
432 2682 596 2751 nequivisset
608 2680 667 2735 VR.
732 2681 956 2735 borbitrobalnr
970 2678 1029 2733 VR.
1094 2679 1188 2733 'lber-

167 2754 259 2807 enleee
273 2753 397 2821 periculo
411 2752 463 2806 VR
480 2769 508 2807 se
526 2753 659 2821 interpoe.
674 2753 718 2807 ed.
792 2756 808 2804 8
826 2752 907 2818 feren
925 2751 956 2804 in
973 2749 1106 2804 lemmate
1124 2750 1188 2816 fero

166 2825 198 2877 in
224 2824 369 2893 interpret.
392 2822 451 2877 VR.
487 2824 491 2895 l
524 2826 607 2879 ieetot
628 2824 688 2878 VR.
768 2828 784 2877 9
812 2823 1006 2877 elementisisti
1032 2823 1106 2876 sient
1127 2820 1186 2875 VR.

169 2901 201 2949 11
215 2896 299 2949 incoli
312 2895 371 2949 VR.
423 2901 455 2948 12
474 2898 621 2964 {laventem
634 2895 667 2949 R.
719 2900 754 2948 14
771 2893 917 2949 seenlnsR
935 2892 1098 2962 sequntnsV
1112 2892 1188 2947 infra

166 2984 278 3021 seonens
290 2966 350 3022 VR.
377 2966 380 3037 l
405 2967 528 3021 invenem
541 2967 600 3021 VR.
658 2971 691 3020 15
710 2967 759 3020 nbi
776 2982 828 3034 pro
845 2966 898 3019 tibi
909 2964 943 3019 V.
970 2966 973 3037 l
998 2966 1114 3032 ficerennt
1127 2963 1186 3019 VR.

168 3043 201 3091 1‘1
227 3040 269 3092 nel
294 3054 347 3091 om.
370 3037 412 3092 ed.
488 3042 520 3091 18
539 3040 633 3107 potnit
650 3038 702 3091 VR
719 3038 843 3107 potuisse
864 3036 907 3090 ed.
980 3041 1014 3089 23
1040 3037 1112 3091 leeris
1135 3052 1187 3103 pro

166 3111 257 3177 tennis
271 3108 323 3163 VR
341 3126 393 3163 om.
410 3109 453 3162 ed.
481 3109 485 3181 l
510 3108 690 3178 possessusV
706 3124 850 3177 perpessus
867 3107 900 3161 R.
929 3107 932 3179 Ι
962 3110 1011 3177 qni
1031 3124 1122 3162 amore
1143 3108 1187 3161 in-

165 3182 280 3235 oenibns
304 3182 372 3236 solet
395 3197 450 3235 esse
475 3183 636 3235 conveniens
659 3181 759 3239 saintes
783 3196 850 3234 snae
868 3178 920 3232 VR
945 3179 1017 3247 „qui
1040 3193 1119 3233 amor
1142 3194 1188 3231 ex·

167 3251 299 3305 eerabilis
316 3251 468 3336 iuvenibus
484 3252 689 3335 scelestissimis
708 3251 779 3306 soleb
793 3251 897 3335 inesse,
912 3267 967 3319 quo
981 3249 1054 3303 nihil
1067 3251 1187 3333 naturae

166 3321 1187 3475 1111ῐῖ11111121111ἒέ1ἰί31111111131111ἕὲἓέ

166 3483 214 3520 eos
233 3467 283 3535 qui
301 3466 495 3521 foedissimum
513 3467 567 3520 hoo
586 3468 742 3535 sequuntur
759 3465 859 3520 vilium
876 3465 993 3520 tandem
1011 3463 1112 3519 infelix
1124 3465 1187 3532 pali

167 3537 292 3592 exilium.
324 3538 391 3591 dum
410 3538 499 3607 igitur
517 3539 569 3591 hoe
588 3538 728 3606 sequitur,
743 3536 843 3592 salutis
857 3553 924 3591 suae
938 3539 1010 3591 ebe.“
1025 3536 1081 3590 ed.:
1100 3535 1187 3589 inter-

165 3609 323 3677 polatorem
341 3609 395 3663 boo
413 3608 475 3663 loco
491 3609 548 3663 iam
562 3627 586 3662 v.
598 3609 624 3663 d.
635 3608 749 3663 Hoeven
763 3609 897 3664 odoratus
911 3610 954 3662 osb
967 3625 997 3676 a.
1007 3606 1104 3674 bassi.
1116 3622 1195 3685 auae

166 3698 218 3735 nos
232 3681 262 3733 in
276 3680 363 3748 prees.
375 3698 405 3748 p.
415 3679 529 3734 XXXIX
543 3681 684 3752 suspicati
697 3698 812 3754 sumus,
823 3680 942 3737 nullum
950 3678 1115 3735 seubouum
1120 3676 1216 3725 *seanx-

159 3752 239 3819 ginm
259 3753 338 3804 extet
352 3766 407 3805 nee
423 3752 454 3805 in
472 3752 523 3809 VR
541 3772 596 3812 neo
616 3756 648 3813 in
665 3756 761 3815 Eoo.
