2725 4150
212 348 255 414 38
496 344 637 400 nonen
653 338 948 400 mensurnas.

212 513 268 573 sibi
290 511 440 592 coniungi.
485 515 634 574 tractabis
655 504 705 572 hic
718 531 853 591 magnus
877 514 935 588 est,
958 514 994 572 ut
1014 512 1155 574 credibile
1177 514 1233 574 fiat

212 603 293 679 quod
325 621 386 661 non
417 605 536 681 poterat
567 603 657 663 credi.
703 603 806 680 gentes
840 603 920 661 enim
955 603 1071 679 plures,
1107 604 1232 680 plurimi

211 692 329 770 populi,
365 711 440 770 quos
471 693 555 753 nulla
588 691 826 768 quaerendorum
857 692 1038 751 auxiliorum
1069 695 1232 754 necessitas

211 785 343 860 cogeret,
371 782 491 859 quando
518 783 658 859 poterant
680 781 809 839 aliorum
835 780 1052 841 adminiculum
1079 801 1233 859 quaerere,

211 871 270 931 nisi
292 871 365 949 quia
385 870 496 930 muniri
513 871 637 930 fortiore
654 888 748 928 manu
767 872 797 928 et
814 871 974 929 meliorum
992 889 1113 932 accessu
1130 872 1233 930 ornari
1264 886 1276 928 e

211 958 392 1037 cupiebant?
436 959 515 1018 unde
547 955 619 1037 quia
650 959 753 1035 potuit
781 958 841 1018 dici
878 960 904 1020 si
932 961 1034 1037 rogati
1063 962 1149 1037 estis,
1179 979 1234 1020 cnr

211 1069 271 1108 non
299 1052 344 1108 est
370 1049 486 1107 factum
508 1048 589 1123 quod
615 1047 799 1124 petebamini
827 1050 858 1107 et
884 1050 1033 1126 supplices
1060 1069 1141 1110 nunc
1168 1068 1233 1110 esse

210 1135 382 1197 maluistis?
413 1137 483 1196 huic
511 1137 594 1213 parti
621 1155 691 1195 mox
715 1138 844 1197 occurrit
872 1137 972 1198 dicens
1005 1138 1056 1197 sed
1084 1157 1139 1198 rios
1165 1140 1233 1213 fotu

148 1227 297 1287 studeam
326 1229 439 1284 oestrus
466 1226 615 1300 exquirere
641 1229 737 1286 terroe
763 1227 895 1300 imperiis
925 1243 1005 1301 opere
1033 1229 1114 1287 sais:
1145 1228 1232 1288 dimi·

211 1316 318 1390 simus,
340 1314 453 1390 inquit,
483 1315 671 1375 commodum
694 1318 829 1375 nostrum
856 1317 887 1374 et
909 1315 1109 1392 conpendium
1134 1336 1232 1377 rema·
1253 1333 1277 1374 ro

210 1405 300 1463 nendi
323 1406 354 1463 et
370 1403 506 1482 rogantis
523 1423 585 1463 non
603 1407 783 1481 sprevimus,
807 1403 858 1463 sed
877 1403 999 1464 deorum
1019 1406 1103 1465 iussa
1121 1406 1233 1481 quibus

211 1495 249 1552 ad
276 1494 331 1552 has
361 1496 457 1553 terras
489 1493 652 1572 agebamur
682 1493 893 1570 praeponenda
925 1493 1112 1554 credidimus.
1158 1496 1234 1556 haec

211 1583 336 1643 dicendo
368 1583 547 1643 nonnullum
576 1586 689 1642 metum
719 1581 831 1659 ingerit
859 1582 1007 1658 audienti,
1040 1603 1077 1642 ne
1108 1586 1235 1646 auderet

211 1693 320 1752 negare
343 1672 424 1749 quod
446 1673 647 1749 promiserant
673 1673 806 1731 numina.
851 1672 920 1730 binc
945 1673 1113 1732 Dardanus
1141 1679 1232 1744 ortua

210 1764 266 1821 leuc
287 1764 403 1836 repetit:
433 1781 488 1821 nec
510 1779 578 1837 nos,
605 1761 719 1837 inquit,
745 1761 805 1820 huc
828 1761 966 1820 aestimes
989 1781 1083 1823 novos
1106 1765 1233 1841 venisse,
1252 1780 1278 1822 rs

211 1852 263 1910 sed
285 1851 461 1910 Dardanum
484 1869 630 1910 remeasse
658 1870 726 1909 cum
755 1851 831 1926 suis,
858 1869 912 1910 neo
938 1851 1095 1930 incognita
1121 1857 1233 1930 petere,

210 1940 262 1999 sed
284 1943 417 2017 repetere
440 1941 586 2018 originem
609 1942 753 1999 nostram.
793 1940 939 2013 iussisque
961 1942 1127 2015 iacentibus
1148 1947 1235 2017 carpet

209 2028 317 2103 Apollo
332 2030 516 2104 Paulinam
534 2029 574 2089 od
588 2029 729 2104 lbpbrira
747 2032 774 2087 et
785 2030 877 2102 fontis
894 2030 974 2090 coda
992 2048 1080 2091 saro
1095 2031 1233 2092 Numici:

209 2119 320 2194 Apollo
343 2120 418 2179 haec
439 2120 505 2179 fieri
526 2120 617 2179 iussit
639 2122 670 2178 et
693 2120 740 2178 sui
768 2120 947 2179 auctoritate
974 2120 1104 2180 nominis
1132 2123 1234 2199 coegit

210 2210 241 2268 et
262 2209 374 2285 inpulit
395 2212 558 2285 potestate,
586 2211 622 2268 ut
646 2226 855 2284 quaereremus
879 2209 1024 2285 Thybrim
1052 2213 1082 2269 et
1110 2210 1234 2272 Numici
1251 2229 1278 2269 so

209 2298 411 2357 venerabilem
428 2298 551 2357 fontem.
589 2297 693 2357 multis
712 2298 869 2375 generibus
887 2298 1039 2358 adstruxit
1055 2299 1233 2376 petitionem

210 2406 310 2447 suam:
341 2388 474 2464 rogavit,
504 2388 627 2461 terruit,
655 2387 847 2447 denuntiavit
873 2387 1072 2447 inhumanum
1099 2389 1177 2465 fore,
1206 2392 1233 2450 si

210 2479 363 2553 sperneret
380 2495 464 2552 suos,
488 2476 679 2553 sacrilegium
700 2494 819 2552 quoque
837 2476 1039 2552 incursurum,
1063 2478 1089 2537 si
1108 2477 1232 2538 deorum

209 2566 355 2626 iudicium
373 2565 575 2643 refragatione
594 2565 730 2624 violaret.
772 2566 823 2624 dat
846 2567 899 2625 tibi
915 2571 1072 2639 practerea
1093 2569 1232 2640 smirne

204 2673 306 2728 paroc
325 2657 437 2728 prioris
458 2671 596 2723 manco,
620 2654 762 2727 reliquias
782 2656 874 2714 Troia
892 2673 926 2714 ea
945 2657 1064 2715 ardente
1086 2662 1232 2729 receptas:
1249 2673 1277 2715 ss

209 2746 365 2819 praeterea
400 2744 562 2821 inportune
597 2743 731 2819 positum
769 2743 935 2819 videbitur,
977 2745 1118 2822 quoniam
1154 2746 1232 2805 nihil

209 2832 308 2891 luerat
331 2836 421 2891 antea
444 2832 561 2906 datum,
585 2833 611 2891 si
628 2834 799 2892 intellectus
818 2834 984 2892 multorum
1001 2835 1231 2911 interpositione

209 2922 351 2981 confusus
374 2940 434 2979 non
457 2924 612 2981 reseretur.
648 2923 737 2981 huius
760 2924 856 3000 igitur
878 2924 1031 2999 aperiendi
1053 2942 1144 2983 causa
1162 2944 1231 2984 nar-

208 3010 335 3069 rationis
359 3011 513 3086 superiora
535 3014 705 3086 repetamus
727 3012 912 3072 retrahentes
931 3032 1008 3089 quae
1026 3014 1231 3073 narrationem

210 3100 390 3159 diviserunt:
420 3099 527 3158 Troius
553 3099 669 3159 Aeneas
693 3103 747 3159 tua
769 3119 823 3159 nos
854 3102 892 3160 ad
915 3102 1021 3161 limina
1049 3103 1147 3177 misit,
1177 3102 1232 3163 dat
1250 3118 1278 3159 ao

209 3189 265 3249 tibi
294 3192 451 3265 praeterea
480 3189 619 3247 fortunae
651 3208 746 3265 parva
777 3190 885 3265 prioris
917 3210 1053 3265 munera,
1085 3192 1230 3269 reliquias

209 3278 300 3337 Troia
323 3298 359 3337 ex
381 3277 504 3337 ardente
522 3279 667 3353 receptas.
709 3296 774 3336 ecce
793 3278 933 3338 dictionis
951 3280 1123 3358 integritas,
1146 3282 1232 3342 misit

208 3387 263 3427 nos
286 3369 418 3443 Aeneas,
442 3369 478 3425 ut
499 3384 672 3445 rogaremus
695 3369 739 3441 te,
765 3370 921 3442 praeterea
944 3368 997 3426 dat
1015 3369 1072 3429 tibi
1096 3391 1230 3430 munera.

269 3594 286 3639 1
310 3590 445 3645 credr'bric
464 3589 490 3645 V
512 3590 673 3646 incredibile
696 3587 739 3643 ed.
814 3595 829 3643 5
853 3590 1031 3645 meliorcmV
1056 3593 1165 3647 meliore
1184 3595 1229 3650 ed.

179 3655 333 3712 melrbmm
352 3678 414 3716 nos.
476 3668 512 3718 13
532 3663 647 3720 audiret
664 3660 701 3718 V.
756 3666 792 3716 lb
812 3662 947 3716 existimes
965 3662 1010 3715 ed.
1058 3668 1092 3714 lt
1110 3668 1232 3721 nominis

173 3718 258 3779 Ved.
279 3735 440 3791 nemeaea
519 3744 555 3793 24
575 3738 755 3795 iudiciorum
775 3734 821 3790 ed.
840 3733 951 3789 iudicio
968 3734 1014 3788 ed.
1030 3735 1108 3798 post.
