2725 4150
204 346 248 410 92
487 340 628 396 DONATI
644 340 815 397 INTERPR.
830 338 939 396 VERG.

203 509 422 570 conveniebant
452 508 595 569 Latinum
631 511 662 568 et
696 508 887 568 vehementer
922 508 1071 586 urgebant
1107 507 1226 584 aperire

202 601 306 674 portas
329 599 401 658 belli
424 602 454 658 et
476 599 538 657 illis
560 598 672 657 bellum
694 597 825 657 indicere
848 616 924 674 quos
950 596 983 656 in
1006 597 1172 657 amicitiem
1195 600 1227 658 et

203 687 370 748 adfinitatis
397 687 574 765 religionem
601 689 720 746 secutus
748 686 871 746 deorum
900 690 932 746 et
958 685 1053 762 patris
1080 704 1226 763 responsu

202 779 382 855 susceperat.
424 795 494 854 ergo
517 795 582 836 mos
605 777 665 835 fuit
687 779 723 835 ut
744 775 808 852 ipse
830 777 935 852 portas
958 777 1101 852 aperiret,
1124 775 1178 835 sed
1198 777 1226 836 si

202 867 399 945 pugnandum
430 869 508 926 esset
540 867 644 926 contra
675 865 811 925 inimicos
844 867 875 924 et
905 866 995 942 longe
1027 866 1157 942 positos,
1184 868 1226 925 ut
1259 879 1272 920 s

203 974 296 1032 supra
323 955 436 1014 dietum
465 957 523 1030 est,
553 974 620 1014 oum
648 953 684 1013 de
711 954 777 1030 ipso
805 972 887 1013 more
910 953 1092 1030 disputaret,
1122 954 1171 1014 vel
1199 954 1225 1014 si

202 1044 317 1104 bellurn
334 1046 399 1122 geri
417 1045 553 1121 patribus
572 1043 744 1120 placuisset
777 1045 908 1103 ceterum
930 1043 984 1102 isti
1000 1042 1106 1103 invitis
1125 1044 1224 1102 numi-

202 1134 302 1208 nibus,
326 1134 390 1193 sine
412 1135 548 1193 tractatu
565 1134 713 1192 maiorum
731 1134 762 1191 et
778 1134 899 1193 firmata
916 1150 990 1208 pace
1011 1133 1126 1192 socium
1142 1133 1224 1195 role-

203 1222 277 1281 bant
293 1223 359 1282 fieri
376 1222 521 1282 Latinum
539 1221 663 1282 admissi
680 1221 841 1300 sacrilegii.
870 1222 1012 1281 abstinuit
1029 1225 1109 1281 tuctu
1121 1226 1225 1295 pater:

201 1310 274 1370 lieet
295 1312 342 1370 illi
369 1312 469 1372 furore
496 1311 627 1388 possessi
655 1311 835 1388 praecipites
863 1309 977 1370 fuerint
1000 1309 1033 1368 in
1059 1312 1226 1387 perniciem
1245 1325 1271 1366 ro

203 1419 289 1460 suam
308 1404 339 1459 et
357 1401 482 1461 adversa
500 1402 656 1478 cuperent,
675 1399 803 1460 Latinus
822 1402 936 1474 temen,
956 1401 1010 1476 qui
1028 1403 1106 1460 esset
1123 1400 1225 1476 publi·

202 1508 254 1549 cus
278 1492 378 1567 peter,
406 1489 487 1566 upud
514 1509 604 1566 quem
630 1489 737 1568 religio
765 1490 868 1568 generi
894 1489 954 1548 fuit
980 1491 1010 1548 et
1035 1489 1226 1549 commodum

202 1579 294 1654 filiae,
335 1579 457 1639 nolebat
494 1579 627 1639 funestas
669 1578 748 1638 fores
788 1579 1000 1655 luctuosasque
1042 1578 1224 1656 contingere.

203 1685 380 1742 coecusque
408 1668 518 1742 refugit
544 1668 633 1741 foedo
661 1669 826 1726 ministeriu
856 1672 882 1726 et
911 1668 1003 1727 coecis
1032 1684 1063 1727 se
1095 1668 1226 1728 condidit

202 1759 330 1817 umbris:
358 1758 462 1817 nolens
493 1775 525 1816 se
555 1757 662 1816 officiis
690 1756 828 1816 tristibus
855 1756 1006 1816 maculare
1030 1756 1165 1818 discessit
1192 1759 1225 1816 in
1243 1769 1267 1810 1⁶

202 1846 360 1906 tenebrosa
386 1847 454 1906 loca
481 1864 603 1906 aversus
627 1865 645 1906 a
668 1848 831 1922 conspectu
857 1845 1069 1923 gerendorum,
1096 1866 1135 1905 ne
1164 1865 1224 1906 oer-

202 1937 325 1995 neretur
347 1935 385 1994 eb
409 1935 513 2011 aliquo
537 1937 590 1994 aut
607 1934 671 2010 ipse
690 1935 806 1996 videret
822 1935 943 1994 inlicite
960 1934 1026 2012 geri
1043 1938 1074 1995 et
1092 1954 1128 1994 ea
1147 1943 1224 2012 quae

140 2024 314 2086 620iudioi0
336 2024 478 2103 religioso
502 2023 705 2085 damnaverat.
751 2029 813 2083 tum
834 2026 938 2099 regiae
961 2025 1047 2084 deam
1074 2025 1153 2085 coeto
1177 2026 1225 2085 de·

203 2115 290 2187 lapsa
316 2115 460 2174 meraritis
486 2115 595 2187 inpulit
620 2115 688 2186 ipsu
710 2132 803 2173 mono
821 2118 927 2188 portas
949 2118 976 2173 et
998 2114 1118 2174 cordiae
1140 2132 1224 2175 uerso

203 2204 270 2262 belli
291 2204 417 2276 ferratos
439 2204 551 2277 recapit
571 2202 717 2263 Saturnio
734 2208 848 2277 postes:
869 2203 941 2263 fecit
963 2204 1041 2263 Iuno
1065 2203 1146 2279 quod
1163 2223 1225 2264 non
1242 2216 1266 2256 ²⁰

203 2292 398 2353 conveniebat
430 2291 515 2368 deae,
547 2295 584 2352 nt
614 2291 726 2351 relictis
760 2292 834 2351 caeli
865 2292 1003 2368 partibus
1035 2293 1153 2352 veniret
1186 2292 1225 2354 ad

202 2385 296 2442 terras
320 2384 351 2442 et
372 2380 518 2457 panderet
539 2382 700 2441 sceleribus
719 2381 800 2441 viam
819 2383 909 2457 atque
927 2382 959 2440 in
977 2382 1056 2441 bello
1074 2381 1223 2457 perituros

202 2474 330 2549 urgeret.
376 2470 448 2531 iecit
469 2473 571 2530 tamen
593 2473 629 2530 ut
650 2473 735 2530 vetus
760 2473 791 2529 et
812 2472 951 2546 pertinax
978 2472 1114 2547 inimica3
1144 2490 1224 2533 vere·

202 2560 294 2620 batur
320 2560 400 2620 enim
425 2579 463 2619 ne
489 2580 575 2620 mora
603 2560 880 2635 patefaciendamm
909 2562 1065 2635 portarum
1091 2561 1224 2621 furorem

202 2654 327 2725 paratae
358 2649 524 2709 iuventutis
556 2653 610 2709 aut
640 2667 847 2709 consenescere
877 2650 989 2708 faceret
1018 2652 1073 2709 aut
1103 2650 1224 2725 penitus
1242 2660 1268 2702 ἢ

202 2739 357 2799 removeri.
403 2738 520 2799 unimus
539 2740 651 2815 quippe
671 2737 758 2816 vulgi
779 2745 816 2797 ut
837 2738 1001 2813 repentinis
1024 2738 1156 2799 motibus
1176 2760 1225 2799 ex·

203 2827 328 2903 citatur,
347 2828 392 2886 ita
409 2830 528 2887 mature
546 2828 716 2906 languescit
734 2829 764 2886 et
781 2827 997 2887 interveniente
1015 2829 1137 2903 torpore
1155 2848 1224 2889 eon·

203 2917 341 2975 sumitur.
378 2935 448 2994 ergo
472 2916 553 2993 quod
575 2916 685 2977 Latino
705 2916 859 2993 displicuit
877 2920 908 2977 et
924 2917 1039 2995 refugit
1056 2937 1093 2977 ne
1112 2918 1225 2978 iaceret

203 3006 276 3064 fecit
298 3004 354 3063 dea
377 3008 408 3065 et
429 3025 522 3065 manu
545 3024 600 3065 sua
622 3006 735 3081 inpulit
756 3009 859 3081 portas
883 3006 993 3082 quibus
1015 3006 1108 3066 fiebat
1130 3026 1224 3068 mora.

203 3096 238 3153 ut
261 3096 363 3153 autem
384 3093 473 3154 huius
497 3096 657 3155 saevientis
681 3094 818 3155 ardorem
841 3095 1008 3156 evidentius
1032 3099 1122 3171 poeta
1140 3116 1224 3157 mon·
1242 3108 1271 3149 ³⁰

204 3187 322 3260 straret,
340 3202 400 3243 non
419 3184 517 3243 solum
534 3185 612 3243 hanc
625 3183 703 3244 dixit
716 3187 818 3260 portas
834 3186 994 3261 aperuisse,
1012 3185 1224 3269 sed‘evertisse

203 3276 304 3349 postes
327 3274 409 3349 ipsos
428 3292 447 3332 e
465 3272 598 3348 cardine,
620 3273 677 3332 hoo
701 3275 746 3333 est
770 3274 807 3333 ab
830 3293 865 3335 eo
886 3274 951 3334 loco
969 3274 1002 3333 in
1021 3294 1080 3350 quo
1099 3275 1224 3335 nexibus

203 3362 319 3422 idoneis
336 3362 529 3437 tenebantur,
550 3361 637 3440 quasi
656 3362 775 3422 demum
793 3363 968 3439 patentibus
986 3363 1081 3439 portis
1101 3363 1225 3441 aliquod

276 3520 292 3569 3
311 3515 477 3582 affinitatem
494 3515 635 3583 religionis
653 3513 739 3568 HOU
754 3514 797 3569 ed.
858 3520 874 3569 8
892 3521 983 3570 tractu
996 3513 1022 3566 V
1040 3521 1161 3572 tractatu
1179 3516 1223 3571 ed.

192 3586 373 3643 Mati'num
392 3603 447 3643 om.
463 3586 507 3643 ed.
565 3592 597 3639 11
616 3587 743 3655 cupisset
757 3585 789 3640 V.
846 3592 880 3639 12
898 3603 992 3655 penore
1004 3585 1038 3640 V.
1095 3593 1129 3641 14
1147 3605 1224 3644 arrr-

176 3668 284 3722 sasque
310 3657 340 3713 V.
419 3666 455 3717 16
479 3657 687 3734 ymuommv
715 3674 874 3731 praecorum
898 3657 943 3712 ed.
967 3658 1143 3727 pereudoruue
1164 3676 1223 3714 nos.

164 3726 207 3775 ¹3
219 3730 346 3793 ,4¹8sz
363 3748 422 3802 pro
442 3738 548 3809 regina
566 3733 601 3793 V.
681 3737 717 3790 20
737 3733 818 3802 rupit
836 3729 882 3784 ed.
