2725 4150
214 351 259 415 20
501 347 951 404 nonnrrmcaaeaxuac.

214 516 352 576 dentibus
384 519 480 576 teneri
511 536 571 576 non
603 519 713 594 posset.
768 521 794 575 et
827 518 939 576 violare
969 535 1063 577 marro
1092 518 1237 592 metisque

152 616 204 666 115
213 607 378 665 audacibus
400 607 498 665 orbem
519 607 624 680 fatalis
646 607 738 665 crusti
754 606 870 678 patulis
892 623 945 665 aec
963 623 1086 681 parcere
1104 607 1236 678 caedria,

150 727 152 733 ν
213 695 301 754 teus!
333 697 420 754 ctiam
442 712 561 754 mensos
583 696 794 765 consumimus,
818 696 1037 768 imperiales:
1077 695 1161 756 Iulus
1184 696 1238 755 ubi

213 784 292 844 vidit
318 785 516 844 Troianorum
545 785 656 844 famem
684 783 738 842 illo
766 803 860 861 usque
887 785 1075 860 perductam,
1103 788 1138 844 ut
1159 785 1250 844 hanc*

214 873 371 952 sacrilegio
394 872 567 950 extinguere
589 873 775 949 laborarent,
794 873 943 952 ingemuit
965 893 1040 951 puer
1063 877 1151 934 etex
1174 874 1237 933 alto
1268 887 1279 928 e

214 963 347 1023 dolorem
375 963 497 1021 trahens
528 962 584 1021 ait:
614 962 761 1041 gemenda
788 965 912 1023 fortuna
938 965 1054 1039 nostra,
1083 983 1160 1040 quae
1182 981 1237 1023 nos

214 1052 251 1111 ad
274 1053 438 1130 egestatem
460 1052 579 1110 tantam
601 1053 667 1127 pios
691 1052 906 1129 religiososque
928 1052 1082 1129 perduxit,
1100 1056 1137 1112 ut
1157 1052 1238 1128 quod

213 1141 350 1200 venerari
391 1141 474 1200 soliti
514 1158 615 1200 sumus
651 1141 856 1201 inreverenter
892 1160 1035 1219 cogamur
1071 1142 1236 1201 adsumere.

212 1247 265 1289 erec
290 1231 383 1304 plura
414 1229 571 1296 educens,
600 1248 635 1290 eo
663 1248 720 1290 coc
750 1232 854 1290 audita
881 1232 1015 1290 laborum
1039 1232 1143 1304 prima
1173 1232 1239 1291 tulit

211 1321 302 1390 fineen
325 1319 512 1391 primamque
539 1320 680 1392 loqueatis
707 1322 745 1380 ab
773 1338 822 1379 ore
847 1321 955 1392 cripuit
976 1322 1062 1391 parer
1084 1337 1120 1378 ac
1142 1324 1279 1394 sape-1⁰

211 1409 309 1479 factus
327 1409 448 1467 numine
465 1410 590 1482 pressit:
618 1429 678 1469 non
697 1409 823 1486 perfecit
844 1408 925 1484 quod
944 1407 1061 1467 dicebat
1079 1408 1239 1485 Ascanius,

213 1497 264 1556 sed
294 1517 331 1556 ne
360 1516 407 1557 res
437 1498 604 1558 necessario
635 1499 716 1557 dicta
743 1500 909 1557 verteretur
936 1498 967 1556 in
993 1497 1106 1572 iocum,
1133 1517 1239 1558 vocem

213 1588 276 1645 eius
308 1585 438 1662 primam
470 1588 561 1647 altius
592 1587 740 1646 intellexit
771 1589 858 1662 pater
888 1605 922 1645 ac
951 1587 1052 1646 tenuit
1083 1589 1175 1661 atque
1192 1583 1239 1647 'in

212 1675 387 1734 memoriam
409 1694 552 1736 revocans
576 1675 762 1752 praedictam
784 1676 896 1733 famem
914 1675 1028 1734 dictum
1046 1677 1172 1735 miratus
1192 1680 1239 1737 est

212 1764 295 1823 illius
315 1765 423 1823 aetatis
443 1767 473 1822 et
491 1765 573 1840 apud
591 1784 622 1825 se
642 1764 723 1841 quod
742 1763 913 1824 adverterat
930 1765 1051 1840 pressit,
1070 1766 1112 1824 sic
1131 1765 1238 1825 deinde
1257 1781 1280 1824 ιι

152 1855 314 1930 120erupit
330 1853 363 1912 in
381 1872 496 1912 vocem:
524 1855 617 1923 soloe,
639 1854 713 1926 fatis
735 1854 808 1912 mihi
831 1855 928 1913 dedito
946 1855 1030 1913 tellus
1047 1872 1165 1927 cosque,
1186 1858 1238 1925 ott,

213 1960 230 2001 o
259 1943 314 2014 Jtdl
342 1943 449 2001 Troice
478 1943 585 2001 salvete
609 1943 749 2015 penates!
798 1963 866 2002 cum
892 1944 966 2002 haec
995 1943 1069 2003 dicit
1098 1948 1128 2003 et
1158 1964 1239 2004 nunc

213 2032 329 2093 salutat
346 2032 472 2091 fatalem
489 2034 610 2108 terram,
629 2050 721 2108 quam
739 2030 811 2091 olim
825 2032 925 2092 videre
944 2033 1092 2110 cupiebat,
1107 2034 1239 2095 ostendit

213 2140 245 2182 se
275 2125 389 2180 certum
419 2141 479 2181 non
508 2122 661 2197 habuisse,
694 2140 762 2181 cum
790 2122 915 2182 flurium
944 2123 1050 2182 fuisset
1076 2125 1239 2200 ingressus.

214 2212 348 2270 contiuuo
372 2230 442 2288 ergo
466 2210 522 2270 ait:
546 2210 733 2271 salvaterra
755 2212 889 2271 fatorum
911 2212 986 2270 mihi
1008 2212 1165 2271 voluntate
1188 2212 1238 2271 de·
1256 2231 1281 2272 so

214 2303 308 2374 creta,
335 2300 449 2360 salvete
472 2300 515 2358 dii
537 2303 674 2377 penates,
703 2301 756 2376 qui
778 2301 854 2360 mihi
876 2300 965 2360 fidem
987 2321 1058 2360 vera
1080 2302 1238 2377 pronunti·

212 2390 292 2449 ando
323 2390 473 2449 servastis.
518 2389 565 2448 tic
594 2390 710 2459 domus,
740 2390 811 2449 lrocc
832 2392 938 2465 patrio
966 2395 1020 2448 cst:
1056 2391 1130 2449 haec
1157 2391 1239 2450 dicta

213 2480 303 2555 plena
331 2479 535 2556 gratulatione
565 2479 796 2555 proferebantur
825 2481 856 2537 et
882 2498 918 2537 ea
944 2480 1041 2557 magis
1072 2499 1177 2554 causa,
1203 2484 1239 2540 ut

213 2569 377 2628 securiores
400 2568 537 2627 redderet
559 2586 642 2642 suos,
667 2568 747 2644 quod
765 2567 929 2646 navigandi
947 2568 1009 2627 iam
1028 2587 1062 2627 ac
1080 2569 1239 2629 laborandi

212 2657 373 2717 necessitas
392 2657 500 2716 fuisset
516 2656 685 2733 absumpta.
721 2659 801 2734 quod
818 2661 855 2716 ut
867 2657 964 2734 magis
978 2658 1119 2733 probaret
1132 2679 1238 2718 verum
1256 2674 1280 2716 aa

211 2763 290 2818 esse,
309 2745 427 2805 addidit
449 2748 593 2822 paternae
619 2747 784 2806 sententiae
806 2747 981 2805 firmitatem
1004 2748 1104 2806 dicens
1126 2750 1239 2822 parciter

212 2834 285 2893 mihi
307 2835 382 2893 talio
404 2852 531 2907 namque
559 2836 652 2908 (nuuc
673 2840 782 2910 repeto)
805 2835 949 2895 Anchises
971 2838 1101 2909 fatorum
1125 2856 1239 2897 arcana

212 2924 344 2995 reliquit:
365 2923 454 2983 modo
473 2923 557 3000 mihi,
575 2926 685 3002 inquit,
700 2926 826 2986 veniunt
843 2927 876 2983 in
893 2929 1023 2985 mentem
1042 2926 1123 2984 dicta
1141 2926 1238 3003 patris

212 3013 287 3088 mei,
310 3031 386 3089 quae
409 3012 484 3071 mihi
507 3032 543 3071 ex
564 3013 698 3073 fatorum
721 3015 837 3074 arcanis
859 3015 1027 3091 intimavit3
1055 3015 1131 3074 dixit
1159 3018 1239 3076 enim

153 3113 204 3163 125
214 3120 280 3162 uem
306 3107 345 3172 te,
368 3106 450 3172 nate,
472 3104 568 3176 fames
595 3105 695 3177 poeta
722 3105 762 3162 ad
790 3105 876 3163 litero
900 3109 1012 3164 acaum
1035 3106 1139 3165 aceias
1163 3111 1240 3181 copel
1256 3121 1281 3164 ee

287 3314 301 3361 1
322 3314 410 3363 team
423 3307 449 3360 V
463 3324 533 3363 corr.
549 3307 592 3361 ed.
653 3314 668 3361 3
687 3309 753 3362 teus
766 3308 799 3362 V:
819 3309 946 3363 Donatus
960 3310 1012 3363 here
1026 3310 1239 3379 interpretatur,

215 3395 282 3448 ergo
306 3382 356 3433 aut
378 3379 432 3433 hoc
455 3378 633 3433 scribendum
658 3396 721 3433 cum
745 3380 788 3433 ed.
811 3383 861 3434 aut
879 3398 943 3435 eum
961 3382 1027 3434 teus
1046 3385 1074 3435 et
1092 3384 1144 3437 heu
1162 3383 1239 3437 idem

215 3453 330 3518 putasse
349 3452 531 3506 statuendum
550 3454 600 3505 est.
652 3457 783 3505 tueare
797 3452 893 3506 ested.
949 3456 982 3505 10
1001 3454 1191 3520 octuperfotua
1205 3454 1239 3509 V.

212 3527 250 3573 15
274 3522 353 3589 cprrd
374 3539 402 3577 sc
425 3522 542 3592 qreodV
567 3523 639 3591 quod
661 3538 751 3577 aecum
778 3523 821 3576 ed.
853 3524 856 3594 l
890 3529 1024 3578 evenerat
1042 3522 1066 3575 V
1087 3539 1165 3593 corr,
1189 3526 1240 3580 sed

189 3594 432 3655 praeaeternae
451 3594 576 3649 mutavit
594 3594 638 3649 ed.
713 3599 746 3648 16
766 3595 844 3662 rupit
862 3592 887 3645 V
906 3593 949 3648 ed.
981 3596 983 3608 '
1019 3596 1148 3650 contiuuo
1172 3600 1240 3652 ante

184 3660 269 3716 ealce
288 3662 394 3734 inepte
416 3666 546 3725 inseruit
564 3668 624 3726 ed.:
649 3666 782 3723 ordinem
798 3611 1006 3732 interpretandi
1019 3666 1093 3718 lton.
1108 3670 1241 3725 mutarit.

172 3730 214 3778 22
230 3732 308 3788 haec
321 3742 433 3807 patrae
454 3742 482 3797 V
500 3745 550 3801 hic
566 3761 598 3816 p.
621 3742 667 3801 ed.
744 3745 783 3796 ‘lb
803 3734 969 3794 eumaeus
992 3752 1049 3787 om.
1066 3735 1112 3788 ed.
