2725 4150
512 333 697 389 nummos
711 333 776 388 vm
1094 337 1159 403 123

136 508 292 571 secantem,
317 504 468 561 caeruleas
491 505 625 578 Umbrio,
650 504 728 562 caelo
749 503 938 577 arctissimas
961 503 1066 561 amnis.
1099 522 1159 562 non

137 592 318 669 adroganter
340 592 444 670 tetigit
465 593 569 652 laudes
589 611 667 666 suas,
686 590 738 651 sed
756 593 934 665 necessarie3
957 591 1062 650 debuit
1081 592 1159 651 enim

135 682 254 741 Aeneas
268 681 436 740 multifario
451 681 539 742 modo
555 683 622 759 quis
635 682 688 740 ille
703 685 781 740 esset
799 681 992 740 consiliorum
1010 680 1158 740 bonorum

136 771 394 831 commodissimus
418 771 639 831 demonstrator
661 771 815 830 evidenter
838 771 1004 845 attendere,
1032 773 1067 829 ut
1090 790 1158 830 con·

107 860 267 920 ssiderato
285 863 440 920 tantorum
460 863 581 920 auctore
601 860 751 919 dictorum
773 861 878 919 fideret
900 878 971 920 vera
994 878 1057 919 esse
1081 879 1159 935 quae

135 950 254 1010 viderat
272 951 363 1024 atque
388 949 511 1010 auribus
534 953 711 1026 sumpserat.
744 951 791 1008 tic
813 951 885 1008 miti
906 965 1019 1023 manaa
1041 949 1202 1008 comcs-eo

135 1040 184 1098 hic
212 1039 270 1110 ait,
298 1057 477 1113 commoror,
506 1041 554 1099 hic
583 1039 767 1099 domicilium
794 1039 904 1113 habeo,
931 1039 980 1097 hio
1008 1039 1084 1097 dixit
1106 1038 1160 1097 ubi

135 1129 325 1204 loquebatur.
379 1129 463 1187 celsis
488 1133 577 1202 capent
604 1129 728 1188 urbibus
758 1130 828 1186 caii:
858 1128 1017 1206 originem,
1049 1129 1159 1204 inquit,

135 1237 206 1277 vero
231 1220 261 1275 et
285 1220 378 1293 caput
400 1217 480 1277 inter
503 1220 634 1278 excelsas
656 1217 740 1277 nrbis
763 1217 866 1276 habeo.

93 1322 118 1361 ιο
206 1308 305 1375 Dicit,
331 1307 434 1365 deinde
458 1308 525 1365 lacn
547 1309 658 1379 flavias
680 1324 712 1365 se
735 1308 864 1365 condidit
886 1307 943 1365 aito
966 1308 1029 1365 ima
1041 1311 1160 1378 peccas.-

135 1396 225 1454 rediit
252 1395 291 1453 ad
316 1397 417 1455 sedem
444 1397 599 1473 propriam
626 1416 773 1472 aquarum
801 1395 950 1472 profundo
979 1395 1159 1471 submersus,

136 1505 203 1544 cum
226 1504 261 1543 ea
280 1486 447 1560 complesset
465 1507 542 1561 quae
561 1486 737 1546 instruendo
755 1487 819 1544 viro
838 1486 961 1543 fuerant
982 1486 1159 1544 necessaria.

134 1593 192 1633 noa
211 1571 335 1632 Aenean
358 1593 534 1647 somnusque
555 1577 686 1648 reliquit:
708 1575 785 1634 nihil
809 1574 932 1633 celerius
956 1573 1016 1632 dici
1038 1574 1087 1634 vel
1110 1573 1159 1632 de·

136 1663 226 1722 scribi
255 1663 368 1739 potuit,
398 1668 434 1724 ut
462 1665 585 1724 Aenean
614 1665 856 1742 expergefactum
885 1666 916 1723 et
944 1666 1063 1722 noctem
1090 1681 1157 1722 con·

91 1767 117 1806 ra
135 1755 289 1829 sumptam
321 1772 384 1812 esse
420 1757 601 1814 monstraret
637 1756 817 1830 tantumque
854 1754 977 1812 Aenean
1015 1752 1158 1811 dormisse

136 1846 285 1919 quantum
309 1841 357 1900 dei
381 1844 607 1903 commonitioni
629 1844 751 1902 suffecit.
798 1842 899 1920 potuit
926 1842 1006 1902 enim
1032 1841 1097 1900 fieri
1124 1844 1159 1900 ut

135 1936 205 1990 ante
229 1932 326 1989 lucem
349 1933 449 1990 media
471 1937 558 1993 nocte
581 1932 746 2011 vigilasset.
792 1932 923 1991 reddidit
950 1935 1041 2008 poeta
1063 1932 1158 1991 totius

134 2021 232 2081 noctis
251 2020 413 2081 rationem:
432 2021 464 2080 in
482 2023 580 2099 prima
598 2025 684 2100 parte
704 2022 846 2101 vigilavit
859 2023 976 2083 Aeneas
996 2023 1158 2099 occupatus

135 2112 215 2170 curis
238 2111 421 2187 ingentibus,
440 2112 547 2171 dehinc
569 2115 723 2173 transacto
747 2132 808 2171 non
830 2132 924 2189 parvo
943 2113 1043 2189 spatio
1061 2112 1158 2171 noctis

90 2214 117 2253 ro
135 2200 269 2259 eiusdem
306 2200 429 2259 dormiit
464 2204 641 2263 necessitate
677 2203 813 2261 naturali
849 2203 1018 2278 conpulsus.
1078 2201 1159 2276 quod

134 2291 235 2365 ipsum
264 2290 386 2349 videtur
414 2310 474 2350 non
505 2292 568 2352 sine
597 2292 720 2350 nurnine
750 2294 956 2368 procuratum,
986 2294 1022 2349 ut
1049 2290 1158 2349 divinis

135 2378 288 2438 adfatibus
315 2378 426 2438 instrui
448 2385 550 2457 posset
572 2385 603 2441 et
624 2383 687 2440 iam
710 2382 842 2441 securior
863 2381 958 2440 reddi.
1004 2380 1050 2439 fas
1079 2379 1159 2437 enim

134 2488 195 2528 non
227 2468 288 2525 fuit
319 2472 354 2526 ut
384 2488 452 2528 cum
479 2471 624 2548 vigilante
648 2471 720 2530 dens
744 2471 923 2546 loqueretur.
970 2468 1041 2526 dnm
1063 2468 1159 2545 igitur

134 2558 228 2617 tantis
259 2557 347 2616 rebus
377 2559 550 2634 instruitur,
580 2563 679 2620 totum
702 2560 798 2619 noctis
825 2562 944 2635 tempus
967 2557 1082 2616 effluxit
1104 2575 1159 2616 nec

90 2658 116 2698 2⁵
134 2649 289 2706 transacta
308 2650 353 2705 est
370 2648 444 2707 hora
459 2670 519 2725 qua
537 2651 647 2708 Iunoni
664 2649 764 2708 iussus
784 2648 883 2706 suerat
896 2648 967 2707 vota
981 2646 1158 2722 persolvere.

134 2738 229 2809 saepit
256 2741 282 2794 ct
305 2737 426 2795 aetherii
452 2743 586 2811 spectans
614 2739 739 2797 orientia
766 2738 836 2796 sciis
864 2737 978 2795 lamina
1000 2737 1055 2794 rite
1078 2737 1159 2795 cacis

133 2826 248 2884 andam
267 2826 302 2883 de
320 2828 441 2896 [tanciae
453 2829 567 2899 palmis
580 2830 704 2888 sustinet
718 2845 753 2886 ac
767 2827 836 2885 tuiis
850 2826 974 2899 effundit
987 2826 1028 2884 ad
1042 2826 1202 2885 (reiterato

134 2932 233 2973 noces:
257 2914 400 2990 quoniam
424 2920 601 2993 consumpta
619 2917 720 2975 fuerat
737 2934 805 2990 nox,
824 2915 954 2975 surrexit
972 2917 1003 2974 et
1021 2919 1157 2991 spectans

135 3006 236 3062 ortum
262 3004 364 3079 ipsum
392 3006 476 3081 solia
499 3006 556 3065 hoc
583 3010 629 3066 est
655 3008 791 3080 intuens,
813 3009 963 3065 recentem
986 3005 1099 3065 undam
1122 3005 1158 3063 de

90 3105 116 3144 ³⁰
134 3093 257 3151 flumine
281 3093 377 3169 ipsius
397 3096 524 3154 fautoris
549 3096 608 3171 sui,
631 3095 770 3155 manibus
790 3096 915 3155 sustulit
933 3099 963 3155 et
981 3096 1053 3154 talis
1071 3113 1157 3154 voces

209 3234 222 3281 1
247 3229 366 3284 ceruices
383 3229 416 3283 V.
491 3236 506 3283 2
530 3231 680 3301 adropaatc
697 3229 723 3283 V
744 3247 812 3284 corr.
833 3230 876 3284 ed.
907 3228 910 3300 4
945 3231 1114 3284 necessariae
1132 3227 1158 3279 V

134 3301 194 3353 -cio
213 3299 256 3353 ed.
332 3307 347 3353 6
371 3302 478 3356 uiderat
493 3301 519 3355 V
539 3302 687 3357 audieerat
704 3301 747 3356 ed.
779 3302 782 3374 t
812 3308 918 3356 raserat
931 3300 957 3354 V
975 3307 1096 3356 senserat
1114 3300 1158 3354 ed.

135 3371 170 3423 cf.
191 3376 215 3437 7,
231 3376 292 3424 505.
363 3372 498 3428 9ecroV
516 3374 575 3440 scre
594 3373 638 3428 ed.
667 3375 669 3446 t
698 3376 783 3428 celsas
802 3373 846 3428 ed.
911 3378 944 3425 12
964 3373 1002 3427 ad
1019 3374 1158 3426 inarum-

135 3444 200 3496 dcnn
219 3444 309 3496 airam
329 3444 372 3497 ed.
443 3451 475 3498 16
494 3444 639 3512 sufficitV
656 3445 783 3512 sufficere
796 3446 891 3514 potuit
909 3444 951 3497 ed.
1024 3449 1057 3496 22
1076 3444 1158 3510 affcc-

133 3513 251 3568 tibasV
273 3513 315 3568 ed.
343 3517 487 3582 adfatibus
511 3533 562 3570 nos
589 3516 623 3572 cf.
646 3522 689 3570 35.
720 3517 723 3588 Ι
753 3524 810 3571 tam
831 3515 856 3568 V
878 3517 936 3569 iam
961 3531 1012 3568 nos
1038 3531 1091 3568 om.
1114 3515 1157 3568 ed.

135 3591 170 3639 24
188 3587 304 3640 inaruit
321 3588 365 3641 ed.
392 3588 394 3658 Ι
422 3594 512 3643 tntum
524 3588 558 3642 V.
631 3592 665 3641 25
685 3590 787 3642 ionicae
800 3587 833 3641 V.
910 3591 943 3639 26
964 3588 1053 3656 saepit
1071 3587 1160 3639 nette-

134 3659 186 3711 ciis
200 3656 232 3710 V,
258 3726 264 3737 Ι
295 3663 329 3709 27
347 3659 382 3712 de
400 3676 452 3713 om.
469 3660 512 3715 ed.
534 3659 540 3734 t
559 3657 886 3731 sustinet-effunditV
911 3655 1184 3723 asiana-canan

126 3728 166 3777 ed.
188 3729 235 3791 (er
250 3729 507 3804 mterpretatione).
586 3742 623 3793 29
642 3738 678 3794 dc
698 3738 819 3809 flamine
840 3752 899 3792 om.
914 3733 964 3788 ed.
