2725 4150
566 312 794 369 murmosx
1124 319 1189 385 359

173 480 350 541 occidendus
373 480 434 540 fuit
456 483 526 541 ante
549 482 645 542 omnis
669 481 723 559 qui
744 482 798 542 illo
821 485 955 560 ternpore
984 503 1088 544 causas
1111 484 1192 545 tenti

172 570 283 631 doloris
306 570 465 632 inflixerat
501 569 576 630 bene
595 570 728 648 positum
747 591 906 648 quaerens:
930 592 997 633 cum
1015 574 1093 632 enim
1111 573 1191 634 inter

170 661 303 738 plurima
325 660 406 737 quod
428 661 526 738 magis
548 661 749 720 necessarium
772 664 818 722 est
841 663 1009 738 quaeritur,
1029 663 1190 742 neglegun-

169 753 221 810 tur
244 751 343 809 cetera
365 751 396 809 et·
416 752 608 810 removentur
626 750 659 809 in
680 753 811 827 purtem,
833 751 928 811 ut-ad
948 751 979 811 id
999 753 1192 828 pervenietur

140 838 380 917 sinuestigsndo
403 840 433 897 et
456 838 617 898 scrutando
641 840 722 915 quod
749 841 957 900 necessitatem
983 839 1190 918 inquisitionis

168 928 293 989 invexit.
339 926 504 1004 quaerebat
530 927 626 1007 igitur
647 928 784 988 Turnum
812 931 902 990 occisi
924 929 1072 991 Pollentia
1100 949 1191 991 causa

169 1021 200 1078 et
228 1017 309 1076 hunc
338 1017 427 1077 coede
456 1036 536 1078 nove
564 1018 621 1077 hoc
652 1020 699 1078 est
730 1018 878 1095 exquisito
911 1021 1052 1097 supplicii
1084 1039 1191 1099 genere

168 1105 312 1184 cupiebat
333 1106 513 1185 extinguere.
545 1107 663 1177 Pallas,
681 1107 843 1177 maceca,
861 1109 895 1167 ia
912 1109 987 1182 ipsis
1005 1111 1105 1170 omnio
1122 1115 1192 1170 sucat

167 1196 416 1266 contentiosae
438 1212 513 1270 quas
535 1196 651 1256 adeum
674 1196 793 1270 pamas
820 1200 889 1256 tuac
917 1198 992 1259 adiit
1018 1199 1191 1273 dextraeque

122 1303 150 1343 ro
168 1286 273 1345 datae:
301 1285 444 1346 volvebat
471 1286 591 1345 Aeneas
620 1285 723 1346 omnia
751 1287 783 1345 iu
814 1285 914 1346 animo
943 1305 1010 1362 suo,
1034 1290 1104 1348 ante
1127 1291 1190 1349 eius

168 1374 272 1435 oculos
296 1374 419 1433 stabant
445 1375 600 1450 universe,
628 1376 743 1451 primus
765 1374 882 1451 Pallas,
912 1395 1000 1452 quem
1029 1377 1116 1438 bellis
1145 1378 1191 1437 in·

166 1467 286 1524 mature
307 1464 492 1524 miserrimus
515 1464 684 1524 crediderat
706 1467 805 1540 peter,
832 1468 916 1525 aetas
939 1465 1136 1526 adolescentis
1161 1472 1192 1527 et

167 1570 250 1630 spes,
280 1553 328 1613 vel
357 1553 438 1630 qnod
467 1552 574 1613 unicus
603 1553 681 1630 seni,
712 1553 854 1614 Euander
879 1556 979 1632 pater,
1007 1554 1121 1615 scilicet
1144 1574 1189 1616 or-

166 1642 258 1702 batus
289 1642 366 1716 filio,
394 1644 481 1719 peter
507 1644 539 1702 iu
569 1642 694 1703 occidua
720 1645 821 1704 aetate
850 1643 1005 1720 deceptus,
1033 1643 1190 1709 benivolus

121 1747 149 1788 rs
166 1731 290 1808 hospes,
316 1731 478 1808 humanus,
505 1731 605 1807 utilis,
632 1732 822 1808 commodus,
847 1733 974 1811 largitor
1001 1733 1190 1807 auxiliorum,

165 1821 199 1880 in
222 1819 321 1880 dando
345 1820 457 1896 facilis,
479 1822 512 1881 in
534 1821 719 1899 providendo
742 1823 937 1900 praecipuus;
966 1841 1086 1883 mensae
1115 1843 1189 1900 quas

167 1909 285 1970 advena
308 1909 420 1986 primas
443 1913 516 1971 tuno
539 1909 615 1970 adiit
637 1911 819 1989 dextraeque
838 1912 940 1988 datae,
959 1913 1189 1974 communicatio

166 2018 351 2075 mensarum,
379 2018 454 2077 quas
483 2001 596 2078 primas
626 1999 654 2060 ei
684 2000 818 2062 exhibuit
846 2002 879 2061 in
901 2002 1057 2064 Herculeis
1088 2004 1189 2079 sacris,

167 2108 243 2166 quas
273 2089 350 2149 adiit
379 2093 505 2166 primes,
535 2089 572 2148 ad
602 2108 678 2168 quas
707 2092 791 2151 venit
819 2091 991 2171 incognitus
1020 2093 1190 2171 quibusque

120 2195 149 2235 ro
167 2179 298 2254 advena,
321 2198 388 2238 cum
411 2180 541 2255 veniret,
563 2183 705 2257 exceptus
724 2183 777 2240 est.
814 2181 920 2241 harum
939 2187 1054 2259 quanta
1071 2184 1189 2262 religio,

167 2288 259 2347 quam
273 2269 384 2328 mensis
402 2270 509 2328 ceteris
526 2270 636 2345 potior,
655 2288 784 2345 quarum
801 2273 1000 2331 reverentiam
1017 2272 1188 2334 humanitas

166 2357 297 2418 hominis
320 2360 351 2417 et
373 2357 422 2416 dei
444 2358 609 2435 praesentis
632 2360 838 2419 testimonium
862 2360 1083 2437 duplicaverat,
1105 2363 1188 2421 iunc-

166 2451 268 2508 tarum
290 2446 382 2508 etiem
406 2447 595 2507 dexterorum
617 2448 703 2523 fides,
725 2448 793 2508 iura
815 2448 909 2509 initee
932 2449 1085 2509 societatis
1114 2452 1188 2509 ami-

167 2537 317 2614 citiaeque
340 2537 404 2596 sine
428 2536 607 2597 difficultate
630 2539 800 2615 susceptae!
850 2538 924 2597 haec
951 2537 1052 2598 omnia
1075 2538 1188 2614 divisit,

120 2640 148 2680 ss
166 2647 203 2686 ne
227 2625 405 2686 continuate
426 2626 582 2686 foedarent
605 2625 746 2687 dictionis
769 2630 924 2702 ornatum,
951 2629 981 2685 et
1008 2628 1189 2703 interposuit

165 2715 197 2774 in
228 2714 302 2793 ipsis
333 2714 434 2775 omnic
464 2717 535 2776 sunt
565 2715 669 2775 oculis.
715 2734 770 2776 nos
793 2716 848 2775 hoo
871 2717 972 2793 ipsum
994 2718 1132 2793 ponimus
1156 2717 1188 2776 in

166 2803 279 2881 capite,
306 2808 342 2864 ut
370 2804 521 2864 ordinatio
548 2806 754 2865 inlustriorem
783 2806 875 2865 faciat
902 2806 1103 2882 intellectum,
1132 2807 1188 2866 hoc

165 2894 318 2954 moderin
336 2893 411 2971 ipsis
431 2894 532 2954 omnia
550 2896 621 2954 sunt
639 2893 742 2969 oeulis,
761 2894 873 2969 Pallas,
891 2895 1041 2971 Euander,
1060 2915 1188 2971 mensae,

238 3070 254 3118 2
277 3066 420 3132 inflixerat
437 3064 489 3118 VR
511 3065 654 3120 inceseret
676 3064 719 3120 ed.
794 3070 809 3119 '1
829 3066 909 3121 coede
927 3082 999 3121 uoce
1016 3066 1043 3119 n
1065 3067 1098 3121 de
1116 3083 1188 3121 uoco

164 3134 269 3190 VHOU
291 3136 324 3190 de
344 3152 413 3192 uoco
434 3135 478 3191 ed.
507 3136 510 3207 l
539 3137 606 3191 haec
628 3143 667 3193 est
689 3137 722 3190 n.
752 3137 755 3208 l
785 3138 922 3206 exquesita
935 3136 961 3190 V
979 3139 1135 3206 exquaesiio
1154 3138 1186 3191 lt.

164 3213 181 3261 8
201 3208 358 3276 celinquere
374 3206 401 3260 R
418 3224 453 3262 ce
469 3224 565 3279 periere
578 3207 656 3262 VHU
675 3209 800 3263 iuvenire
818 3207 861 3262 ed.
923 3212 939 3261 9
955 3210 1064 3277 primus
1077 3208 1129 3263 VR
1143 3208 1186 3263 ed.

164 3297 199 3334 ex
221 3277 338 3346 interpr.
358 3278 473 3333 correxi.
504 3279 507 3350 l
542 3279 655 3335 deetm
674 3297 745 3350 quac
760 3277 820 3335 VR.
894 3285 926 3334 11
946 3282 1123 3335 inmaturum
1143 3280 1186 3335 ed.

165 3356 199 3405 13
218 3350 279 3405 seui
291 3349 343 3403 VR
360 3352 433 3406 serait
449 3367 500 3419 pro
518 3352 592 3405 senis
610 3350 654 3409 ed.
672 3352 748 3405 unde
766 3352 824 3418 fuit
842 3350 885 3405 ed.
900 3353 972 3420 post.
1031 3358 1063 3405 17
1078 3354 1188 3421 primas

163 3429 231 3477 twa
244 3420 296 3475 Vit
310 3422 421 3490 pamas
438 3428 458 3478 t.
477 3422 520 3477 ed.
596 3426 629 3475 18
648 3439 717 3491 quas
731 3425 839 3492 primos
852 3421 904 3475 VR
922 3439 991 3491 qaas
1009 3423 1052 3478 ed.
1081 3433 1084 3494 Ι
1113 3424 1186 3479 Her-

163 3494 235 3549 culis
253 3492 297 3547 ed.
367 3497 399 3546 19
414 3495 524 3562 prim
541 3492 572 3547 in
589 3510 640 3547 -as
658 3509 727 3548 corr.
742 3493 769 3548 V
784 3495 893 3562 primus
911 3494 937 3548 R
955 3493 998 3548 ed.
1014 3495 1122 3563 primas
1139 3494 1186 3549 hic

163 3579 277 3633 quoque
300 3562 414 3633 scripsi,
436 3580 503 3619 nam
525 3565 682 3636 incoquit&
699 3581 756 3619 non
775 3564 882 3631 obstet,
907 3565 974 3635 quia
992 3565 1062 3620 Don.
1081 3567 1190 3635 priums

163 3652 220 3690 non
243 3634 350 3704 primas
373 3635 403 3689 iu
425 3635 519 3703 Latio,
539 3635 589 3692 sed
606 3635 733 3707 primum
748 3635 906 3711 intellegit.
977 3642 1017 3692 ‘uo
1030 3635 1213 3693 paruuli&

158 3709 256 3760 horam
273 3706 315 3759 ed,
340 3708 352 3775 l
376 3708 478 3779 relepio
494 3708 551 3765 VR.
629 3717 666 3770 21
687 3730 775 3786 quom
787 3711 845 3769 uu
866 3718 1012 3786 querutum
1032 3710 1082 3765 eu.
