2725 4150
183 336 249 400 224
468 331 609 387 DONATI
625 331 795 387 INTERPR.
810 330 919 386 VERG.

182 502 385 578 appellatione
416 503 561 575 matrum,
592 503 629 560 ut
660 501 696 559 de
726 500 786 560 isto
815 500 970 559 intellectu
1001 518 1063 559 non
1095 497 1203 559 debeat

182 589 328 667 dubitari3
355 592 453 650 mater
479 590 559 649 enim
585 588 645 649 dici
672 608 733 648 non
759 592 861 665 potest
887 589 947 649 nisi
969 608 1060 665 quam
1083 591 1204 649 constat

180 682 340 758 peperisse.
386 681 570 754 captiuosque
596 680 679 739 dabit
705 696 817 752 suaque
843 680 979 738 omuibus
1008 695 1109 738 ormo:
1134 697 1204 739 cum

180 769 310 829 istorum
338 789 398 828 non
428 770 532 828 definit
561 768 776 846 quantitatem,
802 771 837 827 ut
862 767 894 826 in
918 768 1094 827 mulieribus
1121 767 1203 842 fecit,

181 859 368 938 intellegitur
385 859 475 917 etiam
490 859 573 936 ipsos
591 857 748 919 duodecim
766 859 948 934 promisisse,
966 856 1051 916 utin
1068 857 1202 916 mulieri·
1233 875 1245 916 s

180 948 237 1008 bus
259 968 295 1008 ac
316 947 390 1008 viris
416 947 498 1006 idem
520 965 662 1007 numerus
685 950 848 1006 teneretur.
892 949 1015 1019 insuper
1036 947 1082 1005 ius
1105 947 1204 1019 campi

181 1038 258 1109 quod
279 1054 331 1096 rex
353 1037 439 1097 babet
459 1039 523 1110 ipsc
544 1037 690 1096 Latinus:
716 1036 807 1096 huius
835 1037 935 1113 campi
961 1037 1059 1095 tacere
1082 1034 1203 1096 videtur

181 1128 492 1186 commemorationem
515 1119 604 1203 quem
626 1124 772 1185 tuendum
794 1124 921 1185 Latinus
943 1124 1110 1184 crediderat
1127 1125 1202 1202 Tyr·

180 1216 249 1291 rh03
280 1234 424 1293 magnum
456 1215 568 1292 quippe
599 1215 736 1275 futurum
768 1233 831 1274 esse
861 1214 1019 1275 constabat
1049 1213 1202 1290 possidere

181 1305 261 1381 quod
283 1305 438 1365 habuisset
459 1324 519 1364 rex.
555 1306 587 1363 in
610 1305 797 1381 possessione
819 1307 899 1382 regis
923 1323 958 1363 ex
981 1306 1085 1379 aperto
1108 1304 1202 1382 signi-
1221 1323 1246 1363 ro

180 1394 289 1453 ficetur
315 1395 407 1454 etium
435 1393 566 1454 latitudo
595 1397 753 1454 terrarum.
793 1395 910 1452 interea
936 1411 1001 1452 mos
1029 1395 1135 1470 poetae
1164 1391 1203 1453 ad

180 1484 382 1544 imitationem
399 1483 571 1543 retinendus
591 1485 649 1559 est,
672 1482 725 1542 ubi
743 1483 822 1542 enim
840 1483 936 1542 multu
954 1480 1105 1541 narranda
1123 1485 1203 1558 sunt,

179 1591 217 1632 ne
240 1573 427 1634 continuatio
449 1572 607 1633 fastidium
625 1573 739 1650 pariat,
761 1572 835 1632 haec
854 1571 963 1632 dividit
984 1571 1203 1648 interponendo

180 1663 309 1740 aliquid,
340 1665 443 1722 tamen
475 1663 557 1739 quod
588 1681 649 1721 non
681 1663 722 1725 sit
754 1660 893 1721 alienum.
937 1679 1008 1719 nam
1039 1661 1072 1719 in
1103 1660 1204 1721 media

180 1753 403 1812 enumeratione
416 1771 573 1811 munerum
586 1750 767 1827 interposuit
780 1751 927 1826 excipiam
940 1750 1024 1824 sorti,
1042 1751 1105 1808 iam
1122 1768 1204 1810 nuuc
1222 1767 1246 1810 rs

179 1843 234 1900 tua
251 1841 398 1918 praemia,
421 1840 502 1900 Nise.
539 1842 606 1917 quis
627 1859 688 1899 non
706 1840 904 1900 arbitraretur
922 1840 1091 1916 conpletum
1108 1839 1202 1901 fuisse

105 1954 107 1958 ·
180 1932 436 1990 enumerationem
453 1929 574 2006 ipsam?
610 1928 694 1990 venit
712 1929 752 1987 ed
770 1929 832 1988 alia
850 1931 881 1989 et
898 1928 1016 1988 addidit
1038 1930 1202 2004 praeterea,

180 2037 247 2079 cum
274 2022 376 2096 posset
403 2021 578 2079 continuare
607 2021 637 2079 et
665 2019 810 2096 conpletis
838 2018 975 2078 omnibus
1002 2016 1099 2077 dicere
1129 2018 1203 2079 baec

118 2109 384 2185 superantibus,
406 2110 541 2187 praemia
562 2112 626 2169 tua.
662 2114 689 2167 tc
710 2126 791 2178 cero,
814 2126 880 2167 mea
902 2125 986 2182 quoru
1007 2109 1114 2181 spatiis
1130 2125 1203 2182 pro·

173 2199 312 2272 pleribus
334 2203 416 2257 auus
437 2199 609 2273 insequitur,
632 2198 797 2257 coemendo
817 2215 901 2271 puer,
928 2198 991 2256 iam
1011 2201 1128 2270 pectore
1146 2202 1202 2257 toto
1220 2214 1247 2256 so

179 2288 290 2360 arepto
314 2292 340 2346 ct
357 2289 487 2347 comitem
505 2305 592 2347 cocus
611 2288 823 2361 conplectcrer
840 2288 951 2359 omnia
973 2286 1103 2346 multum
1121 2289 1201 2346 enim

179 2378 261 2437 valet
292 2375 331 2435 ad
363 2377 600 2436 confirmandum
628 2376 783 2455 religionis
813 2376 964 2435 adfectum
994 2378 1077 2435 aetas
1106 2377 1201 2437 aetati

179 2468 371 2525 conveniens:
400 2466 471 2526 inde
498 2465 542 2525 ait
568 2470 613 2543 te,
643 2466 789 2541 Euryale,
820 2468 964 2540 quoniam
991 2467 1073 2525 aetas
1097 2469 1201 2525 nostra

179 2574 271 2631 propc
291 2556 426 2631 aequalis
445 2560 499 2631 est,
521 2554 563 2615 sic
581 2558 655 2617 totis
674 2556 790 2632 accipio
805 2554 941 2614 sensibus
954 2555 1038 2629 meis,
1057 2556 1201 2630 quoniam

179 2662 247 2720 spes
270 2644 379 2704 abhinc
405 2649 476 2705 tuae
503 2646 626 2705 virtutis
653 2647 793 2722 apparet,
822 2643 862 2703 sis
890 2644 964 2702 mihi
988 2662 1084 2704 comes
1108 2648 1199 2721 atque
1218 2659 1244 2702 se

178 2732 236 2809 ita,
254 2737 290 2793 ut
306 2735 392 2793 nullo
409 2736 482 2793 meis
499 2735 563 2793 une
581 2738 607 2793 te
625 2739 786 2807 reametur
801 2733 897 2807 picria
915 2734 1081 2802 reboasse
1093 2751 1200 2806 pacem

178 2840 232 2882 seu
261 2824 337 2883 bello
364 2841 480 2898 quam:
510 2826 647 2900 tempora
677 2824 779 2882 omnia
810 2821 931 2882 vivendi
963 2823 1124 2899 conplexus
1154 2826 1201 2883 est

179 2911 304 2972 dicendo
327 2931 379 2972 seu
397 2932 502 2990 pacem
520 2930 573 2972 seu
590 2913 671 2972 bella
689 2932 804 2991 geram3
827 2914 950 2971 tertium
969 2911 1048 2970 euim
1066 2930 1126 2971 non
1145 2916 1199 2973 est.

117 3013 170 3063 280
179 3002 233 3061 tibi
254 3004 387 3062 maxima
403 3020 504 3061 rerrcm
525 3003 735 3075 vocemnque
756 3001 845 3074 rides:
868 3020 899 3061 es
922 3001 1001 3060 enim
1024 3004 1140 3076 tantus,
1164 3005 1200 3062 ut

178 3090 237 3150 tibi
254 3094 323 3151 tuto
342 3093 569 3151 committantur
587 3090 713 3152 consilia
730 3092 814 3168 pacis
833 3109 868 3149 ac
886 3089 966 3150 belli.
1001 3095 1101 3150 contra
1116 3108 1200 3164 quen
1217 3105 1243 3146 so

252 3304 267 3352 3
287 3300 500 3367 captiuosque-
508 3315 588 3353 amsa
601 3297 739 3365 superiori
752 3296 880 3350 lemmati
894 3296 1017 3362 addidit,
1031 3297 1199 3366 interpreta-

178 3368 286 3424 tionem
303 3372 409 3424 temerc
427 3371 496 3423 mut.
511 3368 555 3423 ed.
611 3375 627 3422 6
644 3369 688 3423 tis
701 3367 728 3422 V
745 3368 776 3422 id
794 3366 837 3422 ed
891 3372 908 3420 8
925 3369 1019 3438 tyrrbo
1032 3367 1059 3422 V
1072 3386 1199 3438 campum

179 3441 223 3496 ed.
275 3442 445 3510 epossiderc
463 3457 517 3495 om.
532 3441 576 3494 ed.
628 3445 662 3492 14
680 3439 753 3508 quod
766 3438 914 3495 tommed.
964 3444 996 3491 15
1015 3439 1199 3495 aumerumV

179 3513 223 3567 cd.
242 3530 386 3568 mueronem
404 3528 463 3567 nos.
526 3517 558 3565 li
578 3518 604 3566 ct
621 3509 772 3567 addiditV
788 3511 872 3566 rediit
890 3510 933 3564 ed.
996 3513 1198 3579 repraestare

178 3583 276 3638 bieaV.
332 3590 365 3638 22
384 3584 423 3638 ad
440 3582 617 3638 ochorr.
633 3583 676 3636 cd.
733 3587 767 3637 28
786 3582 884 3637 ἀιίπάε
902 3581 945 3636 ed.
1006 3584 1198 3651 coaequetur

164 3660 201 3705 ut
212 3671 267 3709 om,
279 3655 324 3710 ed.
390 3660 426 3712 26
439 3661 592 3726 quereretur
605 3653 631 3709 V
646 3657 772 3726 (propter
784 3661 816 3709 ut
829 3653 905 3722 quod
918 3653 1073 3721 praecedit)
1087 3670 1198 3722 quaec·

149 3726 203 3774 lm·
226 3724 308 3797 Verg.
330 3727 404 3785 libri
422 3729 467 3788 cd.
