2725 4150
537 332 802 388 nmnmosvin
1119 337 1181 402 171

162 503 263 561 eadem
284 502 408 575 supplem
430 503 529 560 aenio:
551 502 656 561 eadem
677 502 736 561 hoc
753 503 800 561 est
818 521 896 578 quae
913 503 985 562 tuno
1003 504 1087 562 tacui
1104 521 1183 562 nuuc

161 591 329 651 necessario
353 593 383 649 et
406 591 584 667 oportunius
607 609 690 670 rogo.
721 589 827 666 [amm
848 589 936 666 rogo]
951 593 1082 667 oenatria
1099 596 1184 651 nato:
1254 627 1258 633 ·

163 681 286 740 dicendo
301 699 362 739 non
375 680 541 754 hominum,
555 681 607 739 sed
626 681 881 740 necessitudinum
898 682 1022 739 nomina
1039 679 1184 740 maiorem

161 771 386 829 miserationem
412 769 508 829 movit
535 787 570 828 ac
597 769 751 829 subtiliter
776 769 842 829 visu
869 772 915 829 est
942 769 1038 829 dicere
1062 771 1088 828 si
1111 789 1185 829 uxor

132 863 215 918 etna
233 878 294 918 non
313 877 421 933 essem,
443 862 558 932 tamen,
582 859 656 935 quia
676 863 775 918 mater
796 877 851 936 pro
873 859 935 918 filio
958 862 1043 935 peto,
1066 858 1185 918 etiamsi

162 950 291 1007 extrario
318 967 470 1026 rogarem,
498 948 606 1007 mereri
632 947 803 1010 debueram.
854 951 932 1007 certe
955 952 1103 1025 quantum
1124 948 1186 1007 fuit

162 1038 272 1096 subtile
303 1056 454 1097 removere
487 1036 591 1097 odiosa
622 1037 746 1098 nomina
777 1037 879 1097 vitrici
910 1039 1001 1115 atque
1037 1037 1184 1116 privigni!

164 1127 251 1203 quasi
273 1129 303 1185 et
325 1125 403 1185 illud
426 1126 535 1186 dixisse
558 1126 724 1186 videretur:
751 1147 806 1206 ego
834 1145 912 1186 uxor
938 1147 957 1186 a
984 1130 1015 1186 te
1037 1127 1185 1204 inpetrem

163 1236 217 1292 pro
240 1216 302 1274 filio
325 1235 391 1274 meo
415 1215 498 1291 quod
520 1217 661 1294 privigno
684 1218 738 1276 tuo
761 1236 822 1275 non
844 1217 944 1276 fueras
967 1219 1185 1294 praestaturus.

118 1323 262 1380 marma,
290 1305 404 1381 inquit,
433 1324 521 1383 rogo,
549 1305 660 1380 quibus
690 1307 721 1364 et
749 1305 801 1364 ille
830 1308 916 1364 tutus
944 1324 1007 1365 esse
1037 1305 1133 1382 possit
1155 1308 1186 1364 et

164 1414 241 1471 quae
264 1394 322 1452 tibi
345 1396 387 1454 sit
408 1394 540 1470 proclive
563 1397 725 1470 praestare.
771 1399 798 1452 te
822 1395 889 1465 filia
911 1395 1013 1464 Nerei,
1042 1399 1068 1453 te
1089 1396 1187 1468 potuit

164 1485 294 1542 lacrimis
314 1485 452 1542 Tithonia
469 1486 581 1555 flectere
604 1485 747 1567 coctana:
765 1486 972 1542 extranearum
990 1502 1186 1559 personamm

164 1573 253 1631 datm
271 1574 452 1650 exemplum,
470 1576 506 1631 ut
526 1573 605 1648 quod
623 1573 685 1631 illis
703 1572 792 1631 facile
810 1572 991 1648 praestitum
1005 1576 1051 1631 est
1064 1572 1185 1632 facilius

164 1664 333 1736 praestetur
354 1662 448 1721 uxori.
495 1664 593 1735 aspice
620 1663 670 1734 qai
698 1665 799 1720 meunt
821 1661 938 1735 populi,
969 1678 1044 1733 qaae
1070 1663 1248 1722 mentatio

121 1768 146 1806 ra
166 1751 274 1808 clausis
296 1751 409 1822 ferram
432 1755 542 1810 amant
563 1752 659 1824 portis
686 1752 720 1808 m
743 1768 789 1809 me
816 1750 1016 1822 excidiumque
1041 1767 1186 1809 meorum:

166 1839 312 1916 epilogica
334 1840 440 1915 dictio,
464 1858 556 1915 quam
578 1839 689 1899 idcirco
709 1840 748 1898 ud
766 1840 856 1899 finem
874 1839 1007 1914 distulit,
1025 1843 1062 1898 ut
1078 1840 1185 1898 melius

164 1928 259 2004 partis
282 1930 482 1989 miserationis
505 1931 641 2004 inpleret.
679 1928 803 1988 dicendo
828 1930 930 1988 autem
953 1931 1007 2005 qui
1028 1929 1135 2005 populi
1157 1933 1188 1988 et

165 2037 242 2095 quae
264 2019 353 2079 urbes
375 2018 603 2079 multitudinem
626 2022 658 2079 et
678 2019 832 2079 feritatem
855 2020 993 2097 gentium
1015 2021 1045 2079 et
1067 2018 1187 2079 urbium

163 2109 403 2186 magnitudinem
429 2111 461 2167 in
491 2108 719 2185 pronominibus
747 2109 862 2169 duobus
890 2110 987 2169 voluit
1009 2110 1187 2187 significare.

119 2198 244 2272 eoquod
270 2217 340 2258 vero
367 2199 533 2274 inperfecta
561 2200 658 2274 specie
684 2199 762 2257 dixit
784 2202 902 2274 coeant,
929 2197 1007 2257 illud
1032 2198 1188 2275 expressit,

164 2287 244 2363 quod
280 2288 379 2346 adhuc
415 2288 640 2365 colligerentur,
678 2307 756 2363 quae
788 2307 834 2348 res
868 2288 989 2346 creabat
1024 2288 1188 2346 maximum

163 2380 290 2450 metum,
314 2396 382 2435 cum
404 2397 457 2453 per
480 2377 543 2436 dies
567 2378 703 2454 singulos
726 2377 887 2436 metuenda
911 2376 1090 2436 crescebant.
1131 2376 1188 2434 hoc

163 2466 244 2523 idem
271 2466 422 2544 significat
449 2468 480 2525 et
502 2470 627 2542 acuant,
651 2465 795 2543 quicquid
819 2466 899 2524 enim
922 2465 1120 2542 inperfectum
1143 2469 1189 2525 est

164 2556 233 2630 plus
263 2555 356 2614 habet
384 2556 516 2630 timoris,
545 2556 616 2614 dum
645 2556 793 2613 malorum
821 2557 960 2631 speratur
983 2556 1187 2631 augmentum.

120 2661 145 2701 aa
165 2644 283 2703 addidit
305 2644 405 2721 aspice
428 2647 551 2721 propter
568 2645 658 2703 fidem
676 2643 765 2703 dictis
785 2643 846 2703 suis
865 2643 1047 2717 faciendam,
1065 2646 1101 2701 ut
1120 2662 1187 2719 pro·

164 2733 272 2793 barent
295 2734 376 2793 oculi
399 2733 462 2794 eius
487 2754 563 2810 quae
587 2734 716 2793 dolentis
740 2733 875 2792 animum
892 2734 1083 2807 mentemque
1101 2732 1188 2791 ferie-

164 2822 247 2881 bant.
278 2823 352 2882 haec
366 2825 467 2882 omnia
481 2823 591 2882 clausis
609 2823 706 2900 portis
724 2822 790 2881 fieri
807 2823 919 2881 maiore
938 2824 1022 2881 metu
1039 2821 1189 2896 firmabat,

164 2912 373 2971 insistentibus
397 2914 450 2987 qui
472 2912 590 2990 gladios
612 2912 724 2970 inclusi
742 2911 901 2985 acuebant,
920 2913 956 2971 ut
973 2911 1076 2970 nullus
1099 2911 1189 2971 sciret

165 3001 238 3075 quid
252 3004 397 3078 gererent.
417 3002 449 3059 in
464 3002 625 3079 perniciem
638 3020 737 3060 meam
750 3019 952 3078 meorumque,
965 3001 1073 3077 inquit,
1087 3002 1189 3078 parari

119 3106 146 3145 eo
164 3092 306 3150 universa
329 3092 523 3150 manifestum
547 3093 605 3150 est:
627 3090 703 3149 haec
720 3110 829 3168 magna
848 3093 912 3150 arte
931 3093 1004 3150 sunt
1022 3091 1138 3165 addita,
1156 3090 1189 3148 in

164 3200 211 3238 me
236 3180 442 3255 excidiumque
466 3199 613 3254 meorum3
635 3179 736 3238 iunxit
758 3180 838 3238 enim
859 3181 980 3258 negotio
1004 3181 1096 3239 etiam
1123 3199 1188 3255 per·

238 3373 252 3420 1
272 3370 351 3422 acaia
364 3366 391 3420 V
409 3374 434 3422 et
450 3374 689 3423 summam—mato
708 3366 774 3422 add.
789 3368 832 3421 ed.
886 3373 902 3421 2
921 3369 1045 3438 genetrix
1057 3372 1123 3421 mato
1137 3382 1188 3435 pro

165 3439 297 3492 lemmate
326 3439 462 3508 scriptum
485 3439 516 3492 in
536 3438 562 3492 V
585 3456 665 3494 arma
687 3455 752 3509 rogo
777 3439 908 3508 praefixi,
932 3437 1000 3507 quia
1023 3437 1187 3506 explicatur.

166 3515 181 3562 5
202 3517 252 3565 tua
270 3527 324 3563 om,
340 3510 382 3564 ed.
442 3517 458 3565 6
477 3512 604 3565 extranta
617 3509 644 3564 V
662 3512 783 3565 extrario
801 3528 852 3565 nos
871 3510 906 3564 cf.
923 3516 947 3576 1,
959 3514 1010 3564 359
1030 3516 1189 3564 eatammm

166 3581 210 3636 ed.
263 3584 439 3636 'immicum
458 3581 502 3636 ed.
549 3587 772 3651 9praestatmos
785 3581 819 3637 V.
867 3586 900 3635 10
914 3580 1045 3650 paesetV
1059 3597 1128 3635 corr.
1144 3580 1189 3635 ed.

167 3658 201 3705 20
219 3654 406 3721 imperfectam
422 3656 538 3722 speciem
556 3654 600 3709 ed.
660 3658 694 3710 21
716 3652 852 3726 omrai
871 3669 945 3709 oum.
958 3652 1007 3706 ed.
1057 3656 1099 3703 ‘tt
1117 3651 1210 3717 stuat-

156 3726 248 3785 sicam
263 3723 366 3778 Vcorr.
383 3724 425 3778 ed.
503 3732 540 3783 24
557 3734 655 3800 eperat
674 3727 721 3786 ed.
797 3733 835 3785 at
858 3725 1030 3797 affirmabat
1048 3720 1100 3774 ab.
