2725 4150
563 330 792 387 musmosx
1123 334 1190 402 295

168 500 271 578 periit,
302 499 416 577 inquit,
449 501 576 579 antiqua
608 501 701 561 Troia
732 519 786 560 uec
819 500 946 561 alteram
975 502 1093 561 renasci
1124 520 1190 578 per-

168 589 314 666 mittitur3
331 589 455 650 recessit
468 589 651 651 Graecorum
668 589 823 665 exercitus,
843 590 895 669 qui
912 592 1041 650 stantem
1060 589 1191 668 perdidit

168 679 312 756 petriam,
349 680 426 740 alter
460 680 598 755 inminet,
635 698 671 739 ue
708 678 842 740 recidiva
877 682 1048 758 consurgat.
1106 683 1191 754 werce

167 770 274 828 iterum
302 769 336 827 ic
366 769 493 828 Teucros
522 769 635 828 Aetolia
663 770 759 844 acepit
787 769 825 828 ab
847 767 942 843 Arpis
966 768 1108 844 Tydides:
1130 788 1191 828 uon

137 857 246 935 sipse,
273 858 326 918 aed
353 857 391 918 ad
417 859 513 935 ipsius
541 857 772 918 similitudinem
799 859 886 918 alius.
939 858 1070 933 equidem
1098 858 1190 927 ceco,

168 965 234 1007 mea
262 948 387 1006 calcem
415 951 541 1007 restant:
570 967 589 1008 a
617 947 763 1008 Diomede
794 948 873 1007 euim
896 947 1006 1007 dicitur
1032 948 1192 1008 vulnerata

166 1055 204 1096 ac
233 1056 286 1113 per
315 1037 384 1111 hoc,
414 1037 441 1096 si
470 1037 649 1114 sperabatur
679 1038 759 1097 alius
789 1055 956 1097 emersurus
982 1037 1015 1096 iu
1038 1036 1192 1097 Diomedis

170 1127 277 1201 vicem,
308 1126 380 1201 qnid
410 1128 577 1203 supererat,
607 1127 667 1187 nisi
696 1130 732 1187 ut
759 1127 899 1187 humanis
925 1126 1066 1186 manibus
1089 1125 1191 1186 Venus

168 1216 278 1275 iterum
311 1214 500 1275 laederetur?
551 1215 632 1292 quod
665 1214 742 1275 dixit
775 1235 842 1275 mea
875 1216 1013 1292 vulnera,
1047 1217 1115 1293 ipsa
1144 1236 1192 1275 ex·

124 1305 271 1381 reposuit
300 1304 375 1379 quid
408 1305 440 1363 in
473 1303 647 1382 pronomine
685 1304 791 1364 debeat
824 1305 961 1383 intellegi
994 1304 1130 1365 addendo
1167 1308 1194 1364 et
1212 1315 1246 1366 80

169 1398 222 1452 luc
249 1394 405 1468 preparatas
433 1394 572 1453 mortalia
608 1393 741 1454 demoror
772 1411 873 1454 arma:
909 1393 1093 1471 pronominis
1130 1394 1193 1454 vim
1229 1444 1231 1448 Α

170 1483 294 1542 alterius
316 1482 501 1559 pronominis
525 1481 697 1543 substantia
720 1483 870 1560 patefecit.
916 1502 987 1542 nam
1010 1482 1093 1560 quod
1116 1483 1193 1543 dixit

169 1591 236 1631 mea
259 1572 396 1646 vulnera,
419 1573 476 1632 hoc
499 1573 638 1650 exposuit
660 1571 785 1632 dicendo
809 1574 839 1631 et
866 1575 921 1631 tua
943 1573 1110 1649 progenies.
1156 1575 1192 1647 si,

169 1659 285 1737 inquit,
315 1664 518 1737 contemptum
547 1664 594 1721 est
622 1663 654 1721 in
684 1681 731 1721 me
754 1660 896 1720 meritum
918 1680 1019 1720 meum
1040 1663 1073 1719 in
1095 1660 1192 1736 primo

125 1767 151 1808 re
169 1751 302 1825 vulnere,
316 1750 365 1809 vel
378 1769 458 1810 nunc
471 1751 549 1810 nihil
563 1751 625 1811 tale
644 1750 733 1810 debet
750 1749 866 1824 exoriri,
883 1751 956 1825 quie
969 1750 1034 1809 filia
1047 1751 1103 1808 tua
1117 1767 1192 1809 sum.

169 1841 197 1899 si
219 1841 283 1898 sinc
303 1856 377 1912 poce
399 1844 452 1900 toa
474 1844 560 1914 cloec
582 1841 673 1899 incito
691 1841 813 1899 eucine
831 1839 922 1899 Troes
940 1839 1065 1899 Italiam
1074 1840 1192 1914 petiere,

170 1930 256 1989 becco
262 1933 386 2001 peccato
398 1946 490 2002 neque
503 1929 569 1988 illos
582 1929 693 1988 doceis
707 1930 833 1989 auxilio:
847 1947 952 1990 secura
968 1929 1043 1989 haec
1062 1927 1193 2005 dicebat3

170 2018 247 2078 nihil
270 2019 348 2077 enim
371 2018 486 2079 factum
509 2020 556 2079 est
577 2017 637 2079 nisi
660 2038 697 2078 ex
724 2019 788 2080 eius
816 2019 981 2080 voluntate.
1032 2022 1125 2095 certe,
1147 2020 1192 2078 in·

169 2110 249 2186 quit,
279 2107 306 2168 si
335 2111 439 2168 contra
468 2109 649 2168 sententiam
677 2112 763 2170 tuam
793 2109 917 2170 Troiani
946 2109 1083 2169 feceruut
1103 2110 1135 2168 iu
1158 2127 1193 2168 eo

125 2198 244 2274 acquic
272 2200 419 2256 venerunt
448 2199 488 2257 ad
516 2197 653 2272 Italiam,
682 2217 737 2259 uec
766 2198 918 2259 intercedo
945 2217 999 2258 nec
1021 2217 1109 2277 rogo,
1131 2197 1195 2257 noli

169 2287 274 2346 iuvare
297 2287 439 2362 inprobos
458 2290 488 2347 et
507 2286 691 2349 contumacis
711 2287 863 2366 extingue:
888 2307 940 2347 cur
956 2287 1005 2347 illi
1022 2307 1083 2347 non
1100 2307 1193 2347 mere-

170 2379 261 2436 antur
282 2376 451 2451 interituru,
474 2378 502 2436 si
523 2379 554 2436 te
576 2376 672 2437 invito
696 2376 813 2455 aliquid
832 2376 900 2437 ausi
918 2375 1120 2455 deteguntur?
1146 2377 1195 2435 sebe

170 2470 210 2524 tet
239 2482 382 2539 respousa
413 2467 516 2535 secuti,
549 2484 624 2539 quac
655 2468 757 2540 superi
788 2483 945 2538 monesque
977 2466 1103 2525 dobant:
1139 2482 1194 2541 pro

169 2557 292 2632 peccato
321 2554 433 2614 habent
461 2556 534 2631 quic
561 2556 716 2632 praedicta
739 2556 849 2615 totiens
878 2558 908 2614 et
934 2556 982 2614 tot
1005 2554 1127 2613 deorum
1149 2573 1194 2612 re·

124 2659 151 2700 uc
170 2663 281 2720 sponsa
310 2645 418 2704 sectati
447 2648 519 2704 sunt
548 2648 578 2703 et
607 2645 723 2704 monita
746 2664 781 2703 ex
803 2644 929 2703 inferuis
952 2642 1089 2720 partibus
1114 2643 1194 2702 data.

171 2751 223 2793 cur
245 2751 325 2793 cunc
347 2738 399 2793 teo
422 2735 578 2807 qaisquam
599 2737 709 2793 certem
731 2734 816 2792 icccc
838 2736 934 2806 potest
960 2736 1013 2792 aot
1039 2750 1092 2791 ecc
1118 2749 1196 2792 noco
1214 2741 1248 2791 oc

171 2823 292 2882 condere
313 2824 401 2896 fcta?
434 2822 516 2900 quis,
539 2822 596 2897 ait,
619 2824 677 2882 iste
701 2827 746 2881 est
768 2824 799 2881 te
821 2824 923 2898 potior
945 2820 995 2882 cui
1017 2822 1087 2882 licet
1110 2825 1195 2881 tuam

170 2911 289 2971 abolere
319 2912 499 2971 sententiam
531 2914 586 2971 aut
614 2929 694 2970 nova
723 2911 789 2970 fata
818 2909 1022 2971 conscribere?
1068 2911 1127 2971 duo
1150 2909 1195 2970 in-

170 3001 255 3060 licita
285 3001 402 3077 posuit3
431 3003 509 3061 verti
539 3001 618 3059 enirn
647 3020 709 3059 nou
734 2999 838 3059 debuit
867 3001 949 3077 quod
975 2999 1109 3075 oportuit
1132 3018 1195 3059 esse

125 3104 152 3144 co
171 3093 350 3166 perpetuum
381 3092 411 3149 et
439 3090 517 3149 nihil
546 3089 638 3150 statui
669 3109 781 3150 novum
808 3092 912 3149 contra
934 3089 1069 3148 instituti
1086 3088 1195 3149 veteris

170 3181 304 3238 formam.
351 3178 471 3258 signato
495 3182 597 3239 autem
624 3179 714 3239 verbo
741 3197 813 3239 usus
842 3180 887 3237 est
914 3177 1038 3238 di'cendo
1065 3180 1195 3254 verter03

171 3270 253 3344 quod
275 3268 404 3328 vertitur
427 3269 507 3327 euim
529 3269 645 3328 nullam
668 3287 752 3345 spem
773 3266 957 3345 reparandae
975 3268 1018 3327 rei
1037 3267 1195 3346 significat.

245 3446 258 3492 1
270 3441 345 3508 perit
354 3438 406 3493 VR
420 3455 489 3493 corr.
500 3439 543 3493 ed.
564 3439 567 3509 l
590 3440 748 3493 admittitor
762 3438 805 3493 ed.
861 3444 877 3492 2
896 3440 958 3507 ocis
971 3444 1073 3494 tactem
1083 3436 1134 3490 VR
1148 3439 1196 3507 qai

171 3512 283 3565 tandem
301 3510 344 3564 ed.
400 3516 529 3580 decerpet
545 3510 579 3563 R.
636 3516 670 3564 14
689 3509 793 3565 eetVR
810 3511 867 3577 fuit
885 3510 929 3564 ed.
986 3515 1019 3563 16
1038 3510 1148 3564 nominc
1161 3508 1194 3562 V.

172 3581 367 3636 cravasca
381 3582 424 3635 ed.
471 3581 632 3636 licuerit.
679 3586 905 3649 temoccsqcac
918 3581 951 3634 R.
1003 3579 1210 3701 mamam

172 3670 236 3706 cum
250 3653 347 3707 rasit.
398 3658 431 3707 29
445 3652 553 3707 cctiR
566 3651 771 3709 ccrchertcrc
785 3652 830 3709 ed.
881 3657 916 3707 tt
931 3652 1152 3723 stercuto—dice

172 3741 224 3777 om.
236 3725 277 3776 ed,
328 3729 366 3776 32
375 3724 568 3792 quod-cmm
583 3743 638 3783 om.
650 3725 694 3785 ed.
708 3725 714 3803 l
729 3724 877 3785 collavit
886 3724 1021 3783 conred.
1030 3716 1233 3796 trepurouudo
