2725 4150
533 283 716 340 AENEIDOS
735 283 774 338 XI
1097 285 1163 353 463

145 452 272 529 denique
301 451 412 511 idcirco
440 451 559 512 addidit
580 453 666 530 regni
694 451 826 530 insignia
854 453 963 527 nostri,
991 454 1028 512 nt
1048 455 1165 529 pateret

146 543 251 603 sellam
280 543 310 599 et
336 542 472 602 trabeam
502 540 573 601 solis
601 559 665 602 esse
692 541 812 620 regibus
840 541 1028 602 attributam.
1073 541 1165 602 missa

146 633 218 691 sunt
240 632 313 705 ists,
340 633 377 689 ut
399 632 461 690 slis
488 633 633 709 augerent
654 649 742 707 opes,
771 630 963 691 ostenderent
984 630 1047 690 alia
1070 628 1165 708 digni·

146 723 248 780 tatem.
285 738 351 779 ecce
374 720 492 780 animus
515 719 648 797 optantis
671 739 790 798 pacem:
812 739 937 779 munera
963 719 1048 780 misit
1070 722 1100 778 et
1121 738 1165 779 re·

116 811 222 888 egeris
254 811 413 884 potestatis
444 809 588 888 insignia,
619 811 655 869 ut
686 828 722 868 ex
752 809 800 869 his
831 809 1019 888 intellegeret
1048 808 1165 869 Aeneas

146 899 248 958 Latini
265 899 422 958 voluntate
442 902 473 957 et
490 899 638 959 Italorum
656 916 688 959 se
711 899 743 958 in
761 919 887 977 regnum
903 916 967 959 esse
985 901 1166 975 susceptum.

146 988 285 1048 consulite
306 989 339 1046 r'rs
360 988 490 1047 mediam
511 992 539 1047 et
554 989 642 1048 rebus
659 990 819 1048 succurrite
835 989 938 1062 fessis:
960 988 1114 1049 consulere
1133 987 1228 1047 insse

146 1078 277 1136 medium
295 1079 341 1136 est
358 1076 483 1137 consilio
496 1078 627 1153 reperire
645 1076 728 1154 qnod
746 1077 883 1138 omnibns
901 1077 1006 1154 prosit.
1042 1078 1166 1156 pulchre

146 1167 305 1226 conclusit:
329 1165 368 1241 si,
390 1167 502 1243 inquit,
526 1186 603 1244 qnae
621 1166 684 1226 dixi
701 1184 761 1225 non
779 1165 921 1227 videntur
938 1186 1002 1228 esse
1019 1168 1166 1243 facienda,

102 1275 128 1314 ro
146 1275 200 1315 vos
222 1257 254 1313 in
273 1257 424 1315 communi
441 1255 574 1332 periculo
591 1255 747 1332 providete
767 1255 841 1333 quid
854 1255 940 1317 fessis
958 1255 1045 1318 rebus
1064 1258 1167 1319 valeat

146 1343 312 1405 subvenire.
358 1345 467 1405 clausit
490 1345 657 1405 orationem
684 1363 782 1420 suam,
810 1345 846 1405 de
869 1345 971 1405 Turno
994 1348 1094 1406 tomen
1116 1345 1167 1408 vel

145 1434 248 1493 Aenea
266 1437 321 1493 sut
338 1433 374 1493 de
392 1434 472 1493 filiae
486 1434 601 1511 nuptiis
619 1434 697 1494 nihil
715 1435 804 1511 dixit,
823 1434 966 1512 quoniam
982 1435 1166 1496 ferventibus

146 1524 262 1582 cunctis
284 1523 430 1583 bellorum
452 1542 575 1584 cansam
596 1526 751 1584 nominare
772 1543 833 1584 non
857 1523 967 1584 debuit.
1004 1523 1065 1583 fnit
1087 1525 1167 1583 enim

145 1613 204 1688 ipsi
226 1611 335 1671 Latino
358 1611 506 1673 invidiosa
529 1615 561 1672 et
582 1631 643 1672 non
666 1612 768 1673 decuit
789 1616 825 1672 nt
847 1613 942 1673 filiam
966 1632 1085 1690 queque
1113 1633 1167 1690 per

103 1702 261 1779 relegatos
286 1702 413 1762 offerret.
447 1701 531 1763 dedit
552 1705 654 1762 tamen
677 1703 782 1763 ceteris
800 1703 882 1764 viam
902 1702 1054 1763 tractandi
1075 1701 1167 1762 etiam

147 1791 182 1849 de
201 1792 282 1867 ipsa,
305 1790 377 1850 dum
394 1791 562 1870 rogandum
579 1792 704 1851 Aenean
722 1791 796 1852 dicit
818 1795 849 1852 et
865 1792 1047 1868 placandum
1064 1810 1167 1852 muns-

146 1880 243 1956 ribns3
270 1899 305 1939 ex
327 1881 374 1940 his
398 1880 511 1959 quippe
537 1881 640 1959 potnit
667 1880 784 1942 adverti
807 1881 881 1959 qnid
906 1883 959 1942 ille
982 1882 1105 1943 sentiret
1130 1881 1166 1941 de

146 1970 262 2047 nuptiis
284 1970 374 2030 filiae.

219 2060 296 2118 Twm
318 2061 453 2119 Drances
475 2058 553 2119 idern
574 2059 723 2134 inferesses,
754 2077 838 2135 qoem
857 2061 955 2136 cleric
978 2062 1074 2122 Torret
1096 2061 1167 2122 obli·

102 2166 128 2206 so
147 2167 206 2221 orca
232 2149 348 2208 incidie
374 2148 556 2224 sternele'sqae
583 2150 715 2225 eqe‘tcbot
741 2150 867 2220 amaris,
896 2151 998 2225 loryas
1026 2169 1115 2225 opwm
1142 2156 1169 2210 ct

148 2240 250 2312 linceo
278 2239 389 2308 melior,
415 2238 467 2297 sed
492 2238 607 2313 friyido
634 2239 706 2299 bello
734 2238 864 2309 certem,
894 2240 1023 2299 consiliis
1049 2240 1167 2299 habitos

146 2345 206 2385 rcere
231 2328 338 2400 foetidis
366 2331 475 2397 cador,
507 2328 646 2387 seditione
668 2332 773 2402 potens
805 2333 910 2403 (cereres
938 2329 1007 2387 haic
1032 2332 1167 2387 maeno
1177 2342 1229 2392 340

145 2418 304 2489 superorare
326 2417 463 2475 nobilitas
481 2416 585 2486 debat,
607 2418 751 2477 incertam
773 2417 808 2477 de
825 2421 914 2491 patre
930 2418 1056 2492 ferebat)
1074 2418 1168 2491 sarcit

147 2510 173 2563 et
198 2506 245 2564 leis
272 2510 374 2564 ecerat
402 2506 487 2565 dictis
516 2510 602 2579 atqee
629 2511 749 2582 wycrct
774 2508 853 2566 ires:
882 2506 1028 2582 Drances,
1059 2505 1167 2583 inquit,

102 2614 128 2654 as
146 2594 227 2655 idem
243 2595 325 2669 ideo,
349 2596 422 2671 quia
440 2598 471 2655 et
488 2614 580 2672 supra
598 2587 694 2679 (220)
714 2596 750 2655 de
769 2597 835 2673 ipso
852 2595 981 2656 dixerat:
1005 2596 1168 2674 „ingravat

145 2684 219 2742 haec
238 2702 344 2745 saevus
362 2683 494 2745 Drances
513 2684 671 2761 solumque
690 2685 792 2746 vocari
809 2687 951 2761 testatur,
970 2686 1067 2745 solum
1084 2686 1168 2762 posci

146 2773 178 2830 in
201 2774 365 2831 certamina
384 2771 549 2833 Turnum“.
581 2774 726 2850 qnoniam
743 2774 824 2834 idem
838 2774 970 2835 Drances
989 2774 1090 2833 Turno
1108 2774 1168 2833 fuit

145 2860 294 2937 infensus,
318 2866 349 2922 et
369 2863 450 2922 hunc
472 2862 601 2941 urgebat
621 2862 737 2924 invidia
755 2863 920 2942 gloriarnm
944 2865 1022 2940 eius,
1045 2863 1167 2939 obliqua

147 2954 248 3010 tamen
275 2971 329 3011 nec
357 2951 389 3010 in
420 2954 555 3029 apertam
581 2952 797 3029 professionem
823 2953 927 3030 ducta,
957 2953 1038 3030 quod
1060 2953 1168 3013 fuisset

102 3060 128 3099 so
147 3040 307 3100 seditiosus
336 3043 367 3100 et
393 3041 475 3103 dives
503 3061 651 3119 quemque
677 3041 840 3103 extollebat
867 3045 1004 3103 materna
1026 3042 1167 3102 nobilitas

220 3253 234 3300 1
254 3254 363 3315 aptaret
375 3246 401 3300 V
415 3246 469 3301 edi
486 3254 595 3316 pateret
612 3264 663 3302 nos
686 3256 822 3318 appareat
839 3249 909 3303 eds.
982 3255 1000 3303 4
1019 3250 1124 3320 recales
1141 3247 1168 3301 V

147 3335 216 3371 corr.
232 3318 276 3372 ed.
332 3324 347 3372 6
366 3320 532 3374 volantatem
551 3320 594 3374 ed.
650 3325 666 3374 8
686 3327 726 3376 est
742 3321 774 3375 e‘rc
793 3321 910 3376 mediam
923 3320 949 3374 V
964 3320 1017 3375 edI
1034 3323 1066 3375 ire
1079 3338 1114 3375 m.
1129 3326 1168 3375 est

147 3389 218 3443 edF.
288 3396 320 3443 11
339 3391 418 3445 terrei
431 3389 457 3443 V
470 3390 514 3444 cd.
536 3392 631 3447 Turno
649 3408 707 3445 nos.
778 3398 810 3446 12
830 3410 916 3448 acesco
929 3392 955 3445 V
973 3394 1082 3447 Aeaeae
1100 3391 1166 3516 edd

146 3462 277 3531 quereiam
290 3461 457 3527 feneratus
470 3461 496 3516 V
513 3464 534 3529 f.
549 3464 621 3518 enim
635 3462 678 3518 ed.
736 3469 769 3517 13
783 3480 869 3519 causo
881 3463 906 3517 V
920 3463 973 3519 edl
991 3480 1090 3519 caesas
1104 3463 1140 3517 ed

146 3550 260 3587 causam
274 3550 324 3587 nos
338 3536 454 3601 propter
466 3534 611 3591 invidiosa.
668 3539 702 3590 15
717 3537 799 3591 ctiam
813 3552 867 3590 om.
878 3535 924 3591 ed.
977 3540 1018 3588 at
1031 3532 1186 3588 aceres.

147 3609 181 3657 23
208 3605 240 3658 de
262 3611 343 3672 patre
367 3605 521 3672 referebant
539 3606 573 3662 V.
648 3612 681 3664 Ἡ
707 3608 914 3677 carn—faerit
935 3606 984 3660 ed.
1056 3606 1098 3655 Ἣ
1124 3597 1206 3666 <siml

141 3676 243 3741 ferisset
257 3675 335 3730 Ved.
353 3694 397 3746 qu.
414 3678 496 3746 fuit?
