2725 4150
214 340 280 406 340
498 334 949 392 uoulrrmraararnao.

212 508 389 580 torrentem,
418 504 571 565 advexisse
600 505 717 563 dirutas
746 503 867 563 arbores
896 505 927 562 st
956 521 1030 563 saxa
1050 522 1096 564 eo
1120 504 1237 565 infinite

213 596 351 669 traxisse,
374 593 508 654 &cadas
530 613 600 653 vero
624 594 740 670 equites
758 611 813 652 nec
831 610 924 670 equos
946 593 1027 653 inter
1048 592 1130 655 haee
1154 613 1237 675 agere

213 703 267 744 nec
288 683 421 760 pedestri
444 685 548 742 contra
570 702 684 742 morem
707 701 795 742 suum
821 700 925 761 pugna
951 685 1068 743 certare
1095 684 1237 759 valuisse,

214 773 338 850 proinde
360 772 393 831 in
415 773 520 851 fugam
538 771 668 848 coepisse
688 770 823 832 converti
840 774 872 831 et
887 773 975 849 terga
992 770 1138 834 hostibus
1158 773 1236 849 dare3

213 863 269 922 hoe
287 861 367 922 enim
383 861 416 920 in
434 860 567 922 adversis
586 879 649 921 esse
663 860 830 921 subsidium
842 861 928 936 solet,
942 863 979 921 ut
992 861 1077 923 salus
1090 862 1237 941 fugiendo
1258 878 1268 919 s

213 954 361 1026 servetur,
385 969 461 1027 quae
484 949 653 1010 dimicando
675 969 736 1009 non
754 953 855 1028 potest
872 949 1036 1026 defensari3
1054 949 1237 1027 Pallantem,

214 1061 281 1101 cum
294 1040 368 1101 haec
381 1039 514 1115 vidisset,
527 1059 608 1099 nunc
625 1057 732 1117 rogare
751 1057 802 1099 eos
820 1058 900 1099 nunc
918 1039 1080 1118 obiurgare
1095 1043 1237 1119 coepisse,

213 1150 250 1189 ne
282 1131 431 1189 desertam
462 1127 576 1207 gloriae
612 1129 788 1206 paterentur
822 1148 978 1206 pompam,
1014 1132 1238 1207 praeponerent

213 1220 319 1297 fugam
341 1222 373 1279 et
393 1218 552 1278 victoriam
569 1218 705 1278 hostibus
723 1217 901 1295 linquerent.
934 1235 989 1291 quo
1006 1219 1131 1293 fucitis,
1150 1220 1237 1281 socii?

152 1318 265 1383 alopas
286 1325 338 1367 vos
361 1313 387 1367 et
408 1309 500 1381 fortia
520 1308 616 1380 facto,
635 1325 692 1382 per
714 1307 798 1366 dacis
820 1307 963 1367 Mandri
984 1324 1092 1367 comen
1112 1309 1268 1371 widdo

214 1415 268 1472 qao
291 1398 365 1457 bello
387 1399 524 1471 operaque
543 1413 652 1465 mecm,
670 1397 791 1471 patriae
813 1413 887 1471 pace
909 1413 990 1455 nanc
1014 1397 1097 1456 subit
1121 1398 1237 1459 aemulo

214 1488 312 1547 madi:
340 1485 439 1545 tenuit
468 1487 569 1546 omnia
598 1504 674 1561 quae
704 1485 866 1545 metuentis
893 1488 1070 1546 revocarent
1091 1487 1237 1566 deditque

215 1575 433 1636 ordinationem
456 1574 688 1650 pulcherrimam
711 1574 799 1635 dictis
823 1576 893 1634 suis.
931 1576 976 1634 ait
999 1576 1117 1653 quippe
1141 1578 1236 1656 primo

213 1667 246 1725 in
259 1666 324 1726 loeo
339 1684 400 1742 quo
414 1663 542 1742 fugitis?
564 1665 621 1723 hoc
635 1667 681 1724 est
694 1662 791 1724 dicere
806 1663 950 1740 adquam
964 1662 1090 1725 tenditis
1110 1670 1237 1743 parbem,

214 1775 284 1814 cum
306 1755 406 1813 omnia
428 1757 551 1814 teneant
572 1752 694 1813 hostes?
717 1772 772 1831 per
788 1772 856 1829 vos3
878 1752 956 1812 nihil
973 1751 1055 1812 enim
1072 1755 1268 1833 unicuiqueo

214 1853 260 1903 est
278 1862 381 1904 carum
399 1861 491 1919 quam
509 1843 573 1920 ipse
592 1842 651 1902 sibi
669 1845 722 1902 est.
752 1842 870 1902 addidit
887 1845 919 1901 et
936 1841 1029 1902 fortia
1047 1842 1149 1905 facta:
1172 1846 1236 1907 bor·

213 1934 273 1993 tari
296 1933 335 1992 ad
356 1931 508 1992 insuetum
537 1935 688 1992 certamen
710 1950 954 2009 unumquemque
981 1934 1027 1991 est
1049 1950 1176 2011 semper
1194 1935 1237 1995 in·

214 2022 330 2097 efficax,
354 2024 457 2082 eontra
480 2021 753 2082 commodissimum
774 2022 849 2082 satis
872 2021 912 2081 ad
933 2020 1092 2099 inplendos
1111 2042 1236 2101 persua·

213 2113 305 2173 sionis
328 2112 449 2171 effeetus
477 2112 611 2188 exempla
637 2111 776 2188 propriae
803 2112 927 2172 virtutis
954 2110 1087 2188 cuipiam
1114 2114 1236 2176 demon·

214 2206 323 2277 strare3
354 2203 455 2278 potest
487 2199 567 2259 euim
598 2220 718 2260 rursum
750 2202 866 2261 vincere
899 2201 953 2277 qui
984 2200 1143 2264 laboribus
1176 2203 1269 2264 suisa

213 2291 311 2350 tenuit
333 2290 495 2367 aliquando
525 2290 666 2350 victorias
697 2293 727 2349 et
755 2310 792 2349 ne
822 2290 904 2350 facta
933 2289 1067 2368 gloriosa
1093 2291 1237 2354 ludibriis

214 2378 427 2457 posterioribus
451 2379 559 2439 obruat
582 2397 704 2455 operam
726 2379 805 2439 dare.
837 2399 891 2455 per
914 2378 998 2438 ducis
1021 2379 1165 2442 Euandri
1185 2401 1236 2444 uo·

213 2489 295 2529 men:
317 2471 352 2527 ut
375 2468 541 2547 cogitantes
564 2469 673 2528 merita
700 2487 756 2528 sua
784 2470 936 2540 curarent,
963 2488 1001 2527 ne
1029 2469 1124 2529 etiam
1154 2470 1236 2532 duas

214 2558 262 2618 sui
285 2577 392 2617 nomen
414 2558 447 2616 id
470 2560 516 2617 est
538 2558 706 2633 triumphos
726 2561 757 2618 et
774 2558 886 2635 glorias
905 2557 1031 2635 flagitiis
1048 2557 1236 2620 militaribus

213 2648 407 2708 macularent.
439 2646 546 2706 ultimo
569 2646 635 2706 loco
658 2647 878 2706 commendavit
896 2645 1036 2706 tirocinia
1059 2665 1115 2707 sua
1135 2649 1267 2710 dieenss

214 2755 354 2814 spemque
382 2755 491 2811 meam,
518 2736 636 2812 patriae
664 2755 740 2811 quae
768 2755 848 2796 nunc
875 2734 957 2796 subit
985 2736 1105 2796 aemula
1136 2739 1235 2816 leudi3

214 2828 349 2886 aemulus
368 2825 530 2902 aliquando
548 2825 669 2885 invidus
689 2828 725 2883 ut
743 2818 883 2908 (6,173)
903 2826 1062 2900 „aemulus
1077 2831 1236 2906 exceptum

214 2914 351 2990 Triton“‚
374 2914 538 2991 aliquando
565 2913 703 2973 imitator
728 2918 764 2974 ut
790 2914 934 2975 hocloco
962 2917 993 2974 et
1015 2914 1170 2978 similibus
1191 2917 1235 2978 in·

286 3091 300 3139 1
320 3101 352 3140 co
364 3085 416 3139 VR
434 3100 463 3139 eo
481 3084 524 3138 ed.
581 3089 595 3137 7
614 3101 690 3139 nane
708 3084 853 3154 obiarparc
865 3084 917 3138 VR
934 3101 991 3140 noa
1008 3101 1032 3140 o.
1050 3085 1093 3140 ed.
1152 3092 1170 3144 8
1187 3103 1236 3144 m

214 3156 265 3209 VR
282 3174 316 3211 ac
335 3157 378 3210 ed.
409 3156 412 3227 l
442 3157 547 3210 caera
564 3156 668 3225 plorioe
682 3161 825 3224 pateretur
837 3172 956 3225 pompae
970 3163 1106 3226 ponerent
1117 3155 1174 3212 VR.
1191 3159 1235 3214 dc·

214 3235 286 3283 serto
303 3229 393 3298 pieria
408 3233 569 3296 paterentur
587 3228 718 3295 anteponi
736 3227 779 3280 ed.
840 3232 872 3280 12
892 3228 971 3282 laedi
985 3228 1036 3282 VR
1054 3227 1151 3285 laudis
1169 3229 1233 3302 od!

214 3301 356 3355 caementis
372 3298 424 3353 VR
445 3304 597 3354 menecrates
619 3298 672 3352 sdl
697 3304 830 3353 moventes
852 3299 922 3354 edF.
997 3305 1029 3353 16
1055 3306 1113 3355 tom
1137 3318 1236 3358 aarum

215 3371 267 3438 ed,
286 3370 336 3426 ssd
355 3371 390 3425 cf.
409 3388 433 3424 v.
448 3375 509 3424 859.
583 3375 615 3423 17
637 3370 675 3424 cd
692 3371 831 3424 isaacum
849 3370 874 3423 R
896 3369 1079 3426 adsuetamV
1097 3371 1137 3427 od
1154 3373 1234 3430 adse.

215 3443 257 3497 ed.
288 3442 292 3514 Ι
326 3449 352 3498 et
372 3458 475 3510 semper
492 3440 544 3495 VR
562 3442 605 3496 ed.
629 3447 668 3496 est
687 3457 708 3495 a.
727 3457 786 3495 nos.
818 3440 821 3511 l
855 3442 987 3508 inefficax
1000 3441 1051 3496 VR
1069 3443 1175 3510 efficere
1190 3443 1234 3500 sd.

218 3520 249 3569 18
267 3515 512 3569 commodissimum
525 3511 576 3566 VR
593 3512 793 3568 incoramodum
810 3529 891 3567 mam
909 3512 952 3566 ed.
975 3513 978 3584 Ι
1000 3515 1069 3569 sotis
1082 3512 1135 3568 Va
1153 3517 1235 3572 eatis

214 3604 266 3655 pus
288 3585 331 3640 sd.
404 3588 437 3638 19
460 3585 591 3653 propriae
607 3583 633 3637 R
655 3602 690 3638 ·a
708 3582 733 3635 V
752 3583 796 3638 ed.
869 3589 903 3638 23
926 3585 1009 3639 etiam
1028 3587 1234 3654 transposcd.

206 3665 242 3713 24
262 3657 386 3716 rilsstll
404 3654 516 3714 idemV
534 3657 598 3712 item
616 3655 659 3712 ed.
717 3660 752 3709 25
766 3655 859 3710 diesne
872 3655 897 3709 V
911 3655 997 3710 dicem
1010 3656 1043 3710 R.
1099 3662 1134 3711 26
1154 3659 1236 3716 leudi

195 3736 240 3800 (et
256 3733 349 3808 infra)
366 3732 419 3790 VR
439 3731 536 3792 laudis
554 3730 600 3789 ed.
