2725 4150
554 328 795 384 maureceni
1119 332 1182 399 251

165 502 362 578 agnoscerent
383 502 415 558 et
437 498 581 559 dolerent.
626 504 746 572 atroam
769 500 893 571 fluentia
911 501 992 559 tabo:
1015 517 1092 576 quae
1114 499 1185 560 tabo

165 592 306 665 corrupta
330 590 452 667 agnosci
480 607 540 647 non
563 590 687 665 possent
713 587 773 647 nisi
795 587 833 648 ab
856 589 904 649 his
931 590 985 665 qui
1007 607 1043 648 ea
1065 590 1186 664 penitus

164 680 295 738 nossent.
343 678 376 736 in
403 697 438 736 eo
466 680 567 737 autem
594 677 739 738 Troianos
767 676 852 737 dolor
880 676 1021 755 angebat,
1051 677 1133 753 quod
1155 682 1186 738 et

163 769 235 828 talis
254 768 335 828 uiros
358 767 559 844 perdidissent
582 769 613 825 et
635 767 712 825 nihil
735 766 843 826 fuisset
861 767 978 826 Aeneae
1002 766 1184 826 nuntiatum.

132 875 145 916 c
235 857 357 916 Interea
386 857 532 929 paridam
563 856 691 915 robians
713 857 843 929 pinnata
866 873 922 930 per
948 859 1051 916 arbem
1078 857 1185 916 amatia

164 947 264 1005 Fama
293 947 355 1004 mit
382 944 559 1021 [matrisque
586 946 737 1005 adlabitur
764 947 849 1004 aeris
875 943 1037 1021 BebryciiJ:
1066 947 1185 1022 poetica
1194 957 1246 1006 475

164 1033 339 1111 descriptio,
381 1038 512 1095 ceterum
543 1035 684 1093 nuntium
721 1034 796 1093 dicit
828 1033 866 1094 ad
897 1039 1025 1094 matrem
1057 1035 1185 1112 Euryali

162 1124 333 1201 pervenisse
357 1143 417 1200 quo
445 1124 542 1183 filium
570 1125 659 1183 sciret
687 1124 824 1183 occisum.
870 1128 902 1183 at
923 1125 1038 1184 sabitas
1059 1126 1185 1184 miserae

164 1215 244 1273 calor
266 1230 335 1273 ossa
357 1214 487 1288 reliquit:
514 1213 664 1273 subitatos
693 1213 781 1272 ferali
807 1215 914 1272 nuntio
943 1213 1075 1290 corporis
1103 1215 1185 1274 calor

118 1321 145 1361 ro
164 1303 297 1380 deriguit
320 1305 350 1361 et
372 1301 496 1378 reliquit
519 1320 588 1362 ossa
610 1303 772 1378 torpentia.
810 1303 924 1361 excussi
947 1305 1087 1363 maribus
1104 1305 1185 1364 radii

162 1392 350 1464 revolutaque
369 1409 479 1466 peasa:
509 1391 594 1451 dolor
617 1394 709 1464 enim,
732 1392 780 1452 vel
803 1393 932 1451 maxime
955 1393 1126 1470 insperatus
1150 1412 1185 1453 ao

162 1480 351 1557 repentinae,
374 1500 481 1541 nervos
505 1482 568 1540 eius
591 1481 783 1558 membraque
806 1480 992 1541 dissolverat.
1029 1481 1123 1541 evolat
1139 1483 1185 1540 ire·

161 1571 243 1643 felix,
257 1572 363 1646 utpote
378 1590 456 1646 quae
471 1574 540 1630 ante
555 1570 651 1630 filium
665 1570 795 1630 occisum
810 1570 946 1647 conperit
959 1589 1050 1646 quam
1064 1570 1184 1630 didicis·

163 1662 210 1719 set
224 1660 386 1718 absentem.
424 1665 450 1719 et
461 1661 586 1734 femineo
604 1660 722 1719 alciata
735 1661 829 1719 scissa
843 1677 955 1719 comam
968 1678 1069 1720 mmos
1083 1677 1184 1719 ameas

118 1764 144 1805 a
163 1753 249 1822 atam
272 1751 393 1823 apmiaa
416 1767 505 1808 mrsu
523 1749 625 1823 prima
643 1750 732 1823 petit:
758 1767 824 1808 ecce
847 1768 924 1826 quae
947 1749 1062 1809 faciunt
1083 1750 1183 1809 luctus

163 1841 193 1897 et
216 1837 334 1897 subitus
358 1839 455 1898 dolor:
487 1857 603 1914 amens,
629 1838 743 1914 inquit,
771 1839 876 1898 effecta
899 1840 958 1914 est,
987 1859 1022 1897 ex
1052 1840 1185 1899 amentia

161 1928 395 1987 inconsideratio
424 1928 532 1988 aetatis
560 1931 591 1987 et
617 1946 703 1988 sexus
727 1929 861 1988 accessit.
906 1928 1029 2004 petebat
1056 1928 1184 2006 denique

162 2035 264 2076 muros
291 2035 380 2077 cursu
410 2018 527 2094 capillis
554 2018 630 2077 susis
653 2020 685 2078 et
706 2019 851 2078 maximos
874 2018 1009 2079 ululatus
1033 2018 1183 2079 attollens.

161 2125 222 2165 aaa
240 2108 294 2166 ilia
312 2109 422 2177 viram,
446 2125 507 2167 aare
524 2109 578 2167 illa
593 2108 698 2180 pericli
718 2108 895 2181 telormaqm
916 2126 1040 2168 memor:
1062 2110 1246 2185 petebattfll)

117 2210 144 2250 ro
162 2197 343 2271 inpudenter
365 2215 479 2272 muros,
507 2215 566 2257 non
595 2197 732 2275 cogitans
760 2198 823 2256 illic
846 2198 926 2258 viros
951 2199 1112 2258 consistere
1135 2200 1183 2259 vel

163 2305 194 2345 se
227 2278 377 2345 incurrere
409 2287 574 2363 periculum
607 2304 703 2362 posse.
759 2306 813 2345 cur
853 2286 933 2345 enim
971 2287 1184 2347 detrimentum

161 2374 286 2451 pudoris
315 2376 493 2435 formidaret
522 2380 576 2435 aut
604 2378 732 2435 mortem
761 2394 839 2451 quae
869 2380 938 2452 post
967 2376 1064 2435 filium
1091 2377 1184 2435 talem

163 2464 304 2540 cupiebat
327 2464 481 2543 extingui?
524 2465 694 2525 mirandum
718 2482 778 2523 non
801 2468 847 2524 est
869 2464 1012 2525 feminam
1035 2466 1183 2543 gravioris

163 2555 273 2612 aetatis
301 2573 390 2614 cursu
419 2573 521 2614 muros
551 2554 684 2633 potuisse
715 2553 923 2628 conscendere,
953 2572 1045 2629 quam
1074 2555 1183 2615 mentis

116 2655 143 2696 aa
161 2645 344 2720 permutatio
367 2644 399 2702 in
423 2644 555 2703 amentia
572 2645 685 2703 fecerat
702 2644 810 2703 fortem
830 2646 860 2702 et
878 2643 946 2719 plus
965 2643 1073 2701 audere
1092 2661 1184 2718 quam

162 2732 284 2791 deberet
310 2736 364 2791 aut
390 2737 500 2809 posset.
546 2735 659 2793 caelum
686 2733 789 2792 deliine
816 2733 963 2805 questibas
985 2732 1090 2806 implet:
1117 2750 1182 2790 ecce

162 2823 254 2881 etiam
278 2841 349 2881 voce
372 2823 479 2882 fortior
507 2823 589 2883 facta
612 2826 658 2882 est
681 2842 717 2881 ex
740 2822 855 2897 dolore,
885 2840 1014 2896 namque
1042 2820 1182 2897 querellis

162 2911 223 2970 suis
248 2911 400 2987 conplevit
422 2916 453 2972 et
476 2913 598 2972 caelum.
644 2912 722 2971 bara
744 2928 793 2985 epo
816 2915 854 2979 te,
877 2911 1024 2985 Euryale,
1053 2910 1183 2984 aspicio?

162 3001 289 3074 adhoc,
312 3001 426 3077 inquit,
449 3003 576 3062 deducta
599 3004 657 3075 est,
680 3000 825 3077 Euryale,
848 3000 1010 3059 infelicitas
1033 2999 1121 3059 mea?
1145 3000 1183 3058 ad

115 3102 143 3141 ³⁰
161 3090 218 3148 hoc
240 3090 404 3151 incolumes
425 3093 599 3151 manserunt
623 3090 703 3151 oculi
721 3091 793 3163 mei,
816 3091 851 3147 ut
872 3092 942 3165 post
964 3088 1050 3148 illum
1073 3090 1182 3148 aetatis

161 3182 233 3238 tuae
263 3178 366 3238 florem
395 3181 474 3239 hunc
496 3184 526 3240 te
549 3180 667 3240 videam
694 3182 804 3254 mater,
833 3179 890 3237 hoc
919 3179 965 3237 est
994 3178 1124 3238 occisum
1153 3181 1183 3237 et

235 3374 249 3421 1
270 3366 429 3423 dolereatV
447 3369 546 3422 darent
563 3368 607 3423 ed.
625 3368 749 3423 eidermt
767 3368 810 3421 ed.
829 3369 903 3436 post.
970 3372 985 3420 3
1004 3373 1121 3421 masmim
1138 3366 1182 3420 ed.

162 3445 177 3491 6
201 3439 285 3493 cerba
306 3455 357 3507 pro
376 3440 468 3493 Fama
486 3439 520 3494 V.
550 3438 554 3510 l
588 3440 907 3509 matrisque-Euryali
930 3439 1009 3493 deest
1031 3438 1061 3491 in
1079 3437 1113 3503 V,
1133 3437 1183 3491 sed

161 3510 329 3578 explicatur.
380 3510 454 3565 8αά
466 3510 500 3564 V.
551 3510 767 3565 9sabidatasV
780 3512 886 3565 temere
899 3509 1023 3563 muted.
1073 3513 1107 3562 10
1121 3525 1182 3564 ossa

161 3583 303 3649 turpentia
316 3580 342 3634 V
361 3598 384 3637 o.
404 3584 463 3637 aias
481 3588 549 3651 torp.
569 3581 612 3635 ed.
675 3586 710 3635 20
728 3583 916 3651 imprudenter
933 3581 976 3635 ed.
1041 3586 1073 3633 21
1094 3598 1143 3635 car
1157 3579 1183 3631 V

126 3674 129 3681 ·
161 3652 301 3775 quidded.
375 3659 408 3707 22
435 3652 551 3722 qaaeV
578 3670 662 3724 qaam
690 3652 735 3710 ed.
808 3658 846 3709 ii
870 3660 904 3711 at
925 3650 1146 3722 citaristanam
1177 3655 1205 3700 ct

159 3733 191 3778 tr.
213 3740 254 3776 e.
