2725 4150
552 337 792 393 muumosrx
1117 341 1184 408 253

164 508 332 567 accesserat
354 505 438 566 aliud
461 505 541 584 quod
559 509 730 585 gemeretur
746 507 949 583 vehementer,
972 507 1055 583 quod
1072 506 1184 567 iaceret

163 597 331 673 insepultus
353 595 467 674 ignotis
489 596 522 655 in
544 597 646 673 terris,
667 596 791 656 relictus
814 599 845 656 et
866 595 989 656 canibus
1012 595 1130 657 Latinis
1153 599 1184 657 et

164 685 269 746 aribus
288 683 409 761 praeda.
451 684 572 746 dolebat
593 703 665 764 ergo
688 685 793 745 mortis
817 686 880 746 eius
904 685 1082 761 accidentia,
1106 705 1183 762 quae

163 775 260 853 magis
279 774 402 834 orbatae
420 777 525 851 pectus
544 774 673 835 validius
688 774 901 851 vulnerabant3
925 775 951 835 si
969 776 1049 834 euim
1062 776 1184 853 ignotae

131 884 144 925 s
163 867 261 924 terrae
279 882 339 923 non
358 867 469 939 essent,
487 863 636 940 potuisset
654 863 778 924 existere
798 866 851 940 qui
869 864 936 924 noti
948 865 1038 925 funus
1052 864 1185 926 traderet

163 955 345 1030 sepulturae,
369 954 422 1031 qui
441 954 569 1029 eriperet
586 952 710 1013 canibus
729 955 760 1013 et
778 953 901 1013 alitibus
919 949 1084 1033 ‘stradam
1118 955 1183 1014 ubi·

164 1062 291 1120 eumque
320 1045 366 1102 est
392 1042 452 1101 heu
479 1042 614 1119 separari
637 1061 656 1101 a
677 1043 786 1103 ceteris
815 1042 915 1119 debet3
945 1042 1080 1104 adfectus
1104 1045 1185 1103 enim

164 1131 293 1192 dolentis
317 1131 516 1192 acerborum
539 1131 727 1192 contextione
751 1133 946 1193 secernendus
969 1136 1022 1193 est.
1069 1151 1122 1192 nec
1144 1137 1185 1193 tc:

163 1222 212 1280 hie
240 1240 373 1298 quoque3
401 1219 486 1280 aliud
514 1222 594 1280 enim
621 1221 721 1282 fuerat
747 1221 865 1282 dictura
892 1224 923 1281 et
946 1221 1030 1282 aliud
1057 1222 1185 1283 subiecit

117 1310 293 1371 redolentis
316 1328 407 1372 more.
453 1315 506 1369 tau
527 1311 638 1383 funcra
658 1315 754 1370 mute
772 1311 917 1386 prodocet:
939 1331 994 1370 nec
1016 1314 1117 1386 tuum,
1139 1313 1184 1371 in·

163 1398 240 1477 quit,
258 1401 348 1458 funus
367 1401 526 1476 prosecuta
549 1419 625 1460 sum.
660 1401 795 1474 pressive
813 1401 923 1470 oculos,
941 1400 998 1460 hoc
1017 1403 1063 1460 est
1081 1401 1184 1476 clausi,

163 1492 216 1548 aut
232 1489 358 1548 cutncm
376 1489 437 1548 levi
454 1493 531 1548 eccm
548 1494 659 1564 tepens.-
681 1491 735 1549 aut
751 1490 848 1549 ictum
869 1491 945 1564 lavi,
968 1507 1028 1566 quo
1051 1489 1185 1549 cecidisti

162 1578 328 1654 perfossus,
357 1580 411 1636 aut
439 1580 522 1639 veste
552 1579 678 1638 contexi.
730 1579 842 1639 transit
875 1578 914 1637 ad
944 1578 1036 1638 aliam
1074 1578 1184 1639 doloris

162 1669 281 1743 partem
307 1666 364 1726 illa
390 1686 467 1744 quae
495 1686 526 1727 se
554 1668 671 1728 dixerat
702 1668 814 1728 solacia
840 1668 1005 1745 perdidisse
1033 1666 1186 1728 euidenter

118 1775 144 1815 ιι
162 1774 352 1816 enumerans:
375 1757 428 1816 tibi
445 1774 535 1829 quma
552 1761 647 1816 noctes
663 1757 774 1830 festina
791 1758 909 1831 diesque
925 1759 1065 1832 urpcbom
1084 1761 1111 1816 ct
1127 1758 1185 1817 ictu

162 1862 252 1905 uuae
281 1845 402 1905 solabar
431 1847 536 1906 anilis:
567 1847 615 1906 tui
647 1865 751 1921 causa,
782 1845 896 1924 inquit,
928 1848 991 1908 vixi
1023 1850 1053 1907 et
1084 1846 1184 1907 vivere

162 1935 268 2011 optavi
290 1936 387 1995 solum
410 1935 522 1996 habens
544 1936 577 1994 in
598 1937 629 1994 te
659 1937 691 1996 et
712 1936 744 1995 in
766 1935 896 1996 lanificio
924 1936 1080 2013 solacium,
1104 1935 1185 2013 quod

162 2043 217 2085 nec
243 2024 276 2083 in
303 2024 370 2085 luco
397 2024 499 2085 dimisi
525 2043 579 2085 nec
602 2025 699 2086 noctis
725 2025 879 2087 occasione
903 2026 1028 2089 deserui.
1074 2027 1184 2087 iterum

162 2114 202 2173 ad
230 2115 326 2174 alium
352 2114 463 2174 doloris
490 2114 609 2192 rapitur
629 2113 765 2174 modum:
795 2133 850 2189 quo
872 2118 1000 2192 ceptor?
1035 2120 1089 2176 aut
1110 2121 1246 2189 qcec490

117 2222 144 2262 so
161 2222 243 2263 nunc
260 2208 344 2263 enus
358 2205 519 2277 avulsaque
531 2206 663 2264 menbra
681 2209 708 2264 ct
723 2205 818 2278 fumus
832 2206 961 2265 lacerum
978 2205 1062 2265 tellus
1079 2206 1184 2272 babet?

162 2311 223 2370 quo
251 2310 373 2370 sequar,
403 2312 472 2353 cum
501 2294 601 2354 omnia
629 2295 762 2354 retinent
791 2293 912 2354 hostes?
949 2297 1004 2353 aut
1033 2293 1183 2370 quomodo

162 2384 227 2442 sine
255 2384 354 2460 capite
382 2402 417 2442 ac
443 2383 591 2443 laniatum
619 2402 727 2461 corpus
754 2382 934 2459 inspiciam?
969 2382 1043 2442 bene
1067 2382 1185 2442 addidit

161 2472 295 2532 lacerum
329 2490 450 2549 corpus3
484 2472 587 2532 debuit
618 2472 698 2533 enim
729 2475 827 2532 mater
859 2475 890 2532 et
916 2471 1017 2548 potuit
1047 2472 1183 2549 quamvis

161 2564 317 2637 truncum,
335 2562 380 2620 fili
398 2580 490 2640 agens
508 2562 612 2638 funus,
635 2580 811 2641 agnoscere,
835 2562 861 2622 si
882 2560 1031 2620 inlaesum
1053 2560 1182 2637 reperire

116 2667 144 2708 as
162 2651 320 2727 potuisset.
352 2670 473 2711 rursum
491 2651 605 2711 labitur
621 2650 653 2709 in
672 2651 765 2711 aliam
783 2653 912 2727 partem:
934 2650 987 2709 boc
1004 2650 1076 2708 criti
1094 2650 1130 2709 dc
1148 2653 1182 2718 tc,

161 2744 244 2807 nuic,
271 2740 385 2811 refers?
420 2741 473 2799 boc
494 2758 561 2800 sucu
583 2745 717 2817 terraque
738 2741 872 2814 marique
894 2740 1012 2799 secuto?
1049 2759 1115 2808 cur,
1137 2738 1182 2797 in·

162 2946 286 3002 domme
298 2944 325 2999 V
343 2945 445 3001 doloris
463 2961 514 3000 nos
532 2948 637 3000 temere
655 2948 724 3001 mut.
739 2946 782 3000 ed.
839 2951 854 3000 3
873 2946 968 3001 mortis
981 2944 1007 2997 V
1020 2951 1134 3015 propter
1147 2963 1182 3001 m.

162 3017 206 3071 ed.
263 3016 378 3073 daicV
395 3019 421 3073 si
439 3018 481 3071 ed.
533 3017 719 3073 ttrudamV
733 3033 786 3071 om.
801 3018 845 3071 ed.
860 3016 982 3072 fortasse
996 3018 1132 3087 praedam
1146 3032 1183 3071 an

161 3090 318 3144 traditum?
390 3088 636 3145 ScontcoetioucV
653 3089 822 3145 muntium
844 3088 887 3143 ed.
962 3092 977 3142 9
1000 3089 1073 3143 caim
1092 3087 1117 3141 V
1139 3088 1182 3142 ed.

163 3160 217 3215 del.
245 3160 289 3215 ed.
315 3162 388 3229 post.
414 3160 500 3215 falso:
531 3163 596 3229 post
622 3162 667 3215 bic
694 3176 798 3230 quoquc
826 3160 895 3215 audi
927 3159 1092 3228 „separatio
1120 3158 1182 3214 fit“.

164 3237 197 3285 10
223 3238 274 3286 tua
293 3230 320 3285 V
345 3233 376 3286 ia
400 3238 451 3287 tuo
475 3231 518 3286 ed.
593 3237 625 3285 11
648 3232 699 3287 boc
720 3238 759 3286 cst
780 3232 871 3287 clausi
892 3247 946 3286 om.
967 3231 1011 3285 ed.
1032 3232 1136 3286 clausis
1148 3230 1181 3284 Vc

164 3309 197 3358 12
223 3304 288 3372 post
315 3309 406 3373 tepores
429 3302 532 3357 lemma
555 3318 645 3371 usque
673 3302 710 3356 ad
736 3303 822 3358 unitis
849 3302 1024 3358 continuavit
1048 3302 1092 3355 ed.
1119 3318 1183 3355 cum

161 3374 398 3443 interpretatione
421 3373 607 3443 suppositicia
629 3374 705 3440 „hoc
726 3375 769 3428 est
789 3390 880 3443 neque
898 3376 962 3429 tuos
981 3373 1076 3427 oculos
1095 3372 1183 3426 clausi

161 3448 195 3500 ut
213 3445 300 3499 moris
318 3446 392 3511 cst“,
410 3446 482 3500 haec
501 3446 603 3499 desunt
624 3445 655 3500 in
673 3444 789 3500 VHOU.
818 3446 821 3518 4
850 3444 974 3501 ictumV
992 3445 1093 3499 colace
1112 3444 1180 3516 cdl

162 3519 221 3573 laci
236 3516 262 3569 V
280 3517 474 3584 utficrisolct
496 3516 624 3570 added.
655 3516 659 3588 Ι
693 3516 785 3586 qro
802 3535 887 3587 quam
905 3517 948 3572 ed.
1022 3519 1055 3569 15
1078 3515 1183 3569 lemma

161 3590 257 3644 tibi-
272 3594 305 3641 16
324 3588 410 3643 anilis
436 3590 502 3657 post
528 3604 692 3643 enumerans
718 3587 825 3643 habent
846 3587 954 3643 VHOU
983 3586 1184 3656 „prosequitur

163 3660 293 3729 querelas
325 3674 391 3713 suas
424 3660 528 3715 misera
561 3660 674 3715 mater“
710 3658 862 3718 substituit
893 3660 941 3717 sb.
1024 3665 1067 3712 Ἃ
1096 3659 1202 3711 reticue-

161 3739 214 3785 ant
229 3731 269 3783 cd.
