2725 4150
545 311 730 369 ernanus
743 311 796 368 vu
1137 315 1179 382 73

162 479 207 568 (5,
222 475 303 565 348)
331 481 384 560 qui
409 481 532 542 iuvenes
559 481 683 541 fuerunt
709 480 784 542 dieti
806 482 868 541 sint
888 483 977 558 puori
998 482 1055 541 hoo
1077 481 1180 541 modo:

161 576 292 650 ‚,vestra,
315 570 428 648 inquit,
450 590 576 631 munera
593 570 679 631 robis
697 573 779 631 oerta
796 572 932 646 manent,
954 569 1072 647 pueri“.
1109 591 1181 650 ergo

161 681 267 724 oerrus
303 681 358 738 per
393 660 559 737 Tyrrhidae
595 678 705 737 pueros
741 659 878 738 pervenit
914 659 1035 719 domum
1071 659 1182 737 Tyrrhi

160 753 284 812 maioris
311 750 414 828 ibique
441 748 631 809 nutriebatur
658 749 738 809 inter
768 749 847 809 filios
878 747 955 825 eius,
989 769 1049 809 non
1082 749 1182 809 solum

124 844 264 902 sautem
287 839 367 900 natis
395 839 509 899 domini
537 839 675 899 amabilis
702 839 816 914 faetus,
842 858 947 898 verum
969 840 1000 898 et
1021 837 1082 915 ipsi
1104 837 1181 914 seni3

161 932 260 991 solent
278 928 390 1006 quippe
404 931 544 1005 parentes
559 928 684 1007 diligere
702 947 780 1005 quae
799 947 900 988 amare
919 927 1049 988 viderint
1070 926 1181 988 liberos

161 1039 239 1083 suos.
286 1020 335 1078 eui
362 1019 445 1092 repta
467 1022 577 1092 parent
606 1021 740 1077 amente
770 1022 797 1076 et
825 1018 882 1076 lete
911 1017 1043 1077 melodia
1072 1016 1182 1076 eredita

161 1111 273 1182 rumpi:
292 1107 515 1168 commendatus
530 1109 575 1166 est
588 1126 693 1167 cerrus
706 1110 824 1166 retenta
837 1107 959 1166 interim
972 1110 1059 1184 parte
1073 1106 1182 1182 laudis,

161 1219 254 1275 quam
289 1201 360 1274 post
395 1196 600 1257 demonstrata
632 1197 743 1273 Tyrrhi
778 1196 887 1255 merita
922 1198 1033 1274 posuit.
1078 1195 1184 1255 debuit

115 1305 143 1344 ro
160 1288 242 1348 enim
259 1287 324 1365 ipse
343 1285 461 1345 ostendi
478 1287 527 1345 vel
544 1286 673 1344 maximo
691 1285 724 1344 in
743 1303 802 1361 quo
821 1285 903 1362 apud
920 1305 1022 1364 rogem
1039 1284 1183 1345 Latinum

161 1377 268 1437 merito
291 1375 413 1449 fuisset,
443 1376 496 1451 qui
523 1373 682 1434 videbatur
710 1375 743 1433 in
771 1375 851 1434 oerri
878 1375 1087 1435 vulneratione
1114 1393 1182 1435 eon-

161 1469 304 1544 temptus.
351 1464 473 1542 dignus,
498 1463 612 1541 inquit,
641 1466 782 1524 inventus
812 1466 858 1524 est
887 1465 938 1523 oui
965 1483 1017 1523 rex
1047 1465 1183 1522 armenta

162 1575 219 1616 sua
237 1573 417 1632 camposque
435 1555 643 1614 committeret.
680 1554 789 1630 quanti
805 1553 901 1631 igitur
920 1552 1021 1612 meriti
1038 1553 1097 1612 fuit
1114 1571 1182 1629 pro·

162 1647 284 1704 ourator
305 1645 398 1722 regis!
431 1643 516 1702 euius
534 1642 668 1702 satiandi
685 1661 777 1703 eausa
790 1641 943 1721 Vergilius
962 1661 1017 1701 noo
1035 1644 1183 1701 armento·

115 1749 144 1790 rs
162 1755 229 1794 rum
258 1753 415 1792 numerum
444 1751 498 1791 neo
530 1751 705 1808 camporum
736 1731 858 1791 modum
889 1730 986 1792 voluit
1018 1730 1183 1810 designare,

162 1827 198 1882 ut
219 1826 366 1883 restorem
387 1822 476 1881 illum
497 1821 620 1880 maioris
643 1839 749 1881 oensus
778 1820 832 1880 sub
860 1821 1057 1900 generalitate
1086 1823 1183 1880 osten-

164 1913 256 1972 deret.
285 1911 394 1971 melius
408 1913 509 1970 autem
523 1914 570 1971 est
582 1913 707 1988 propter
720 1911 931 1970 cumulandam
945 1910 1066 1970 laudem
1075 1911 1185 1986 Tyrrhi
1236 1921 1241 1929 “

164 1999 270 2078 „late“
292 2000 488 2079 pronuntiare
507 2019 600 2077 quam
617 1998 732 2077 „lati“:
754 2001 787 2059 in
805 1999 967 2059 latitudine
989 2001 1069 2059 onim
1086 2001 1185 2059 multa

164 2091 308 2169 specialia
324 2090 461 2169 intellegi
473 2093 609 2167 possunt,
627 2110 664 2149 ne
681 2109 759 2149 unus
778 2109 901 2167 campus
914 2090 1033 2150 murat
1050 2090 1185 2151 studium

115 2192 145 2236 ao
164 2180 369 2258 praeferentis.
414 2182 447 2239 in
470 2179 673 2257 appellatione
697 2180 796 2256 campi
820 2179 1008 2240 continuatio
1035 2180 1185 2258 intellegi·

164 2274 217 2329 tur
249 2273 280 2330 ot
307 2290 368 2329 una
396 2269 552 2346 planities3
576 2270 601 2328 si
628 2269 709 2329 enim
739 2288 913 2346 camporum
943 2270 1065 2344 diceret,
1093 2270 1185 2328 inter-

165 2361 280 2437 positos
304 2358 488 2437 significarat
509 2360 620 2418 montis
649 2361 703 2418 aut
729 2358 876 2433 tumulos,
905 2358 959 2435 qui
980 2357 1050 2416 inde
1072 2358 1184 2417 multos

165 2468 287 2525 campos
311 2448 469 2507 efficerent.
514 2448 606 2507 rediit
632 2448 671 2508 ad
699 2448 792 2507 aliam
821 2449 938 2524 partem
964 2446 1065 2505 laudis
1091 2448 1185 2523 eervi3

165 2558 236 2597 nam
251 2538 288 2598 ab
306 2537 354 2596 his
373 2557 451 2613 quae
470 2538 640 2597 romania
658 2539 731 2597 sunt
749 2536 883 2596 omnium
902 2554 1057 2595 cervorum
1075 2536 1187 2595 transit

115 2634 144 2680 *τι
166 2628 205 2687 ad
237 2647 273 2686 ea
305 2646 382 2703 quae
413 2627 538 2703 propria
569 2627 665 2704 ipsius
696 2626 832 2700 fuerunt3
866 2625 978 2702 quippe
1010 2625 1100 2684 multi
1132 2626 1186 2684 alii

165 2717 291 2794 reperiri
312 2719 477 2793 potuerunt
501 2720 533 2776 et
559 2715 687 2794 grandes
711 2718 742 2774 et
769 2714 907 2774 oornibus
935 2715 1009 2774 satis
1037 2733 1186 2790 superque

166 2805 317 2866 sublimes.
355 2806 510 2864 adsuetum
531 2806 664 2879 imperils
686 2822 770 2863 soror
787 2805 867 2863 omni
884 2802 981 2863 Siluio
1003 2821 1076 2864 eura
1093 2805 1187 2863 molli-

166 2897 220 2954 bus
241 2896 374 2954 intexens
397 2896 523 2954 meabat
544 2912 656 2954 amnuo
677 2895 763 2953 sertis
781 2894 967 2967 pectebatque
984 2896 1082 2967 serem
1097 2912 1187 2968 pero·

167 3002 220 3056 que
237 2985 271 3043 ire
288 2986 368 3057 fonte
386 2984 520 3043 urebar:
537 2982 626 3043 faoila
643 2983 696 3042 ille
715 2985 834 3043 secutus
853 2984 899 3042 est
916 2983 1072 3042 hominum
1090 3002 1187 3043 mores

115 3078 146 3123 ¹0
167 3092 220 3133 neo
243 3074 395 3133 feritatem
417 3072 601 3150 perdiderat,
630 3074 703 3150 qnia
729 3074 808 3132 hano
834 3072 968 3131 nondum
994 3073 1096 3132 fuerat
1119 3092 1187 3132 eon·

168 3166 285 3223 seoutus
312 3164 345 3221 in
373 3161 457 3222 silvis
485 3164 590 3239 utpote
616 3165 724 3239 raptus
753 3161 790 3221 ab
817 3161 959 3221 uberibus
986 3163 1107 3235 matris,
1135 3160 1187 3221 sed

240 3356 341 3406 lateat
358 3349 384 3403 V
401 3350 518 3405 sinted.
578 3351 766 3420 ttyrrhidaes
783 3349 810 3403 V
828 3352 896 3405 -ἀαε
915 3350 959 3404 ed.
1018 3350 1143 3415 efectus
1161 3347 1187 3401 V
1266 3379 1268 3383 >

168 3424 263 3488 fieret
281 3422 325 3476 ed.
385 3427 402 3476 8
415 3421 565 3491 partemV
579 3438 648 3475 oorr.
663 3421 708 3477 ed.
764 3428 798 3476 14
816 3423 946 3477 eludendi
959 3419 1123 3476 Veetiarede'
1136 3436 1186 3473 nos

168 3494 305 3549 aereberdi
322 3492 365 3548 ed.
437 3500 469 3547 16
487 3494 605 3548 maiores
622 3492 648 3547 V
665 3494 780 3548 mulmis
797 3509 848 3547 nos
866 3494 983 3548 maiores
1000 3492 1098 3546 haben
1115 3490 1159 3546 ed.

169 3565 372 3633 peneralitotem
389 3563 415 3617 V
434 3582 503 3619 corr.
522 3564 566 3619 ed.
640 3569 674 3618 18
698 3582 780 3634 quem
798 3566 850 3619 lari
867 3563 894 3620 V
917 3581 963 3635 qu.
981 3564 1100 3619 striatiro
1120 3562 1170 3616 ed.

169 3639 256 3692 nmlto
281 3638 373 3703 eperia
398 3635 425 3688 V
451 3654 485 3692 m.
514 3636 649 3706 speciale
680 3655 734 3694 nos
766 3639 875 3696 multoe
907 3638 1015 3710 31)er
1039 3632 1136 3689 unu
1167 3631 1221 3685 ab.

163 3712 198 3756 22
212 3712 266 3758 aut
280 3722 331 3758 0111,
348 3706 391 3758 ed.
421 3707 431 3777 f
454 3710 510 3776 qur·
525 3711 558 3765 in
579 3709 605 3765 V
623 3729 651 3783 q.
664 3714 736 3771 inde
754 3731 812 3771 nos
831 3714 885 3787 qui
903 3713 956 3771 od.
