2725 4150
542 331 726 386 Aruernos
744 330 783 386 rx
1107 334 1172 402 201
1196 297 1198 301 '

153 500 210 562 sub
238 499 392 576 fiuctibus,
426 499 534 577 quibus
564 498 662 578 perire
692 503 892 561 consuessent.
950 501 992 560 sic
1022 501 1078 561 hoc
1107 502 1173 562 loco

153 590 232 650 dixit
254 590 412 650 defunctae
440 589 588 667 quomodo
615 589 648 648 in
675 591 759 650 sexto
786 590 863 650 libro
887 581 960 672 (83)
988 608 1029 666 „o
1051 591 1175 650 tandem

152 680 272 759 magnis
299 679 402 758 pelagi
428 678 567 739 defuncte
594 677 746 756 periclis“.
799 678 875 738 alias
898 678 978 739 enim
1000 679 1174 740 defunctum

152 771 307 828 mortuum
329 768 469 844 dicimus,
491 767 594 828 sedin
614 770 744 844 utroque
762 787 824 827 una
843 767 1024 847 significatio
1043 771 1102 844 est3
1125 769 1174 829 de-

121 858 242 936 ofungi
264 859 310 917 est
333 857 412 918 enim
435 859 580 935 conplere.
623 857 799 936 defungitur
821 876 892 936 ergo
916 859 969 934 qni
991 877 1101 918 munus
1125 857 1174 916 de·

152 947 251 1007 bitum
269 948 398 1025 conplet,
416 946 590 1026 defungitur
608 965 728 1023 quoque
747 948 800 1023 qui
817 948 955 1024 tempora
973 966 1028 1007 sua
1046 947 1174 1008 vivendo

152 1036 367 1097 transmiserit:
399 1036 522 1113 perinde
551 1037 583 1096 et
611 1054 703 1096 naves
734 1035 892 1096 defunctae
922 1035 982 1096 dici
1010 1039 1176 1115 potueruut

153 1145 231 1202 quae
258 1125 382 1184 Aenean
410 1124 449 1184 ad
475 1125 599 1185 Italiam
630 1125 771 1202 conpleta
801 1125 967 1204 navigandi
998 1127 1175 1187 necessitate

151 1216 314 1275 rexissent.
361 1214 520 1274 mortalem
553 1215 681 1291 eripiam
712 1215 841 1273 formam
871 1215 1035 1292 magnique
1067 1215 1174 1276 iubebo

107 1321 135 1363 ro
153 1303 292 1381 aequoris
316 1322 379 1364 esse
403 1303 487 1380 deas,
510 1304 610 1382 qualis
632 1303 743 1363 Nereia
765 1303 845 1363 Doto
869 1306 899 1364 et
921 1302 1049 1364 Galatea
1072 1308 1176 1366 secant

153 1395 343 1470 spumantem
373 1395 492 1470 pectore
522 1395 662 1471 pontum:
692 1393 761 1471 plus
791 1391 931 1470 promisit
960 1413 1052 1470 quam
1078 1396 1175 1472 temp·

152 1484 273 1542 taverat
290 1483 458 1560 postulare,
476 1486 511 1543 ut
529 1501 565 1542 ex
581 1481 761 1542 mortalibus
779 1482 964 1561 fingerentur
982 1482 1054 1542 deae
1074 1484 1176 1561 pelagi

153 1574 185 1630 et
207 1571 319 1631 deabus
342 1572 447 1632 ceteris
471 1573 682 1648 aequarentur.
719 1572 835 1631 deamat
856 1571 944 1646 tdqae
965 1575 1065 1631 ratam
1082 1571 1176 1647 Stygii
1187 1582 1236 1632 101

150 1678 208 1736 per
233 1662 361 1733 fimataa
382 1661 488 1734 fratris
515 1661 621 1721 adeat
643 1664 669 1720 et
691 1664 781 1720 totam
802 1664 878 1720 acta
899 1661 1056 1734 tremefecit
1079 1659 1176 1736 Olym·

107 1767 135 1808 ro
150 1767 241 1826 pam:
264 1750 407 1826 quoniam
427 1770 492 1810 rem
514 1749 640 1810 arduam
662 1749 854 1828 promiserat,
877 1752 1014 1810 futurum
1037 1751 1175 1810 effectum

152 1838 279 1899 iurando
302 1838 443 1900 firmarit.
479 1838 594 1900 iuravit
617 1858 688 1918 ergo
710 1839 831 1898 firmum
854 1839 918 1899 fore
942 1839 1024 1916 quod
1047 1839 1124 1898 dixit
1146 1844 1176 1900 et

152 1927 267 1988 iuravit
288 1948 343 2005 per
366 1927 504 2007 Stygem,
534 1928 620 1988 auius
646 1931 735 1988 tanta
763 1930 898 2006 potestas
929 1930 988 2003 est,
1017 1931 1053 1988 ut
1082 1928 1175 1988 etiam

151 2017 227 2096 ipsis
246 2018 304 2078 diis
323 2017 461 2079 credatur
479 2035 542 2079 esse
559 2018 761 2095 venerationi,
780 2021 816 2079 ut
832 2017 897 2097 ipse
911 2017 1064 2097 Vergilius
1084 2019 1176 2080 etiam

152 2109 185 2165 in
204 2110 287 2167 sexto
306 2107 383 2167 libro
400 2099 496 2189 (323)
510 2107 613 2185 posuit
627 2106 753 2185 „Cocyti
770 2111 879 2187 stagna
898 2108 961 2168 alta
975 2108 1059 2170 vides
1075 2107 1175 2188 Stygi-

107 2214 135 2255 sa
153 2215 261 2273 amque
280 2197 435 2274 paludem,
454 2196 496 2256 dii
514 2198 598 2257 cuias
616 2197 719 2257 iurare
737 2198 847 2257 timent
864 2199 896 2256 et
913 2198 1019 2258 fallere
1037 2197 1174 2257 numen“.

225 2285 307 2360 Ergo
335 2287 441 2346 aderat
461 2287 613 2359 prmissa
639 2287 703 2346 dies
730 2290 756 2345 et
782 2290 913 2361 tempora
935 2287 1049 2347 Parcae
1079 2288 1176 2346 debita

153 2375 337 2448 coaptarunt:
358 2374 479 2435 rettulit
501 2374 583 2452 quod
606 2374 679 2435 olim
702 2378 821 2454 gestum
838 2375 1005 2451 videretur,
1027 2375 1176 2435 rediitad

154 2482 275 2524 causam
303 2465 334 2523 et
361 2464 400 2524 ad
428 2464 595 2541 praesentis
621 2463 766 2542 temporis
793 2463 1013 2539 necessitatem,
1042 2467 1175 2540 venerat,

153 2554 267 2629 inquit,
290 2552 354 2613 dies
372 2552 513 2631 promissi
531 2556 562 2613 et
580 2553 809 2631 dispositionem
826 2571 913 2613 suam
935 2554 1000 2612 fata
1021 2553 1175 2629 conpleve-

108 2657 135 2699 ao
152 2644 236 2717 rant,
263 2643 319 2702 hoc
346 2646 393 2703 est
420 2644 451 2702 et
476 2643 668 2721 navigiorum
697 2661 806 2702 munus
836 2642 990 2719 expletum
1017 2642 1117 2701 fuerat
1146 2646 1177 2701 et

153 2730 270 2791 Aeneas
292 2732 326 2790 in
347 2731 439 2791 Italia
466 2733 540 2792 fuit:
568 2731 705 2792 restabat
731 2733 768 2790 ut
794 2749 885 2791 naves
914 2729 1051 2808 deposita
1078 2731 1176 2790 forma

152 2821 275 2880 mortali
297 2823 486 2881 verterentur
507 2822 540 2880 in
563 2821 642 2881 deas.
689 2838 755 2879 eam
785 2820 882 2879 Tarni
909 2821 1024 2879 talaria
1052 2824 1177 2880 matera

153 2910 309 2969 adsonat
340 2912 456 2970 ratibus
485 2911 581 2970 scats
610 2910 751 2985 depellere
778 2910 895 2969 taedas:
930 2909 963 2969 in
995 2909 1175 2970 oblivionem

154 2999 299 3059 venerant
326 2998 416 3058 deum
437 3000 541 3075 matri,
569 2999 621 3060 sed
643 2998 807 3058 intervenit
831 2998 956 3075 iniuria,
983 2999 1040 3058 boc
1063 3002 1110 3059 est
1130 3000 1175 3059 in-

109 3103 136 3143 eo
153 3088 249 3165 proba
272 3088 431 3166 cogitatio,
455 3108 531 3166 quae
554 3089 640 3149 illam
658 3089 925 3148 commonefaceret
946 3096 983 3148 ut
1007 3107 1025 3147 a
1048 3088 1176 3148 navibus

153 3176 260 3252 sacris,
283 3176 316 3236 id
338 3179 384 3236 est
406 3196 483 3254 quae
506 3197 542 3237 ex
564 3178 656 3238 sacris
680 3176 835 3237 arboribus
855 3177 1027 3237 aedificatae
1046 3178 1176 3253 fucrant,

152 3265 292 3326 incendia
310 3268 345 3325 et
359 3267 439 3327 faces
459 3270 620 3345 averteretr
643 3266 769 3344 proinde
787 3267 864 3325 nihil
882 3267 943 3326 tale
962 3266 1054 3342 fieret,
1073 3267 1099 3325 si
1116 3285 1176 3325 nou

228 3441 260 3489 11
286 3442 413 3491 tenuerat
433 3434 460 3489 V
486 3437 616 3491 deberat
641 3436 685 3490 ed.
712 3442 891 3505 temptaverat
917 3438 1088 3505 (tentaverat)
1117 3452 1175 3490 nos.

154 3513 188 3561 12
203 3506 372 3578 tagamtV
386 3514 448 3563 -tar
461 3524 512 3562 nos
525 3509 621 3575 fierem
634 3507 678 3562 ed.
726 3512 759 3561 13
774 3506 874 3563 deasV
887 3508 989 3563 deutra
1002 3523 1053 3560 nos
1068 3524 1122 3561 om.
1132 3507 1176 3561 ed.

154 3584 189 3633 14
212 3596 237 3633 v.
254 3583 305 3632 106
327 3578 407 3633 deest
424 3578 455 3633 in
468 3578 495 3633 V
512 3595 603 3647 neque
627 3578 785 3647 explicatur
807 3579 873 3634 add.
893 3578 939 3634 ed.
1011 3583 1046 3632 ‘lt
1069 3585 1188 3633 coemat

154 3649 200 3705 ed.
273 3654 308 3704 80
330 3651 567 3719 omnmmzefaceret
583 3650 608 3707 V
626 3668 793 3713 commovere
812 3654 836 3725 t.
855 3652 903 3711 cd.
922 3646 1211 3713 commemorated.

145 3722 219 3785 post.
293 3725 327 3772 31
343 3721 397 3776 hoc
412 3729 455 3779 est
472 3724 514 3782 ed.
