2725 4150
524 323 779 380 musmosxn
1097 328 1163 394 573

141 495 272 552 mortuo.
312 494 508 555 subveniatur
529 495 626 573 igitur
647 496 700 552 tuo
724 494 825 569 fratri,
852 493 922 554 dum
944 493 1034 569 vivit,
1058 496 1088 552 et
1110 494 1165 554 fiat

141 585 260 642 maturo
283 583 364 660 quod
385 603 441 660 pro
463 583 546 644 illius
570 584 667 643 salute
685 582 856 643 faciendum
879 586 938 659 est,
961 603 998 643 ne
1015 585 1163 643 necatus

142 675 261 732 nostros
290 673 372 732 mala
399 674 600 750 praecipitata
625 672 830 749 praeveniant.
876 672 1065 732 commodum
1091 672 1163 733 setis

140 761 186 820 ire
209 760 330 821 obviam
353 761 451 821 dubiis
474 765 505 822 et
527 780 630 821 eorum
653 780 757 822 cursus
777 762 895 822 obiectu
912 761 1092 838 provisionis
1113 760 1164 821 ab·

105 867 120 907 s
141 869 289 928 rumpere,
307 853 408 911 totum
428 853 528 929 potest
546 850 738 911 consiliorum
756 852 844 926 ratio,
863 853 887 911 si
903 851 966 911 suis
979 850 1163 928 temporibus

142 940 260 1019 agenda
277 940 450 1018 iungantur.
481 940 615 1018 proinde,
633 960 670 1000 ne
688 944 719 1000 te
738 941 869 1000 fraterno
889 941 991 1000 dolore
1009 940 1164 1000 confusam

141 1029 320 1105 providendi
337 1030 496 1088 consilium
509 1030 636 1105 deserat,
654 1028 729 1107 qnid
743 1030 799 1089 tibi
817 1030 983 1090 curandum
1001 1029 1042 1090 sit
1059 1029 1163 1107 paucis

142 1119 274 1179 adverte.
319 1118 541 1178 subtrahendus
573 1122 619 1179 est
650 1138 744 1195 quam
774 1121 905 1196 primum
933 1120 1024 1179 morti
1056 1121 1086 1178 et
1115 1120 1164 1179 hic

142 1209 239 1267 omnis
267 1225 359 1284 opera
386 1207 600 1283 consumenda,
627 1211 664 1268 ut
690 1209 839 1269 inminens
867 1211 1017 1268 certamen
1040 1209 1164 1288 effugiat

96 1313 123 1352 ro
142 1300 211 1372 ant,
230 1298 257 1356 si
274 1297 358 1356 istud
375 1299 460 1357 nulla
477 1299 509 1358 vi
526 1298 668 1374 explicari
688 1298 838 1374 potuerit,
856 1299 997 1358 trudatur
1009 1299 1163 1358 inimicum

141 1387 248 1445 foedus
271 1386 407 1446 emedio
431 1388 461 1445 st
483 1388 624 1447 confusae
651 1390 729 1447 acies
752 1387 824 1447 belli
846 1388 946 1446 furore
973 1387 1163 1447 misceantur.

141 1476 261 1535 eveniat
283 1476 411 1536 forsitan
435 1476 550 1553 aliquid
572 1476 656 1551 boni,
684 1478 711 1536 si
733 1477 772 1537 ab
794 1478 883 1536 unius
908 1477 988 1536 malo
1011 1476 1044 1535 in
1067 1476 1163 1536 omnis

141 1564 235 1624 fuerit
256 1564 328 1623 belli
349 1566 451 1625 refusa
473 1566 652 1644 congressio.
688 1566 759 1625 huic
781 1586 819 1625 ne
842 1565 972 1626 faciendi
997 1564 1165 1625 diffidentia

141 1657 322 1729 occurreret,
352 1655 480 1714 subiecit
506 1660 608 1715 accior
635 1672 685 1730 ego
712 1656 856 1715 cudendi:
885 1653 1025 1730 audebis,
1053 1655 1164 1732 inquit,

101 1743 244 1802 comnia
265 1744 339 1802 haec
361 1764 409 1803 me
432 1747 552 1804 auctore
576 1748 606 1804 et
628 1744 732 1804 favore
754 1763 820 1804 meo
844 1744 1005 1822 oonplebis.
1050 1745 1094 1803 sic
1116 1761 1163 1803 cc-

139 1833 257 1892 liortutc
278 1833 396 1905 reliquii
416 1835 557 1893 moenam
580 1837 606 1893 ct
628 1834 705 1893 tristi
729 1835 877 1894 turbatam
904 1835 1225 1893 ennoematicae

139 1921 217 1981 Iuno
241 1921 362 1998 quidem
385 1924 541 1982 exhortata
563 1925 610 1982 est
627 1923 784 1982 Iuturnam
808 1925 839 1981 et
857 1923 944 1998 abiit,
969 1923 1021 1983 sed
1043 1923 1098 1981 illa
1121 1923 1164 1982 sic

139 2010 347 2072 vulneratione
360 2013 470 2072 mentis
483 2013 636 2088 habuerat,
654 2014 690 2071 ut
707 2012 819 2091 integri
832 2013 949 2074 consilii
963 2013 1164 2072 substantiam

138 2100 329 2178 perdidisset.
360 2101 505 2161 incertam
522 2102 598 2161 dixit
615 2102 752 2162 relictam
767 2121 830 2162 esse
843 2102 1015 2177 Iuturnam,
1033 2105 1068 2162 ut
1086 2107 1164 2163 esset

95 2206 121 2251 sc
139 2184 228 2269 quod
242 2194 376 2267 speraret
393 2194 424 2251 et
442 2193 522 2267 quod
540 2194 689 2251 metueret
706 2211 766 2251 non
790 2192 917 2267 deesset,
940 2212 977 2251 ne
1000 2193 1036 2251 de
1055 2193 1162 2252 securi·

138 2283 205 2340 tate
227 2280 312 2339 fieret
334 2280 495 2359 neglegens
519 2284 573 2341 aut
596 2281 631 2340 de
654 2280 861 2358 desperatione
885 2279 1043 2340 remissior.

212 2370 332 2428 Interea
346 2387 441 2445 reges:
454 2370 503 2429 hio
517 2370 763 2449 distinguendum
777 2373 831 2446 est,
840 2390 877 2430 ne
891 2370 945 2430 fiat
957 2389 1011 2447 per
1024 2389 1162 2430 numeros

137 2459 264 2533 vitium,
293 2459 330 2517 de
354 2460 491 2519 omnibus
514 2462 594 2519 enim
616 2460 732 2520 dictum
757 2462 804 2519 est
826 2460 878 2537 qui
900 2458 1101 2536 procedebant
1124 2459 1163 2517 ad

138 2548 397 2608 confirmationem
420 2548 560 2624 foederis,
586 2548 786 2625 separandum
808 2568 879 2609 vero
902 2549 955 2608 ubi
978 2547 1089 2628 singuli
1112 2549 1162 2607 de-

88 2637 320 2697 asscribuntur.
351 2638 462 2712 umecta?
483 2639 557 2697 mole
575 2638 706 2697 Latinos
728 2639 903 2713 quadriiugo
923 2638 1037 2697 cabitur
1059 2656 1163 2697 crura:

137 2747 201 2787 non
220 2746 279 2803 quo
298 2729 444 2804 quattuor
461 2728 534 2806 inge
551 2726 689 2803 haberet,
708 2728 784 2787 dixit
803 2727 996 2806 quadriiugo,
1015 2726 1067 2786 sed
1081 2727 1163 2802 quod

138 2818 286 2892 quattuor
307 2815 416 2875 iunctis
440 2817 620 2876 animalibus
642 2816 809 2876 duceretur.
841 2818 889 2876 cci
906 2822 1037 2889 temporo
1054 2818 1163 2875 circuere

138 2906 242 2965 accat
264 2905 309 2964 bio
331 2922 383 2964 sec
403 2906 485 2964 rodii
506 2906 650 2980 fulgentio
673 2907 804 2980 docum,
832 2905 910 2965 Solis
933 2907 983 2965 cci
1004 2907 1163 2978 specimen:

137 2996 238 3073 primo
260 2994 327 3054 loco
346 2992 480 3069 Latinus⁴
491 2995 637 3070 processit
655 2994 836 3074 quadriiugo
856 3014 958 3070 curru,
981 2996 1069 3054 huius
1088 2997 1163 3054 tem·

88 3104 117 3144 eo
137 3102 216 3161 pora
229 3083 380 3160 fulgentia
398 3083 538 3162 cingebat
556 3103 665 3144 corona
684 3104 750 3144 cum
765 3084 921 3144 duodecim
936 3084 1029 3143 radiis
1048 3082 1161 3143 auratis

137 3175 227 3233 tanto
245 3172 360 3232 micans
377 3173 509 3250 fulgore,
527 3176 562 3231 ut
579 3193 640 3233 non
655 3174 733 3250 ipse,
752 3173 804 3232 sed
819 3172 871 3234 Sol
889 3173 1041 3235 videretur
1058 3175 1152 3233 exisse

138 3263 216 3337 bigis
237 3263 261 3320 c
284 3263 406 3321 Taunus
427 3263 461 3321 in
483 3264 560 3322 olbis
583 3264 654 3323 bico
680 3281 774 3323 manc
799 3264 857 3322 lato
884 3265 1020 3337 crispum
1042 3263 1224 3322 hostiliolsso

136 3353 236 3427 fmus
264 3352 317 3428 qui
339 3351 379 3411 ad
401 3354 551 3411 certamen
575 3352 693 3413 exiebat
716 3352 881 3428 expeditior
902 3352 1059 3430 processit,
1087 3352 1161 3413 dnos

212 3502 520 3559 buusViriaus'sed.
576 3510 611 3559 10
629 3506 766 3573 explicare
780 3504 823 3560 ed.
879 3510 913 3559 14
932 3504 1160 3560 concurrereted.

139 3582 175 3630 18
197 3576 415 3631 cubccmtionem
437 3576 508 3631 edF.
544 3576 547 3647 l
581 3577 715 3631 betuaci
732 3576 755 3629 V
775 3576 818 3631 ed.
842 3578 972 3632 babuerat
988 3593 1039 3630 nos
1058 3576 1093 3630 cf.
1109 3580 1160 3630 906

138 3651 169 3702 et
195 3652 257 3701 908.
343 3652 377 3701 29
404 3648 488 3702 buius
515 3664 568 3702 om.
593 3646 636 3701 ed.
724 3653 757 3702 31
785 3649 909 3717 migrabo
931 3648 957 3702 V
983 3650 1090 3704 micans
1117 3647 1160 3702 ed.

139 3725 174 3773 aa
193 3717 340 3775 meoatv
358 3717 393 3773 cf.
414 3723 531 3786 10‚aee.
