2725 4150
185 333 252 399 320
470 329 610 386 DONATI
627 329 798 385 INTERPR.
812 328 921 385 VERG.

184 501 311 559 cambas
340 500 423 559 ibant
450 500 581 559 sabatrae
612 500 719 558 Troice
747 497 791 575 [et
818 515 936 574 campos
964 499 1038 558 scits
1068 517 1136 559 acre
1163 517 1207 560 se·

185 587 323 664 cabcntJ:
336 607 451 664 omnes,
468 588 581 666 inquit,
599 589 782 665 populorum
796 590 1036 648 enumeratorum
1053 589 1207 667 principes

184 679 311 757 triginta
339 677 467 736 navibus
496 677 675 756 pergebant,
704 679 740 736 ut
769 676 877 736 Troiae
906 676 1051 737 auxilium
1082 677 1208 737 ferrent.

184 787 244 827 non
269 767 343 826 dixit
366 767 517 842 Troianis,
540 768 593 826 sed
611 767 732 841 Troiae,
752 766 894 842 quoniam
911 766 944 825 in
961 766 1117 826 hominum
1137 786 1207 827 con·

185 858 351 916 servatione
379 857 480 933 patria
507 857 573 933 ipsa
601 856 761 916 ridebatur
789 855 934 915 auxilium
961 874 1089 931 sumere,
1114 876 1208 934 quam
1237 873 1249 916 e

185 945 308 1005 Troiani
330 964 468 1022 reparare
491 945 675 1005 nitebantur.
711 947 869 1022 propterea
892 946 971 1005 tanti
995 965 1029 1005 ao
1051 946 1128 1006 tales
1152 966 1209 1023 per

184 1035 321 1094 inmensa
343 1036 443 1111 spatia
465 1035 556 1094 maris
580 1033 722 1094 secabant
743 1034 851 1094 fluctus
875 1036 1000 1094 navium
1021 1034 1137 1095 rostris.

122 1140 174 1190 215
255 1123 380 1195 Iamque
402 1125 464 1183 dics
487 1124 564 1183 caclo
583 1127 762 1183 concesserat
784 1124 920 1196 emaque
942 1141 1032 1183 eterra
1054 1125 1208 1199 aedicupo

183 1212 295 1271 Phoebe
320 1213 449 1271 medicare
473 1214 616 1286 pulsabat
639 1211 808 1286 Olympum:
842 1212 944 1289 posuit
970 1213 1089 1271 finitum
1118 1212 1208 1289 diem,

184 1301 286 1378 posuit
307 1303 403 1361 noctis
426 1304 543 1378 tempus
563 1301 643 1378 quod
660 1301 872 1361 illustrabatur
889 1301 982 1362 radiis
1001 1303 1104 1377 lunae,
1128 1323 1208 1380 quae
1225 1322 1250 1362 re

183 1392 324 1450 tenuerat
351 1391 482 1450 medium
511 1392 636 1450 eaelum.
689 1409 781 1468 supra
804 1383 899 1472 (146)
930 1390 1007 1450 dixit
1034 1391 1105 1466 „illi
1126 1391 1208 1452 inter

185 1498 248 1540 sese
271 1480 339 1538 duri
361 1481 526 1539 certamina
550 1479 621 1538 belli
643 1481 847 1554 contulerant,
869 1480 969 1539 media
986 1480 1103 1540 Aeneas
1127 1482 1209 1541 freta

184 1572 270 1628 nocte
301 1567 452 1643 secabat“,
481 1569 530 1629 hic
560 1569 634 1628 dicit
662 1570 784 1646 iamque
813 1568 876 1629 dies
904 1571 986 1629 eaelo
1010 1574 1207 1645 concesserat,

185 1677 254 1717 cum
276 1660 367 1718 semel
389 1658 504 1718 dictum
526 1658 599 1718 satis
622 1659 739 1718 ficisset.
775 1678 835 1718 non
858 1659 915 1718 hoo
937 1659 1017 1718 idem
1041 1657 1130 1734 dixit,
1153 1659 1206 1720 sed

185 1767 278 1825 supra
296 1747 452 1824 descripsit
469 1748 592 1807 initium
610 1748 707 1808 noctis
726 1747 807 1823 quod
827 1748 985 1826 agebatur,
1005 1747 1085 1824 quod
1102 1750 1207 1808 venire
1225 1763 1249 1806 re

184 1857 244 1897 non
267 1840 370 1913 posset
392 1837 451 1896 nisi
474 1836 534 1896 diei
556 1837 622 1897 luce
641 1839 832 1913 consumpta:
855 1837 928 1913 fuit,
946 1837 1059 1914 inquit,
1077 1856 1150 1913 nox,
1170 1839 1208 1899 de

183 1927 257 1984 luna
280 1927 390 2002 tacuit,
413 1927 547 1985 nondum
570 1925 681 2004 quippe
705 1929 874 1987 emerserat.
920 1926 1050 1986 secundo
1073 1926 1140 1987 loco
1162 1928 1209 1989 ait

183 2014 338 2076 recessisse
362 2014 483 2092 quidem
506 2015 584 2075 diem
608 2018 638 2076 et
659 2016 858 2093 interceptam
878 2015 974 2093 ipsius
1004 2016 1100 2077 lucem
1123 2018 1207 2078 veni·

185 2105 303 2164 entibus
319 2106 459 2181 tenebris,
474 2124 549 2181 quas
568 2105 779 2183 superveniens
797 2105 1013 2165 inlustraverat
1031 2106 1113 2181 luna,
1128 2126 1208 2184 quae

184 2193 316 2253 medium
337 2197 478 2255 tenuerat
500 2195 624 2254 eaelum.
669 2196 743 2254 haec
765 2194 859 2273 igitur
881 2196 981 2255 fuerat
1004 2213 1097 2254 eausa
1121 2215 1207 2272 repe·
1225 2212 1251 2254 ae

183 2283 292 2343 tendas
322 2284 529 2361 descriptionis
560 2283 620 2343 diei
649 2284 834 2361 consumpti,
866 2285 1011 2361 quoniam
1042 2284 1126 2344 aliud
1156 2284 1207 2344 de·

185 2373 299 2433 siderat
319 2374 417 2450 prima
439 2392 509 2450 pars
533 2374 643 2448 noctis,
667 2373 751 2433 aliud
778 2392 913 2449 sequens.
962 2375 1064 2449 potest
1090 2375 1121 2433 et
1149 2374 1207 2435 sic:

185 2462 351 2541 navigabat
381 2462 498 2522 Aeneas
534 2464 596 2521 iam
632 2463 680 2521 die
718 2465 907 2539 consumpt03
944 2481 1011 2523 cum
1042 2480 1113 2523 vero
1146 2483 1208 2524 nox

185 2555 323 2630 ageretur
351 2555 382 2611 et
410 2554 483 2611 luna
511 2552 645 2610 medium
674 2552 790 2611 caelum
819 2552 979 2628 tenuisset,
1011 2551 1074 2611 eius
1103 2553 1207 2612 tamen

184 2642 240 2699 viri
273 2660 332 2700 non
364 2641 521 2717 quieverat
549 2661 634 2701 cura:
666 2641 789 2701 sedebat
812 2641 923 2719 quippe
947 2660 982 2700 ac
1005 2639 1153 2719 vigilabat
1176 2646 1208 2703 et
1225 2657 1252 2700 as

183 2730 307 2808 regebat
336 2750 443 2790 navem
472 2733 503 2789 et
532 2730 606 2791 velis
636 2732 838 2791 necessarium
866 2730 1029 2807 praebebat
1057 2731 1208 2807 tempera·

183 2823 330 2894 mentum,
358 2821 394 2878 ut
422 2821 479 2878 hoc
509 2822 587 2880 esset
616 2820 697 2897 quod
726 2820 759 2878 in
788 2839 822 2879 eo
846 2822 936 2897 poeta
959 2818 1108 2895 laudavit,
1136 2838 1207 2879 eon·

184 2907 384 2967 tinuationem
407 2908 466 2968 diei
484 2911 515 2968 et
532 2910 628 2968 noctu
647 2928 707 2967 non
726 2909 870 2987 fatigasse
888 2909 1083 2969 laborantem.
1121 2906 1207 2969 deni·

185 3017 242 3072 que
271 2998 421 3074 sequitur:
450 2997 580 3067 Aeneas,
610 2998 660 3057 sed
689 2998 737 3057 hic
764 3018 849 3059 mora
876 2998 1013 3058 facienda
1041 2999 1087 3058 est
1109 3000 1140 3057 et
1162 2998 1208 3059 sic

183 3085 342 3146 dicendum
357 3086 461 3162 (nepae
479 3089 557 3145 caim
573 3088 711 3147 memma
725 3088 777 3147 dat
790 3105 863 3147 ewra
876 3088 1011 3160 quictem)
1025 3089 1088 3160 ipse
1101 3087 1208 3148 sedere
1225 3103 1253 3148 ae

258 3230 269 3274 1
291 3222 493 3276 et—secabaat
511 3221 590 3275 deest
607 3222 638 3275 in
651 3220 712 3288 VR,
731 3221 780 3276 sed
800 3221 963 3290 explicatur.
1033 3227 1048 3274 2
1067 3223 1157 3277 omnia
1169 3221 1205 3278 V.

183 3294 250 3346 lire
268 3309 322 3346 om.
337 3293 381 3347 ed.
452 3294 599 3347 'inceium
617 3292 779 3349 coacerva
838 3294 886 3348 'ereo
908 3293 1005 3348 Troiae
1022 3294 1125 3348 scilicet
1141 3294 1207 3348 aab·

183 3363 254 3418 side'o
273 3364 316 3417 ed.
390 3363 502 3429 efacta
516 3362 575 3419 VR.
604 3365 607 3435 ξ
635 3366 784 3433 olimptam
851 3407 855 3417 .
884 3363 887 3435 t
915 3370 1018 3433 post-
1031 3368 1064 3418 10
1115 3363 1208 3419 eva

184 3434 228 3489 ed.
243 3436 479 3504 posuit—posuit
496 3451 554 3489 nos.
614 3441 647 3489 10
667 3438 736 3490 lunc
754 3452 823 3505 qaae
841 3435 867 3489 R
885 3436 1005 3503 lanaque
1018 3433 1074 3489 Ve
1096 3480 1102 3490 .
1121 3436 1208 3491 lassae

184 3523 253 3576 qaae
270 3523 330 3561 nos.
390 3513 422 3561 11
442 3513 586 3561 unwani
601 3505 633 3561 V.
694 3513 727 3560 12
746 3524 775 3562 se
792 3523 843 3574 pro
861 3523 917 3561 sese
931 3505 989 3561 VR.
1046 3512 1079 3561 15
1098 3507 1207 3562 werrico

185 3577 228 3633 ed.
284 3584 317 3633 21
337 3576 458 3633 dieiVR
474 3579 576 3633 scilicet
593 3579 619 3632 d.
639 3579 682 3633 ed.
705 3581 708 3638 ‘v
731 3576 908 3634 dederctVR
927 3578 970 3631 ed.
990 3578 1126 3633 deaderat
1144 3594 1205 3634 nos.

176 3655 214 3703 23
231 3666 297 3707 cero
315 3668 369 3706 om.
387 3650 430 3706 ed.
505 3655 539 3705 26
561 3650 671 3722 repebat
689 3647 740 3703 VR
760 3649 868 3720 gerebat
885 3649 929 3703 ed.
960 3649 963 3721 t
993 3650 1152 3718 praemebat
1169 3648 1206 3708 V.

164 3726 203 3775 29
218 3723 338 3782 Aeneae
355 3743 414 3783 non
433 3741 489 3799 pro
508 3723 646 3782 lemmate
664 3720 830 3793 scripsitV.
