2725 4150
189 333 252 397 128
472 329 613 385 DONATI
629 330 800 386 INTERPR.
814 329 923 386 vulto.

186 498 323 573 Thybris.
377 499 527 557 miraretur
558 503 584 557 et
614 499 725 567 audac,
758 500 886 558 retrotar
914 516 1017 558 aeroas
1045 499 1209 559 intactior:

186 587 330 647 vertenda
348 587 498 647 ordinatio
517 590 576 663 est3
594 608 680 647 nemo
700 587 779 646 enim
798 587 872 647 dicit
890 586 965 664 „et“
983 587 1043 647 nisi
1056 589 1111 664 qui
1122 588 1208 664 prius

186 676 302 754 aliquid
325 677 446 736 dixerit:
468 679 504 734 ut
526 678 567 737 sit
588 677 738 736 mirantur
759 678 857 736 undae
877 680 907 736 et
925 696 1029 738 nemus
1046 676 1208 738 insuetum

186 765 328 826 dicuntur
349 768 416 842 ipsa
439 765 599 826 miracula:
621 767 767 840 fatpeatta
790 767 872 840 torpe
889 771 973 826 scota
995 767 1094 825 cirson
1115 768 1209 838 stacio

181 857 334 929 pictasque
351 857 457 914 tonare
476 857 604 914 carinas.
633 856 732 914 undae
750 857 780 914 et
799 875 902 916 nemus
916 855 1106 916 mirabantur
1120 859 1209 916 scuta
1239 870 1252 911 a

186 948 217 1004 et
247 946 333 1006 navis
366 947 470 1003 natare
503 964 557 1021 per
588 944 722 1005 flauum.
773 945 1008 1021 pulcherrimum
1043 947 1137 1022 pocta
1171 965 1207 1005 ex

186 1036 339 1094 occasione
362 1035 462 1093 tenuit
484 1035 592 1108 locum,
615 1036 739 1110 propter
760 1034 883 1093 Aenean
906 1035 1022 1093 factum
1044 1038 1079 1094 ut
1102 1037 1208 1095 contra

185 1124 280 1183 totius
316 1122 507 1199 antiquitatis
539 1124 629 1182 fidem
662 1125 729 1183 loca
755 1124 810 1183 illa
838 1127 868 1183 et
895 1126 981 1183 naris
1009 1123 1147 1184 viderent
1177 1126 1208 1183 et

185 1214 316 1270 armatos
332 1215 364 1269 in
382 1212 518 1272 navibus.
551 1213 602 1271 otti
612 1214 736 1295 remtpto
749 1217 915 1286 noctemque
928 1213 1060 1286 diemque
1077 1214 1208 1288 fatigant

141 1306 211 1361 osa
247 1302 345 1375 leopos
381 1306 524 1374 saporaret
558 1303 653 1372 siccas
689 1303 837 1377 uariisque
878 1306 1013 1376 teporatur
1050 1303 1207 1362 arboribus
1224 1316 1252 1356 ro

183 1390 345 1463 viridisque
373 1395 473 1449 secant
496 1391 617 1464 placido
647 1409 771 1464 aequore
800 1392 907 1450 siloas:
935 1391 1067 1452 ostendit
1090 1394 1206 1468 quanto

184 1479 283 1555 spatio
306 1481 449 1556 temporis
472 1480 642 1555 pervenisse
665 1480 846 1540 viderentur.
887 1483 974 1540 nocte
997 1499 1071 1556 una,
1094 1481 1204 1558 inquit,

184 1573 215 1627 et
237 1569 286 1628 die
308 1570 398 1630 remis
422 1570 543 1629 filerunt
565 1569 676 1628 intenti
699 1571 731 1628 et
747 1570 931 1629 transierunt
949 1571 1054 1648 longos
1072 1570 1205 1631 fluminis

183 1658 284 1720 flexus.
317 1659 385 1718 ideo
409 1660 583 1719 curvaturas
606 1661 637 1717 et
658 1658 831 1719 inflexiones
849 1660 966 1737 tetigit,
990 1660 1063 1736 quia
1080 1659 1206 1720 fiumina

185 1749 286 1807 omnia
311 1751 394 1808 recta
422 1767 485 1807 esse
511 1768 571 1807 non
599 1749 734 1824 possunt.
780 1767 833 1824 per
856 1767 974 1808 omnem
997 1750 1099 1807 autem
1121 1749 1205 1808 illius
1222 1759 1248 1800 ¹⁶

183 1837 386 1914 navigationis
417 1855 537 1896 cumam
567 1840 597 1896 et
625 1837 802 1913 placiditate
831 1836 981 1896 undarum
1009 1839 1058 1896 usi
1081 1840 1153 1897 sunt
1175 1840 1206 1898 et

183 1928 333 2001 opacitate
356 1945 519 1985 nemorum.
562 1927 606 1985 sol
627 1927 755 1985 mediam
779 1927 853 1985 caeti
875 1926 1080 1985 conscenderat
1101 1927 1206 2001 tyrseus

183 2016 292 2084 orbem,
317 2033 383 2075 cara
404 2033 504 2076 maros
523 2032 674 2089 arcemque
691 2016 799 2090 procat
817 2033 853 2075 ac
869 2034 944 2075 rara
962 2016 1114 2075 maroa
1132 2021 1204 2076 tecta

182 2104 295 2163 rideat:
322 2105 399 2163 dixit
421 2124 507 2164 omne
529 2108 647 2182 tempus
671 2125 732 2182 quo
760 2105 963 2183 navigationis
991 2108 1131 2182 peractus
1159 2108 1206 2165 est

183 2212 296 2269 cursus,
309 2213 388 2253 nunc
401 2196 507 2253 horam
521 2194 594 2253 dicit
608 2213 670 2271 qua
684 2195 723 2253 ad
741 2196 840 2255 locum
853 2197 977 2254 ventum
991 2197 1045 2269 est,
1062 2194 1206 2271 medium,
1222 2206 1248 2247 ¹⁰

181 2282 296 2358 inquit,
320 2284 436 2343 caelum
459 2285 504 2344 sol
526 2285 679 2359 tenuerat,
702 2284 769 2361 ipsa
788 2286 834 2343 est
852 2288 935 2343 sexta
957 2285 1045 2359 hora,
1068 2286 1111 2359 et,
1135 2303 1205 2343 cnm

182 2373 242 2429 iam
260 2373 510 2451 contegerentur
527 2373 623 2431 nimia
644 2373 751 2433 umbra
773 2373 923 2447 arborum,
947 2372 1135 2450 apparebant
1156 2374 1204 2434 his

182 2462 261 2521 muri
289 2463 433 2536 civitate,
463 2482 515 2521 arx
543 2482 662 2539 quoque
691 2466 722 2521 et
743 2482 813 2521 rara
836 2462 992 2521 domorum
1014 2465 1103 2522 tecta.
1149 2463 1203 2522 illo

182 2553 315 2627 tempore
343 2554 388 2611 ait
409 2571 479 2611 rara
502 2572 561 2629 quo
585 2551 702 2611 Aeneas
725 2553 902 2626 accesserat,
930 2569 1004 2625 qaae
1026 2569 1117 2621 aare,
1146 2552 1204 2612 hoc

183 2643 229 2699 est
259 2660 328 2699 eum
350 2641 501 2719 Vergilius
523 2641 597 2700 haee
620 2641 782 2716 scribebat,
813 2642 951 2700 Romana
970 2642 1101 2713 potentia
1124 2642 1203 2700 caeto
1221 2652 1248 2693 π

121 2740 172 2789 100
183 2732 331 2801 aequarit,
370 2734 438 2789 tanc
472 2748 520 2789 res
551 2732 653 2804 inopes
684 2730 851 2789 mandras
887 2730 1019 2789 habebat.
1080 2732 1111 2789 et
1146 2731 1203 2790 hoc

182 2817 300 2877 Aeneae
322 2818 488 2880 virtutibus
508 2819 690 2896 adplicatu13
709 2818 849 2879 felicitati
867 2820 947 2878 enim
964 2819 1119 2879 Romanae
1136 2821 1203 2895 ipse

180 2906 303 2966 initium
327 2908 417 2983 dedit,
441 2912 477 2968 ut
499 2929 535 2967 ex
557 2910 666 2967 humili
688 2911 720 2968 et
741 2929 838 2985 parva
858 2909 943 2967 fieret
964 2908 1062 2967 maior
1084 2912 1115 2968 et
1137 2928 1203 2984 per·

181 2997 297 3057 reniret
323 2998 441 3056 culmen
469 2999 533 3057 eius
561 2998 600 3057 ad
623 2999 749 3058 caelum.
798 3000 879 3057 oetas
911 2998 1067 3058 adocrtmet
1092 3015 1203 3071 proras

181 3087 303 3160 artique
316 3088 527 3160 propiaquant.
559 3086 641 3146 ocius
663 3087 740 3162 ideo,
765 3087 836 3164 quia
859 3087 898 3146 ad
916 3086 1118 3147 desideratum
1135 3107 1202 3163 per·
1221 3100 1248 3140 ao

181 3178 325 3235 venerant
347 3176 454 3234 locum.

180 3363 261 3419 cadis
283 3380 341 3417 nos.
372 3363 376 3435 Ι
404 3369 524 3418 caerae
541 3363 567 3417 V
590 3380 659 3417 corr.
679 3364 723 3418 ed.
805 3369 818 3418 1
842 3364 959 3433 rayca
983 3380 1046 3418 cum
1068 3363 1202 3419 lemmate

182 3435 354 3504 coniungens
375 3434 416 3489 sic
437 3434 552 3503 scripsit
567 3434 601 3489 V:
625 3436 661 3490 a.
680 3437 800 3492 miratur
822 3442 847 3490 ct
869 3435 963 3489 undae
982 3437 1121 3491 mirantur
1138 3453 1168 3491 a.
1181 3438 1201 3490 ι’.

182 3511 243 3560 aet
260 3522 313 3560 om.
329 3506 372 3560 ed.
438 3505 585 3561 tsmch
602 3507 681 3561 arado
699 3506 743 3561 ed.
774 3507 777 3578 i
806 3507 962 3564 mirabatur
980 3507 1024 3561 ed.
1093 3508 1202 3563 eade-

173 3584 241 3630 rent
261 3577 287 3630 V
310 3578 434 3633 reboent
458 3577 502 3633 ed.
576 3583 592 3631 9
617 3580 686 3632 naci
711 3578 755 3631 ed.
828 3583 862 3632 1o
888 3594 922 3633 ec
940 3578 1105 3647 placiditate
1129 3578 1174 3633 ed.

160 3646 219 3698 ube'
236 3645 263 3697 V
282 3651 404 3705 asinos
427 3651 486 3707 tuti
501 3649 548 3708 ed.
622 3655 657 3706 23
676 3647 774 3707 arcii
795 3666 848 3705 ara
865 3648 910 3704 cd.
982 3655 1016 3704 26
1034 3651 1126 3717 tropis
1140 3648 1172 3705 V.

143 3712 297 3773 Euander
314 3722 361 3778 ed.
444 3730 480 3781 29
498 3733 635 3788 coenum
654 3725 702 3783 ed.
