2725 4150
536 289 777 345 Ammmosru
1100 295 1165 360 467

145 459 337 535 monstravit,
359 462 395 520 ut
417 477 522 519 revera
539 478 600 518 non
623 457 686 517 odii
708 457 756 519 sui
778 477 910 534 causam,
937 459 990 519 sed
1012 458 1167 536 publicum

144 551 223 609 tueri
246 549 435 608 commodum
457 547 616 608 videretur.
651 546 718 624 quis
742 547 821 607 enim
843 549 875 607 in
897 547 951 609 illa
973 547 1167 609 multitudine

144 639 205 698 fuit
228 640 281 714 qui
303 657 364 697 non
382 638 496 697 doleret
518 637 676 712 amissum,
700 656 768 698 cum
791 635 845 697 alii
866 639 981 714 patres,
1005 636 1059 696 alii
1080 637 1168 714 filios,

144 727 283 787 nonnulli
309 728 417 787 fratres
445 727 499 786 aut
520 727 705 803 propinquos
734 726 784 787 vel
812 726 977 787 familiares
1007 725 1166 788 fidissimos

114 837 125 876 s
144 815 320 895 gemerent?
345 817 418 875 dum
436 815 527 874 Troia
549 817 680 892 temptat
703 817 802 876 castra
822 816 914 894 fugae
931 816 1025 876 fidens
1049 818 1080 876 et
1102 829 1166 876 cae·

144 908 206 964 lum
237 907 358 966 territat
385 904 488 966 armis:
518 906 549 964 et
574 905 631 964 hoc
660 904 800 965 dicebant
825 905 987 981 inflictum,
1016 905 1088 965 dum
1114 904 1166 964 ille

145 995 276 1056 Troiana
298 998 398 1055 eastra
419 995 583 1072 temptaret
605 997 636 1054 et
657 1013 718 1053 non
736 995 799 1054 iam
811 995 960 1070 homines,
983 994 1036 1055 sed
1050 995 1166 1056 caelum

143 1088 264 1162 pulsare
282 1085 480 1146 contenderet.
512 1085 656 1161 temptat,
677 1083 792 1160 iuquit,
815 1102 875 1143 non
894 1087 1060 1164 expugnat:
1083 1084 1165 1151 deni·

145 1196 202 1252 qua
226 1175 344 1235 addidit
365 1175 456 1252 fugae
478 1173 581 1233 fidens.
626 1174 774 1250 temptare
795 1175 906 1251 quippe
930 1174 1037 1234 estad
1060 1194 1166 1236 unsar

99 1285 125 1324 10
144 1283 295 1340 quamque
317 1284 381 1324 rem
403 1263 574 1324 diffidenter
596 1262 742 1322 accedere.
774 1262 933 1322 videbatur
955 1282 1026 1342 ergo
1045 1263 1166 1325 Turnus

143 1357 305 1429 temptasse
324 1356 475 1413 certamen
495 1355 527 1412 et
545 1351 675 1414 evasisse
693 1351 844 1430 fugiendo.
880 1351 1006 1428 proinde
1024 1352 1166 1414 desertio·

143 1445 190 1502 nis
214 1443 242 1501 ei
269 1445 379 1502 crimen
408 1441 551 1517 obiectat,
581 1442 654 1518 quia
680 1441 712 1500 in
735 1440 843 1500 decimi
864 1440 935 1501 libri
957 1444 1043 1519 parte
1066 1441 1165 1502 dictus

143 1536 188 1591 est
211 1532 371 1610 aufugisse.
402 1534 515 1591 terrere
538 1533 641 1590 autem
663 1529 782 1590 caelum
803 1530 925 1590 videtur
943 1531 996 1607 qui
1018 1531 1050 1588 in
1074 1531 1166 1590 armis

143 1622 259 1681 exultat
281 1624 312 1681 et
334 1641 401 1680 cum
428 1620 513 1681 nullo
539 1618 739 1698 congreditur.
784 1621 954 1697 proprietas
982 1622 1083 1679 tamen
1111 1619 1166 1679 illa

98 1730 124 1770 15
143 1712 189 1769 est
212 1710 298 1786 dieti,
321 1714 357 1771 ut
375 1709 506 1770 Troiani
521 1709 604 1769 caelo
627 1709 785 1786 conparati
805 1709 979 1783 videantur,
1003 1708 1084 1786 quod
1105 1727 1166 1769 nou

142 1801 265 1875 possent
290 1799 466 1859 mortalium
495 1797 687 1876 adgressione
714 1799 829 1859 terreri.
874 1798 965 1858 Troia
996 1799 1095 1859 easta
1123 1799 1166 1859 sie

141 1889 336 1963 pronuntiare
355 1888 509 1964 debemus,
531 1890 568 1948 ut
585 1887 676 1947 ll'roia
694 1906 754 1946 non
773 1886 865 1963 duas,
888 1887 940 1948 sed
957 1887 1013 1948 tris
1032 1886 1165 1964 syllabas

142 1979 248 2054 faciat,
269 1982 319 2038 tro
341 1979 506 2055 separatim
529 1980 560 2037 et
581 1977 700 2038 uocales
722 1976 736 2036 i
757 1979 789 2037 et
811 1996 830 2036 a
852 1977 1024 2055 separatim.
1065 1980 1165 2038 eastra

143 2088 261 2144 quoque
291 2088 351 2128 non
379 2069 457 2129 solos
487 2067 630 2145 parietes,
659 2065 713 2128 sed
742 2067 904 2127 exercitum
934 2067 1047 2129 dietum
1077 2066 1166 2129 debet

97 2178 124 2217 eo
141 2158 286 2236 intellegi.
318 2159 408 2218 huius
431 2158 492 2217 loci
514 2176 618 2218 sensus
641 2155 685 2217 sic
708 2156 877 2217 ordinatur:
899 2157 969 2217 licet
987 2176 1072 2217 arma
1089 2157 1165 2218 mihi

140 2250 328 2325 mortemque
345 2249 478 2306 minetur
496 2248 580 2308 cuius
595 2245 633 2307 ob
647 2245 815 2323 auspicium
828 2245 995 2305 infaustum
1006 2264 1164 2323 moresque

141 2336 277 2396 sinistros
310 2337 425 2396 lumina
455 2339 503 2396 tot
533 2335 674 2396 cecidisse
704 2335 814 2394 ducum
842 2336 999 2411 totamque
1027 2334 1164 2396 videmus

142 2426 309 2486 consedisse
331 2426 436 2485 urbem
458 2425 554 2500 luctu,
585 2425 657 2483 dum
679 2423 771 2484 Troia
793 2425 924 2500 temptat
951 2425 1051 2484 castra
1073 2424 1164 2503 fugae

140 2516 233 2575 fidens
263 2518 292 2575 et
319 2516 436 2575 caelum
458 2515 580 2575 territat
604 2514 705 2574 armis.
750 2531 844 2573 cumn
872 2513 959 2573 etiam
982 2513 1067 2573 dosis
1089 2514 1163 2583 istie,

96 2621 122 2660 es
141 2622 216 2677 quoe
230 2605 365 2678 plurimu
381 2604 457 2663 mitte·
473 2603 664 2664 Dardanidis
682 2602 796 2675 dieique
813 2603 908 2672 iuba,
929 2620 1036 2672 aarum
1059 2602 1164 2676 optime

140 2712 256 2767 repam,
280 2694 396 2753 udices
412 2710 465 2752 nec
483 2697 509 2753 te
526 2693 618 2752 ullius
632 2692 772 2751 abbatia
789 2692 902 2751 emeat:
925 2690 1001 2751 dixit
1014 2691 1163 2768 placuisse

142 2782 279 2842 omnibus
303 2781 483 2843 sententiam
508 2783 603 2860 regis,
633 2780 685 2841 sed
712 2780 831 2841 addidit
853 2781 985 2841 Drances
1009 2780 1091 2857 quod
1111 2779 1163 2840 ille

141 2872 276 2932 consulto
300 2875 331 2932 et
348 2871 513 2933 verecunde
531 2869 752 2946 transmiserat3
775 2869 842 2929 finis
866 2869 946 2929 enim
963 2870 1043 2931 bello
1061 2872 1164 2947 posset

141 2962 292 3034 accedere,
316 2961 342 3020 si
359 2961 518 3021 tolleretur
535 2979 625 3021 eausa
642 2960 849 3020 certaminum.
887 2959 931 3020 ait
946 2959 1042 3037 igitur
1060 2978 1163 3035 unum,

94 3068 121 3107 eo
141 3051 220 3127 quod
243 3052 362 3110 tantam
383 3051 489 3111 habuit
507 3048 707 3127 persuadendi
729 3048 944 3125 substantiam,
966 3052 1002 3110 ut
1019 3050 1076 3108 hoc
1097 3068 1162 3107 rur·

140 3160 206 3199 sum
236 3141 401 3200 necessario
433 3141 598 3218 repeb‘sset.
644 3139 711 3216 qui,
739 3138 854 3215 inquit,
884 3137 1023 3199 Troianis
1051 3137 1163 3200 misisti

213 3335 228 3382 6
256 3329 363 3383 dicebat
389 3328 433 3384 ed.
516 3332 531 3381 9
555 3344 669 3399 pargnac
695 3343 747 3396 pro
774 3328 858 3397 fugae
890 3329 986 3396 (supra
1013 3343 1059 3381 reo
1089 3327 1098 3394 )
1126 3324 1161 3382 V.

140 3407 172 3453 11
193 3400 356 3456 desmioues
373 3406 399 3455 et
415 3401 518 3455 crim
531 3399 558 3455 V
576 3400 602 3454 d.
617 3400 775 3455 &crimina
789 3399 833 3453 ed.
848 3399 1007 3455 damieais
1020 3400 1046 3453 a·
1059 3399 1162 3452 nemea

140 3488 199 3524 nos.
264 3476 297 3525 13
317 3478 407 3526 autem
426 3488 479 3527 om.
495 3471 539 3526 ed.
605 3476 638 3525 18
656 3469 740 3526 troV
757 3476 798 3525 tro
817 3471 829 3524 e’
847 3488 866 3525 o
883 3470 927 3524 ed.
996 3474 1028 3524 19
1046 3466 1162 3525 solasV

140 3544 199 3597 -los
216 3559 267 3596 nos
290 3544 364 3598 duro
383 3543 426 3598 ed.
500 3548 534 3597 20
556 3543 631 3598 hanc
654 3558 751 3598 sensus
775 3540 985 3596 ordinationem
1006 3541 1091 3594 omna
1103 3555 1173 3590 aaa·
1232 3606 1234 3608 ‚

139 3614 239 3668 borum
261 3613 487 3669 collocandorum
505 3614 610 3671 rationi
628 3613 807 3671 contrariam
820 3612 976 3669 lemmatis
994 3606 1196 3665 distinctione

138 3686 292 3752 exprimere
308 3703 365 3740 nou
381 3687 473 3756 potui.
549 3694 586 3747 30
605 3690 803 3749 commutas
822 3687 872 3743 ed.

995 3786 1055 3843 'bb‘
