2725 4150
550 333 791 391 mnumosrx
1115 339 1180 406 261

162 505 189 563 si
207 502 345 580 plurimis
364 502 557 580 loqueretur?
585 506 725 580 apparet,
745 501 859 583 inquit,
876 506 907 564 te
926 523 989 566 esse
1008 504 1184 580 dementem,

163 591 283 670 quando
312 591 441 670 sperasti
467 596 497 652 te
524 611 606 653 meas
633 611 742 653 manus
769 612 938 654 evasurum.
985 595 1105 672 quando
1127 595 1185 655 hoc

161 681 220 741 tibi
242 680 400 758 provenire
424 684 538 759 posset,
565 685 601 743 ut
622 683 751 758 viveres,
779 683 832 760 qui
854 687 1027 760 sequentem
1050 684 1184 743 Turnum

161 775 248 832 ratus
267 789 297 831 es
316 772 421 850 fugam
438 774 523 831 tuam
542 772 716 849 praevenire
741 790 800 831 non
823 771 930 850 posse?
964 773 1054 832 sienni
1077 773 1185 847 arripit

129 863 262 935 stpsnne
283 861 458 934 pendentem
481 865 507 920 et
528 879 639 936 meone
665 863 745 920 mnrt
772 879 837 920 cnon
855 865 944 935 porte
966 862 1091 921 recellit:
1118 881 1184 922 ecce

163 952 312 1027 quantum
342 950 461 1027 proficit
489 949 651 1026 pernicitas
682 950 790 1010 Turni:
819 952 882 1009 iam
911 954 1047 1012 evaserat
1076 950 1184 1028 Lycus,

162 1041 224 1099 iam
243 1038 366 1099 tenebat
383 1040 464 1115 tuta,
488 1038 631 1116 denique,
654 1058 723 1099 cum
742 1060 810 1099 eum
827 1038 1008 1118 pendentem
1025 1039 1184 1118 rapuisset,

162 1148 231 1189 cum
253 1127 333 1187 muri
355 1132 441 1206 parte
466 1148 558 1205 quam
586 1129 710 1189 tenebat
738 1130 863 1190 avulsus
886 1132 940 1190 est.
984 1130 1041 1190 hoc
1070 1130 1184 1190 factum

163 1221 209 1278 est
232 1219 333 1277 Turno
355 1218 510 1295 loquente,
532 1236 570 1277 ne
593 1219 732 1278 effectum
754 1218 891 1295 perderet
912 1218 1086 1296 increpatio.
1127 1219 1185 1279 hoc

116 1327 143 1366 10
162 1311 209 1368 est
233 1306 313 1384 quod
336 1308 380 1367 ait
402 1305 493 1367 simul
516 1308 624 1384 arripit
646 1307 746 1385 ipsum
772 1308 964 1385 pendentem,
990 1311 1026 1367 ut
1049 1309 1184 1368 Turnum

163 1402 194 1457 et
226 1397 362 1456 locutum
397 1415 460 1456 esse
495 1398 525 1456 et
558 1395 656 1457 verbis
688 1397 802 1456 factum
834 1396 963 1458 sociasse
993 1400 1183 1458 monstraret.

163 1487 261 1560 qnote's
278 1487 331 1544 nbi
348 1490 402 1544 ont
418 1486 543 1560 leporem
561 1490 615 1545 ont
632 1486 769 1545 condenti
787 1504 904 1560 corpore
923 1504 1044 1562 nenena
1065 1487 1185 1546 snstnl't

163 1577 225 1635 otta
245 1579 347 1648 petens
368 1575 496 1647 pedibas
517 1575 600 1634 Ionis
627 1577 756 1650 ormiper
782 1577 881 1635 nnsis:
908 1574 1082 1654 conparatio
1110 1595 1183 1652 quo·

161 1664 252 1724 modo
276 1665 394 1724 Turnus
417 1664 520 1741 rapuit
536 1663 664 1740 Lycum:
689 1665 939 1742 quemadmodum
963 1666 1051 1739 solet,
1073 1663 1183 1741 inquit,

117 1771 144 1811 15
163 1754 269 1832 aquila
296 1753 447 1832 unguibus
474 1754 606 1830 leporem
632 1757 733 1814 tenere
760 1754 809 1813 vel
839 1773 975 1831 cycnum.
1020 1755 1244 1827 qnaesttnnnets

163 1848 217 1904 ont
234 1845 324 1902 matri
341 1843 441 1902 maltis
460 1843 608 1902 balatibus
626 1861 736 1918 cqnnnn
750 1843 885 1903 Martias
903 1862 923 1903 o
941 1844 1065 1904 stabatis
1082 1845 1185 1916 repen

164 1935 267 2008 lnpns:
295 1935 350 1993 aut
377 1933 525 2008 quomodo
557 1932 635 1992 solet
656 1933 745 2008 lupus
774 1952 885 2012 agnum
907 1932 999 1993 matri
1021 1931 1183 2010 subripere.

163 2023 268 2101 aquila
299 2024 329 2081 et
360 2023 464 2099 lupus,
501 2021 609 2099 quibus
642 2023 777 2082 Turnum
812 2023 1001 2101 conparavit,
1039 2022 1183 2083 animalia

164 2115 236 2173 sunt
262 2113 337 2171 satis
365 2115 465 2171 astuta
487 2115 518 2171 et
540 2112 579 2171 ad
601 2112 779 2189 rapiendum
802 2114 972 2189 aptissima,
999 2113 1084 2189 lepus
1111 2132 1183 2174 vero

116 2218 144 2257 so
163 2205 194 2261 et
217 2220 327 2277 cycnus
350 2219 466 2277 semper
487 2202 616 2277 praedae
639 2202 768 2262 subiecti
791 2205 822 2261 et
844 2221 918 2279 quos
942 2221 1057 2279 semper
1079 2201 1184 2263 feritas

163 2293 252 2351 tanta
283 2289 438 2365 despiciat.
490 2291 548 2350 hoc
578 2291 673 2370 igitur
710 2292 824 2351 factum
857 2310 925 2370 eum
956 2292 1074 2351 Turnus
1107 2292 1184 2350 mira

163 2381 316 2440 celeritate
344 2380 524 2458 conplesset,
552 2381 682 2453 nndtqne
712 2381 822 2440 elamor
851 2381 972 2452 totlitnr;
1007 2380 1074 2457 quis
1104 2382 1184 2439 enim

163 2490 224 2529 non
247 2469 387 2528 laudaret
403 2467 547 2529 virtutem
564 2472 682 2529 tantam
705 2472 736 2528 et
757 2470 927 2529 velocitatis
950 2468 1111 2528 eventum?
1138 2470 1184 2526 in-

163 2559 278 2632 ondnnt
314 2562 341 2617 ct
370 2562 469 2633 fossos
506 2575 609 2632 cepere
641 2558 787 2632 conplent:
823 2558 938 2618 occasio
970 2576 1073 2616 eorum
1105 2575 1183 2632 quae

117 2663 145 2703 aa
164 2648 303 2708 Troianis
336 2646 507 2707 acciderant
540 2648 623 2706 dedit
654 2646 777 2707 Rutulis
808 2646 972 2706 invadendi
1004 2648 1122 2723 copiam
1153 2650 1184 2706 et

165 2738 356 2815 congestione
379 2740 476 2796 terrae
498 2738 594 2795 fossas
617 2735 762 2812 inplendi.
799 2737 930 2795 ardentis
949 2735 1052 2795 taedas
1070 2735 1125 2794 atti
1143 2736 1184 2793 od

163 2828 287 2901 t'ostnpe'c
305 2827 430 2885 iactent:
452 2825 557 2886 evictis
581 2825 660 2885 enim
682 2825 770 2884 fossis
793 2826 881 2885 facile
904 2843 1000 2901 usque
1024 2826 1062 2885 ad
1084 2825 1183 2902 ipsam

163 2917 272 2976 turrim
295 2914 396 2992 potuit
418 2915 581 2991 perveniri,
604 2934 663 2992 quo
687 2914 801 2973 factum
822 2918 867 2974 est
888 2918 1036 2990 utusque
1055 2914 1094 2974 ad
1116 2915 1184 2991 ipsa

164 3004 289 3083 fastigia
317 3007 503 3064 iactarentur
531 3006 625 3079 faces,
654 3007 690 3063 ut
717 3023 735 3063 a
758 3021 874 3064 summo
905 3005 1011 3064 ardens
1041 3003 1184 3063 inferiora

117 3111 146 3150 ao
164 3094 293 3154 flammis
321 3096 352 3154 et
378 3093 466 3153 ruina
493 3093 651 3169 deciperet.
696 3094 829 3152 Ilioneus
858 3111 931 3153 sono
961 3096 1046 3167 atone
1073 3094 1184 3168 inpenti

163 3185 312 3259 fropncine
328 3184 435 3241 montis
452 3183 607 3242 Isneetinm
626 3186 731 3256 portae
748 3184 916 3241 snbenntenn
934 3183 1067 3257 tpntsqne
1088 3184 1183 3255 seren·
1193 3190 1244 3239 5⁵10

164 3279 233 3342 tenc,
263 3273 444 3331 Bntntln'ono
470 3272 574 3347 Inper,
607 3270 791 3347 Oorynoennn
818 3273 920 3331 sternit
945 3270 1064 3331 Asilas:
1093 3271 1184 3329 semel

164 3363 299 3440 positum
326 3362 433 3421 sternit
458 3364 506 3420 ter
534 3360 752 3438 accipiendum,
783 3362 927 3438 quoniam
956 3360 1011 3420 tris
1041 3380 1059 3419 a
1086 3359 1182 3420 tribus

238 3590 253 3638 6
273 3586 385 3654 proficit
401 3584 427 3638 V
446 3585 557 3655 profuit
579 3583 622 3637 ed.
695 3588 728 3637 23
749 3585 911 3640 landaretur
929 3590 1017 3639 antem
1037 3590 1143 3639 tantam
1157 3582 1183 3635 V

165 3659 182 3712 t.
198 3674 253 3726 pro
273 3663 313 3711 ter
330 3663 439 3712 tantam
458 3656 501 3710 ed.
521 3655 650 3711 tonderet
665 3656 795 3712 etnnten
812 3663 922 3714 tontonn
943 3662 969 3712 et
986 3673 1052 3710 nos.
1074 3655 1092 3727 i
1115 3670 1195 3707 eucn-

164 3736 222 3783 tnn
279 3728 399 3793 effictam
418 3727 460 3783 ed.
537 3733 572 3784 30
591 3728 768 3803 deciperetV
790 3731 911 3789 deiceret
930 3729 979 3786 ed.
