2725 4150
415 1284 649 1352 AENEIDOS
673 1285 808 1352 LIBER
825 1285 900 1352 VII.

218 1470 293 1530 Post
326 1470 494 1530 confectum
529 1471 567 1530 ab
601 1471 706 1531 inferis
739 1470 869 1531 reditum
904 1471 1045 1530 describit
1080 1475 1171 1547 poeta

148 1559 270 1619 Aenean
300 1558 420 1619 Caietae
451 1562 573 1637 portum
603 1564 686 1620 recto
719 1561 825 1621 itinere
852 1559 995 1636 petivisse
1025 1562 1068 1636 et,
1099 1560 1172 1636 quia

148 1651 263 1710 occasio
286 1648 358 1724 fuit,
380 1650 521 1709 meritum
543 1649 639 1726 ipsius
661 1649 783 1710 Caietae
806 1650 996 1709 commendat
1017 1649 1049 1708 in
1072 1650 1170 1725 sepul·

149 1739 212 1797 chri
242 1737 514 1814 honorificentiam
550 1740 607 1799 hoc
639 1739 719 1798 enim
751 1740 849 1799 solum
881 1739 1014 1799 exhiberi
1044 1741 1171 1799 mortuis

122 1826 241 1887 clicuit.
288 1827 401 1887 sufficit
422 1830 547 1905 prepter
568 1829 731 1888 transitum
752 1828 863 1888 inferni
884 1828 1030 1905 duminis3
1053 1830 1173 1890 viderat

149 1917 257 1994 quippe
285 1917 349 1993 ipse
376 1937 468 1995 quam
493 1918 609 1977 cladem
631 1918 694 1978 illio
715 1918 862 1995 insepulti
883 1918 1049 1994 patiantur.
1094 1919 1172 1978 hano

91 2071 97 2085 ι
148 2007 239 2066 refert
267 2008 358 2083 poeta
384 2006 504 2066 Aeneae
531 2007 625 2066 fnisse
653 2007 814 2083 nutricem,
842 2008 927 2067 ouius
955 2007 991 2067 de
1014 2009 1172 2085 sepultura

150 2115 214 2156 cum
236 2097 383 2174 loquitur,
411 2099 442 2156 et
467 2097 591 2157 Aenean
614 2098 713 2174 ipsum
735 2098 867 2174 praefert
889 2100 921 2156 et
942 2100 1046 2157 tantae
1069 2098 1171 2177 benig-

148 2187 252 2246 nitatis
275 2185 420 2246 feminam
437 2186 554 2246 laudat.
589 2190 726 2246 mortuae
746 2188 857 2263 quippe
875 2186 1053 2247 beneficium
1071 2188 1172 2247 stabat

115 2288 135 2328 1e
149 2275 180 2333 in
203 2295 239 2335 eo
262 2275 344 2351 quod
366 2276 496 2335 Romani
522 2275 643 2352 imperii
664 2277 844 2353 principem,
866 2276 964 2352 pium,
989 2277 1171 2354 religiosum,

149 2364 415 2439 prudentissimum
442 2365 609 2441 fortemque
636 2368 799 2439 nutrierat,
832 2366 927 2442 ipsius
954 2384 1025 2425 vero
1051 2364 1171 2423 Aeneae

149 2454 323 2515 vicissitudo
348 2454 500 2532 reciproca
523 2454 566 2514 sic
589 2455 748 2515 defunctae
771 2472 890 2514 curasse
913 2455 1113 2530 sepulturam,
1136 2456 1173 2513 ut

149 2546 216 2618 post
244 2561 398 2603 excessum
425 2546 548 2603 aeterna
574 2544 705 2604 nominis
733 2544 795 2604 eius
822 2542 967 2602 memoria
994 2545 1172 2619 superesset.

149 2651 251 2691 verum
274 2632 348 2708 quia
369 2629 401 2691 id
422 2634 514 2693 etiam
532 2633 647 2693 Miseno
666 2636 697 2692 et
715 2634 859 2693 Palinuro
878 2634 1016 2708 summis,
1035 2633 1172 2711 egregiis,

115 2732 135 2773 1⁵
149 2720 346 2781 familiaribus
378 2722 442 2783 suis
474 2723 586 2783 fecerat
618 2725 711 2799 atque
749 2742 852 2783 eornm
890 2724 1014 2782 nomina
1050 2723 1173 2782 dederat

148 2810 234 2885 locis,
255 2810 326 2870 huic
348 2811 424 2871 libro
447 2811 568 2872 initium
592 2812 683 2871 datur
709 2816 742 2871 tc
764 2830 875 2886 qaoque
899 2813 1032 2873 litoribus
1054 2813 1171 2881 nostris,

147 2898 262 2960 Aeneia
291 2902 405 2971 natrix,
432 2905 582 2960 adanam
607 2902 736 2960 awriens
762 2904 890 2975 famam,
918 2900 1033 2971 Caieta,
1057 2901 1171 2960 dedisti.

147 2990 285 3049 fortassis
315 2990 425 3068 aliquis
454 2992 543 3066 putet
573 2990 726 3067 inproprie
758 2995 849 3068 caput
880 2992 951 3050 libri
982 2989 1172 3050 constituisse

146 3077 316 3157 Vergilium
344 3078 425 3154 ideo,
458 3081 531 3157 quia
560 3078 638 3139 dixit'
665 3084 701 3140 tu
731 3100 863 3158 quoque,
896 3099 965 3139 cum
994 3082 1064 3139 ante
1092 3080 1173 3138 hunc

110 3179 132 3221 ²⁰
147 3186 266 3228 versum
297 3168 415 3229 nullum
446 3168 616 3229 nominasse
645 3169 793 3230 videatur.
843 3170 900 3229 hoc
930 3168 1091 3229 aestimant
1119 3168 1173 3245 qui

219 3345 234 3394 1
248 3339 402 3407 confectam
416 3356 469 3394 om.
484 3340 603 3395 rediterare
615 3342 754 3408 transpos.
766 3339 809 3395 ed.
875 3345 893 3393 4
906 3340 1114 3407 temrifiecctio
1127 3338 1171 3393 ed.

146 3414 163 3463 o
188 3410 295 3478 sufficit
314 3410 341 3464 V
364 3412 473 3479 suffecit
497 3411 541 3465 ed.
567 3411 687 3467 fortasse
714 3413 799 3465 recte.
872 3416 905 3463 11
931 3411 1030 3479 fortem
1054 3427 1124 3479 quac
1146 3410 1173 3464 V

146 3498 201 3536 om
216 3481 277 3537 ed·
318 3488 351 3535 12
365 3481 440 3537 sicV
454 3481 549 3537 edait
566 3483 610 3538 ed.
624 3485 698 3555 poet.
751 3489 785 3539 14
799 3480 969 3557 e'prcpttsque
986 3482 1035 3539 ed.
1081 3486 1120 3535 xo
1134 3482 1183 3535 dc·

92 3617 96 3622 ¹
146 3552 325 3635 deanted
377 3555 564 3611 romeon.
587 3557 630 3614 ed.
661 3557 665 3635 l
695 3558 849 3619 haeream.
870 3556 918 3616 ed.
990 3560 1032 3612 ab
1050 3553 1206 3611 nomime

139 3622 180 3673 ed,
202 3621 218 3690 l
237 3629 399 3679 mammam
415 3626 458 3681 ed.

1025 3736 1066 3795 ἱ*

551 3794 884 3919 loreas

218 3950 441 3981 ῃ
1089 3908 1270 3981 ⁴⁴·-
