2725 4150
561 328 745 384 Aanumos
764 329 803 383 1x
1127 333 1192 399 239

172 497 293 556 duceret
307 515 408 573 causa,
427 499 497 556 aute
513 498 614 557 omnia
632 497 784 559 clamabat
801 500 836 557 ut
853 500 977 574 starent,
995 516 1054 574 quo
1073 499 1192 559 facilius

172 587 355 646 instruerent
371 588 570 665 ignorantem.
607 607 675 648 cum
693 606 764 648 vero
784 587 929 646 clamaret
939 587 1071 647 Vulcens
1085 591 1115 648 et
1132 589 1193 649 ista

171 675 350 751 inquireret,
373 676 448 735 nibil
469 677 527 745 illi,
550 678 608 736 hcc
628 681 674 737 est
691 677 809 735 nullum
827 677 875 735 illi
893 675 999 735 dedere
1016 695 1192 753 responsum

171 785 226 825 nec
243 766 405 826 voluerunt
423 766 592 841 consistere,
611 767 754 844 quoniam
772 765 833 824 fuit
849 765 911 825 illis
929 765 1051 826 inimica
1065 767 1191 827 cessatio

116 908 118 911 ,
139 870 152 911 s
170 857 202 914 et
220 854 335 914 homini
351 853 549 914 incertissimo
572 874 632 914 non
654 855 715 915 fuit
737 873 834 915 sermo
856 853 1022 915 reddendus
1042 857 1095 932 qui
1115 855 1193 916 arbi-

169 945 270 1004 tratus
299 945 345 1004 est
372 946 426 1003 aut
451 945 527 1003 stari
553 963 640 1021 posse
668 947 724 1004 aut
750 943 849 1004 emitti
874 963 1052 1021 responsum
1079 945 1117 1004 ab
1144 945 1192 1005 his

171 1033 225 1111 qui
253 1032 399 1093 evadendi
427 1033 605 1094 discriminis
634 1053 726 1094 causa
753 1033 938 1109 quaerebant
964 1034 1101 1114 fugiendi
1123 1035 1192 1094 sub·

170 1121 291 1182 sidium.
327 1123 443 1181 meere
465 1126 567 1183 contra
589 1127 616 1182 et
633 1124 759 1183 celercue
775 1123 880 1198 fucum
897 1124 931 1182 in
948 1124 1041 1183 sibus
1060 1128 1087 1183 et
1101 1124 1192 1196 sidem

168 1213 260 1271 nocti:
287 1211 441 1272 nutriebat
468 1212 648 1290 fugientium
677 1231 761 1289 spem
792 1211 924 1289 qualitas
951 1212 1011 1272 loci
1038 1215 1069 1273 et
1095 1215 1192 1273 noctis

124 1318 151 1358 10
169 1304 353 1379 oportmum
375 1303 509 1378 tempus,
537 1321 614 1378 quae
637 1302 705 1378 ipsa
732 1302 765 1360 in
792 1302 977 1362 cannarum
999 1321 1086 1363 versa
1113 1306 1191 1362 sunt.

168 1389 239 1450 inde
267 1392 379 1467 quippe
402 1390 519 1467 decepti
541 1393 613 1469 sunt
634 1390 715 1451 unde
738 1409 769 1450 se
792 1391 855 1449 fore
878 1393 1073 1467 speraverant
1095 1393 1191 1469 tutos,

169 1499 241 1539 nam
267 1480 334 1540 loca
361 1481 517 1558 incognita
544 1499 579 1539 ac
607 1479 791 1540 densissimis
820 1480 858 1539 ab
880 1480 1013 1540 sentibus
1037 1483 1191 1557 occupata,

168 1570 310 1629 tenebrae
333 1570 430 1629 noctis
453 1571 484 1628 et
506 1569 648 1630 instantis
671 1570 800 1647 periculi
821 1572 919 1629 metus
938 1570 982 1629 sic
1000 1589 1105 1629 eorum
1123 1587 1191 1630 con-

169 1659 240 1718 silia
262 1658 473 1734 confuderunt,
495 1662 531 1718 ut
553 1661 584 1718 et
602 1658 841 1718 discernerentur
863 1658 1029 1718 abinvicem
1047 1661 1078 1719 et
1101 1678 1193 1736 quam

124 1762 150 1803 15
168 1749 202 1807 in
233 1750 352 1824 partem
378 1747 499 1807 tendere
527 1748 700 1808 debuissent
726 1747 843 1808 turbati
874 1747 1030 1808 nescirent.
1075 1749 1192 1808 interea

170 1837 420 1897 considerandum
442 1841 489 1898 est
511 1839 661 1915 quomodo
684 1838 812 1898 istorum
839 1856 992 1914 personas.
1007 1857 1064 1914 pro
1093 1840 1191 1898 aetate

168 1929 259 2003 poeta
283 1925 485 2003 descripserit,
508 1926 570 1986 alia
592 1926 672 1987 enirn
695 1925 779 1987 dedit
799 1926 875 1987 Niso
898 1928 1025 1988 consilia
1047 1927 1101 2006 qui
1113 1932 1192 1988 natu

169 2016 271 2076 fuerat
283 2015 388 2094 maior,
399 2017 460 2076 alia
468 2016 603 2094 Euryalo
618 2015 654 2076 de
664 2035 725 2093 quo
739 2034 832 2094 supra
842 2017 919 2076 dixit
928 2009 1023 2099 (181)
1033 2036 1105 2095 „cra
1116 2037 1192 2095 puer

168 2107 268 2183 prima
289 2108 413 2185 signans
435 2107 556 2167 intonsa
577 2105 732 2167 iuventa“.
768 2107 860 2166 Nisus
883 2108 1041 2167 consilium
1060 2109 1193 2185 repperit

123 2210 149 2249 ac
169 2214 230 2272 quc
250 2194 288 2255 ad
302 2195 426 2255 Aenean
443 2196 482 2255 iri
495 2197 653 2272 potuisset,
671 2195 765 2256 Nisus
780 2197 887 2256 ducere
901 2196 1068 2274 Euryalum
1083 2198 1191 2272 noluit,

168 2285 262 2344 Nisus
281 2284 357 2344 dixit
375 2285 509 2362 Euryalo
527 2288 563 2345 ut
581 2288 701 2345 caveret
718 2304 755 2345 ne
774 2285 840 2363 quis
860 2304 879 2344 a
896 2287 982 2365 tergo
1002 2285 1191 2363 inprudentis

167 2374 337 2449 invaderet,
355 2373 446 2434 Nisus
471 2374 548 2433 dixit
569 2374 787 2450 „absistamus,
811 2394 881 2433 narn
903 2375 955 2433 lux
977 2374 1100 2434 inimica
1122 2394 1191 2451 prc-

167 2462 330 2540 pinquat“,
359 2464 451 2523 Nisus
480 2463 557 2523 nihil
583 2465 657 2524 tulit
680 2463 761 2539 quod
784 2467 888 2540 postea
910 2463 995 2523 fieret
1023 2463 1191 2539 adversum,

167 2553 261 2613 Nisus
284 2553 380 2612 erasit
401 2552 434 2611 in
453 2554 531 2613 silva
549 2555 581 2612 et
597 2553 742 2630 inplesset
759 2553 884 2627 factum,
907 2552 932 2611 si
951 2553 1078 2629 Euryali
1096 2554 1190 2628 capti·

122 2655 149 2696 as
167 2644 247 2701 vitas
261 2661 322 2700 ncn
337 2641 493 2702 extitisset.
528 2645 632 2702 contra
646 2642 780 2718 Euryalo
795 2659 862 2718 spes
876 2659 996 2717 magna,
1010 2640 1062 2701 sed
1076 2642 1190 2718 puerile

168 2730 341 2806 consilium,
364 2733 463 2790 tutum
485 2732 602 2792 fervens
626 2734 657 2791 et
678 2730 900 2790 inmoderatum
922 2749 958 2790 ac
975 2731 1048 2790 leve.
1085 2732 1190 2790 contra

167 2820 275 2880 Rutuli
298 2818 371 2896 quid
393 2820 507 2880 fuerint
529 2821 628 2880 moliti
650 2820 819 2880 rideamus:
849 2820 978 2879 obiciunt
1000 2821 1107 2894 equites
1128 2837 1191 2879 sese

168 2910 209 2969 ad
232 2910 359 2969 divortia
380 2914 451 2969 nola
472 2910 540 2969 hirec
562 2915 647 2983 aque
668 2910 737 2968 binc
759 2925 926 2983 omnemque
944 2909 1058 2969 aditum
1076 2910 1191 2969 custode
1201 2914 1252 2963 380

168 3003 323 3058 emanant:
345 3001 510 3076 potuerunt
526 3000 606 3059 inter
622 2998 713 3058 initia
730 2997 885 3058 aestimari
902 2996 939 3057 de
956 3018 1080 3059 numero
1098 2998 1191 3058 fuisse

123 3102 149 3142 ec
168 3088 352 3147 Rutulorum
375 3105 503 3163 quorum
526 3089 613 3167 galea
635 3089 776 3163 fulserat,
804 3088 856 3147 sed
880 3106 947 3146 curn
970 3088 1112 3147 Vulcenti
1130 3106 1189 3147 non

168 3178 277 3237 fuisset
299 3196 488 3254 responsum,
506 3178 692 3238 intellectum
711 3179 757 3237 est
773 3177 869 3237 hostis
888 3195 951 3237 esse
970 3196 1061 3253 quam
1081 3176 1190 3237 socios:

241 3370 257 3418 3
275 3365 385 3420 nullum
402 3366 447 3419 illi
460 3365 486 3419 V
503 3367 548 3420 illi
568 3382 622 3421 cm.
642 3366 686 3421 ed.
759 3372 776 3420 8
794 3366 866 3420 nebit
883 3365 928 3420 illi
945 3363 1073 3418 lemmati
1092 3368 1190 3418 contra

167 3437 284 3505 interpr.
310 3436 443 3504 praefixit
470 3436 513 3491 ed.
549 3438 552 3506 l
591 3443 617 3491 et
640 3439 758 3493 celerare
778 3436 804 3491 V
828 3437 876 3491 sed
900 3452 922 3491 c.
946 3435 1029 3505 Verg.
1052 3433 1120 3489 libri
1145 3435 1189 3488 ed.

169 3515 202 3562 12
223 3509 400 3563 absentetur
422 3524 476 3562 om.
497 3507 644 3577 sequentia
666 3511 772 3564 temere
794 3509 863 3561 mut.
885 3507 929 3562 ed.
1003 3513 1036 3561 14
1059 3506 1190 3573 confude-

167 3580 435 3635 runt-abinvicem
460 3580 586 3648 conupit
610 3580 653 3635 ed.
685 3580 688 3652 l
723 3580 919 3636 discerneretur
940 3578 967 3633 V
993 3584 1105 3634 -reatuu
1131 3594 1202 3629 nce.

169 3656 202 3705 26
221 3658 308 3707 tctwm
322 3648 348 3703 V
364 3657 471 3706 tantum
490 3651 532 3706 ed.
604 3657 639 3708 29
658 3654 818 3712 ecistimcrt
836 3652 884 3709 ed.
953 3656 993 3707 tt
1013 3666 1071 3707 csse
1089 3641 1213 3716 quumN

162 3739 182 3774 e.
193 3723 294 3787 petrice
305 3736 331 3786 q.
352 3721 393 3773 ed,
