2725 4150
541 335 783 390 musmosm
1105 338 1171 404 429

152 506 258 575 feretro
280 504 418 563 Pallante
439 509 552 579 reposto
569 505 730 577 procubuit
750 508 943 579 superatque
965 504 1063 563 boerel
1086 504 1234 567 locri-150

151 610 295 666 meusque
314 611 501 669 paucosque:
528 596 619 670 atque
640 594 686 652 ita
708 596 744 652 ut
765 593 868 652 Pallas
895 592 1014 652 iacebat
1037 592 1171 668 deposito

152 682 262 741 feretro
289 683 450 758 procubuit
476 683 618 742 Euander
645 701 738 758 supra
765 686 796 742 et
817 682 949 742 inhaesit
971 681 1032 760 ipsi
1055 681 1172 759 corpori

153 790 220 830 cnm
250 771 410 849 gemitibus
441 775 472 831 et
499 772 581 832 fletu.
626 777 653 830 el
680 773 731 831 olo
760 772 811 830 ouo
833 771 950 830 laudem
977 771 1042 831 oocl
1070 771 1173 831 loculo

121 861 250 919 edolare
273 865 328 920 cet:
354 863 457 922 tantus
485 862 584 920 fluerat
611 861 697 920 dolor
723 860 851 921 infelicis
874 862 984 938 patris,
1011 862 1047 920 ut
1069 861 1120 920 vix
1142 863 1173 920 et

151 949 331 1027 interposito
354 952 487 1026 tempore
511 951 596 1026 loqui
617 949 780 1027 potuisset,
803 950 889 1010 dolor
911 950 1072 1010 distulerat
1092 950 1171 1010 unde

152 1039 283 1098 reddidit
304 1057 407 1098 vocem
430 1035 542 1118 †suos
564 1041 651 1116 loqui
672 1041 788 1118 posset,
811 1039 898 1099 dolor
919 1039 1064 1118 loquendi
1086 1058 1172 1118 prae·

153 1129 233 1187 stitit
256 1128 467 1188 laxamentum.
513 1146 573 1188 uon
594 1130 678 1198 loeo,
707 1129 848 1198 oPollo,
879 1129 1003 1189 dederas
1019 1131 1173 1202 malausa

149 1218 280 1290 porculi,
309 1219 425 1276 caulius
446 1221 480 1276 ul
501 1235 588 1277 sueoo
610 1219 698 1277 uelles
720 1222 747 1277 le
769 1219 884 1278 medere
905 1219 1017 1279 Morti:
1043 1239 1171 1298 magnus

106 1320 134 1360 ro
152 1325 235 1366 error
263 1306 405 1366 dolentis:
436 1306 577 1384 obiurgat
605 1309 772 1383 mortuum,
801 1306 889 1384 quasi
916 1309 1070 1368 emendare
1093 1310 1172 1369 male

152 1399 237 1474 gesta
254 1397 318 1454 ulla
335 1397 453 1456 ratione
471 1397 631 1472 potuisset,
654 1399 685 1456 et
708 1415 776 1456 cum
792 1399 911 1456 mortuo
929 1397 1172 1476 interrogationi·

151 1485 207 1544 bus
243 1485 391 1562 loquitur,
428 1487 517 1563 quasi
553 1485 658 1546 audire
691 1487 834 1546 exanimis
866 1489 969 1562 posset
1001 1490 1055 1546 aut
1086 1489 1173 1565 gesta

151 1593 282 1633 narrare.
328 1594 388 1633 non
415 1576 499 1651 talis,
528 1575 642 1651 inquit,
669 1575 823 1651 extiterat,
850 1576 908 1652 fili,
935 1575 1094 1654 promissio
1117 1579 1172 1639 lua

151 1683 206 1722 nec
233 1664 276 1724 sic
304 1664 435 1739 abieras,
457 1667 493 1723 ut
519 1665 591 1724 talis
620 1664 770 1724 infelicem
800 1683 947 1725 remeares
977 1664 1017 1724 ad
1046 1667 1171 1742 patrem.

106 1769 133 1810 rs
152 1753 398 1829 circumspectum
420 1756 451 1812 te
473 1753 653 1829 promiseras
676 1754 740 1813 fore
764 1756 795 1814 et
813 1755 895 1814 omni
913 1754 1032 1814 cautela
1050 1772 1172 1830 suspen-

152 1861 225 1901 sum.
263 1861 322 1918 quo
347 1842 485 1902 abierunt
507 1842 587 1903 ista?
627 1845 694 1920 quis
713 1845 744 1903 te
762 1862 849 1903 casus
867 1843 1063 1922 praecipitem
1081 1843 1172 1919 dedit,

150 1935 186 1990 ut
215 1931 427 1990 mandatorum
464 1933 524 1990 mei
554 1931 672 1992 timoris
709 1932 821 1993 oblitus
859 1933 966 1993 duram
997 1931 1172 2009 inprovidus

151 2040 326 2099 properares
355 2021 388 2079 in
415 2021 562 2081 mortem?
603 2023 636 2082 in
663 2021 875 2083 certaminibus
901 2022 975 2083 belli
1002 2022 1172 2083 redundant

151 2113 273 2187 copiosa
309 2109 482 2171 discrimina
522 2113 701 2189 tantumque
736 2112 800 2171 illic
839 2114 971 2188 procliue
1013 2115 1059 2173 est
1095 2113 1172 2174 mori

105 2203 299 2277 acquantum
321 2219 475 2276 superesse
499 2200 620 2261 difficile
644 2207 698 2262 est.
738 2202 811 2260 boul
832 2203 956 2276 auarus
979 2218 1061 2262 eram
1079 2220 1172 2275 quou-

150 2295 213 2349 luou
239 2307 317 2349 uooo
341 2290 438 2364 ploriu
465 2291 499 2349 lu
525 2292 619 2350 armis
646 2294 673 2349 el
693 2290 854 2364 praedulce
880 2290 968 2350 decus
989 2292 1089 2364 primo
1113 2304 1235 2352 cer-155

151 2380 260 2438 lamiae
279 2383 392 2452 posset:
410 2379 563 2453 prlulllae
584 2381 700 2439 luoeuls
722 2381 847 2440 miserm
870 2380 991 2452 bellique
1011 2380 1172 2454 propinqui

151 2469 229 2526 eluro
255 2469 424 2528 rudimento
452 2472 479 2526 et
505 2469 582 2527 uulll
608 2470 749 2528 euuudu‘lo
775 2469 896 2528 oleoruou
922 2472 990 2527 uolo
1016 2485 1172 2543 precesque

150 2558 248 2616 meae!
283 2558 380 2634 prior,
402 2556 516 2633 inquit,
539 2559 604 2635 ipse
626 2558 762 2636 peccavi,
785 2559 900 2634 primus
924 2558 1083 2617 consilium
1105 2577 1171 2633 per·

106 2661 132 2701 es
152 2646 227 2720 didi,
250 2664 331 2707 meos
352 2648 434 2706 inter
455 2646 544 2705 initia
566 2649 714 2707 tractatus
737 2647 859 2707 inimica
881 2648 1004 2707 fortuna
1026 2646 1171 2721 confudit,

150 2735 349 2813 ignorationis
374 2737 564 2796 excusatione
587 2735 709 2795 defendi
726 2753 786 2794 non
808 2754 944 2812 possum,
968 2734 1059 2795 debui
1081 2736 1172 2796 miser

151 2843 255 2884 cavere
274 2825 355 2901 quod
373 2844 524 2886 noueram.
561 2845 614 2900 per
635 2826 709 2885 haec
728 2825 839 2903 quippe
858 2825 897 2884 ad
918 2826 996 2885 hanc
1017 2825 1172 2885 infelicem

151 2917 301 2973 senectam
322 2914 399 2973 mihi
420 2914 568 2974 transitus
586 2914 654 2974 fuit.
691 2913 821 2973 sciebam
840 2913 913 2990 quid
930 2916 1032 2991 posset
1051 2914 1171 2974 novitas

150 3024 250 3062 rerum
268 3005 298 3062 et
315 3005 473 3080 inexperta
491 3003 626 3080 pericula
645 3003 897 3080 quemadmodum
915 3002 1069 3080 decipiant
1086 3003 1171 3063 rudis

106 3107 132 3146 ³0
151 3093 293 3168 exemplis
325 3094 571 3171 praecedentibus
603 3111 754 3153 noveram.
809 3093 905 3152 solam
941 3092 1053 3171 gloriae
1090 3092 1171 3153 viam

150 3183 284 3241 tractant
307 3185 338 3242 et
360 3184 423 3242 solo
447 3183 547 3242 laudis
567 3201 667 3242 amore
686 3183 847 3258 raptantur
865 3200 992 3258 cumque
1011 3181 1054 3242 sic
1078 3202 1170 3261 agun-

224 3376 238 3422 'l
257 3387 347 3425 uocem
364 3387 429 3425 suos
443 3370 470 3424 V
487 3388 512 3425 o.
531 3372 676 3439 quominus
699 3370 837 3439 suspicor,
861 3370 911 3423 sed
935 3386 1045 3425 crucem
1067 3386 1172 3439 ponere

150 3441 251 3508 malui,
269 3458 324 3497 ooo
341 3443 413 3496 euim
431 3459 487 3511 quo
503 3458 555 3511 pro
572 3458 636 3497 soros
653 3442 750 3510 inepte
768 3441 881 3510 scripsit
900 3441 943 3496 ed.
956 3440 1080 3567 ,dolore
1091 3441 1170 3496 Ved.

150 3514 228 3568 dolor
245 3530 296 3567 nos
315 3514 472 3583 (anaphora
489 3514 552 3583 ipsa
570 3512 740 3582 probatum).
803 3518 818 3567 9
837 3513 943 3568 credere
1000 3514 1109 3569 trullae
1127 3512 1174 3567 ed.

151 3602 220 3638 corr.
236 3585 279 3639 ed.
293 3586 367 3653 post.
427 3590 461 3638 10
480 3586 561 3654 quusi
574 3584 599 3639 V
613 3602 637 3655 q.
651 3586 710 3640 ioue
723 3584 797 3642 eds.
852 3590 891 3639 ii
908 3583 1005 3639 uliud
1027 3585 1133 3647 obenan
1143 3580 1197 3629 sd-

152 3662 185 3709 18
197 3656 362 3723 properans
375 3654 401 3709 V
412 3656 455 3711 ed.
526 3662 562 3713 23
581 3658 750 3716 exauditum
769 3656 920 3715 uanus.
993 3658 1039 3706 Ἃ
1056 3640 1210 3718 ptumus*

143 3743 205 3778 -um
224 3726 266 3778 ed.
292 3725 304 3795 l
323 3727 448 3795 perdedo'
462 3728 495 3785 V.
574 3738 611 3790 25
632 3733 767 3805 confodit
788 3732 838 3789 ed.
