2725 4150
535 333 719 389 AENEIDOS
733 333 800 389 VIII
1116 336 1178 402 161

160 523 222 563 non
247 504 341 578 bello,
371 504 422 564 sed
449 503 573 563 lenitate
601 521 742 580 superare
770 522 805 563 ac
832 521 905 580 pace
932 503 1034 579 potius
1063 502 1180 562 frenare

162 613 253 670 quam
280 594 439 670 potestatis
466 594 607 670 imperio,
638 593 774 671 redigere
801 592 833 651 in
861 612 955 651 unum
978 591 1126 669 dispersos
1150 595 1181 652 et

160 702 255 761 vagos
274 686 304 742 et
323 685 428 742 contra
445 683 568 742 insitam
586 683 738 742 feritatem
756 681 893 761 placidae
911 682 1063 741 societatis
1080 700 1180 741 amore

161 774 349 850 coniungere.
380 772 561 848 populorum
579 771 828 850 significationem
846 792 907 831 non
920 771 1053 830 inaniter
1064 771 1181 848 tetigit3

130 862 342 948 spopulorum
366 861 477 938 quippe
501 862 703 937 appellatione
730 862 827 921 multa
855 864 982 921 naturae
1005 879 1040 920 ac
1062 878 1181 918 morum

161 952 320 1010 diversitas
330 951 559 1025 demonstratur,
574 969 665 1027 quam
678 969 781 1027 regere
795 951 858 1009 sine
871 947 956 1010 metu
969 948 1180 1009 inminentium

160 1060 326 1118 poenarum
348 1042 380 1099 et
401 1040 503 1117 legum
530 1039 684 1099 felicitatis
713 1041 758 1098 est
784 1040 899 1115 plenae.
945 1040 1069 1098 deterior
1091 1038 1181 1097 doceo

157 1130 306 1203 poetaram
329 1147 364 1189 oc
386 1129 499 1188 decolor
522 1133 604 1187 cetos
626 1132 653 1188 et
675 1129 742 1187 belli
763 1128 862 1188 rabies
885 1133 912 1187 et
934 1146 1018 1188 amor
1044 1129 1182 1188 successo

159 1220 300 1278 habende:
337 1217 465 1277 deterior
494 1221 577 1277 aetas
608 1218 638 1276 et
669 1216 797 1291 decolor,
828 1217 951 1277 illorum
982 1217 1096 1278 scilicet
1128 1216 1182 1294 qui

116 1328 142 1367 ro
160 1309 284 1367 fuerunt
305 1314 376 1384 post
399 1306 572 1366 Saturnum.
618 1305 748 1366 deterior
770 1305 882 1365 dicitur
905 1307 958 1385 qui
985 1326 1021 1366 ex
1046 1307 1125 1366 bono
1148 1308 1181 1365 in

160 1397 344 1456 contrarium
365 1398 503 1455 mutatur
525 1399 555 1455 et
576 1395 612 1454 fit
633 1397 745 1471 malus,
769 1396 888 1456 decolor
909 1415 980 1456 vero
1004 1397 1057 1473 qui
1074 1415 1110 1454 ex
1129 1414 1180 1472 op·

160 1489 235 1546 timo
255 1487 353 1546 colore
372 1488 403 1545 et
420 1484 577 1562 splendido
595 1484 628 1543 in
646 1485 802 1545 sordidum
819 1487 974 1562 aspectum
988 1485 1181 1544 convertitur.

162 1578 291 1635 aetatem
321 1575 398 1633 dixit
427 1578 480 1634 aut
509 1573 728 1634 succedentium
759 1574 916 1632 hominum
946 1575 1000 1633 aut
1029 1572 1181 1650 sequentis

161 1666 314 1741 temporie.
349 1664 424 1722 bene
448 1666 549 1723 autem
572 1663 690 1724 addidit
712 1663 871 1742 paulatim,
894 1665 986 1740 longa
1009 1661 1089 1722 enim
1106 1661 1180 1721 bene

116 1754 283 1813 revivendi
306 1754 489 1812 consuetudo
512 1772 573 1812 non
595 1752 697 1830 potuit
719 1753 811 1813 semel
833 1753 979 1829 abrumpi.
1024 1751 1180 1811 recedente

160 1844 256 1921 igitur
284 1842 410 1918 imperio
441 1842 566 1902 Saturni
593 1842 723 1902 felicitas
753 1842 940 1902 saeculorum
969 1842 1034 1902 eius
1062 1842 1180 1900 insueto

162 1935 247 1991 statu
269 1949 388 1991 manere
411 1950 472 1990 non
493 1931 608 2009 potuit:
631 1934 814 1992 successerat
837 1932 917 1990 enim
940 1933 1023 1991 aetas
1043 1930 1181 2005 deterior,

161 2023 219 2082 hoc
237 2025 282 2082 est
299 2023 429 2099 pessima
447 2021 603 2081 hominum
622 2041 657 2081 ac
675 2022 820 2099 temporis
837 2023 926 2096 ratio,
950 2040 1028 2098 quae
1045 2020 1180 2080 homines

161 2133 179 2170 a
201 2112 275 2171 bene
297 2112 421 2172 vivendi
442 2130 500 2170 usu
522 2112 555 2170 in
577 2112 690 2171 malam
707 2112 829 2171 vivendi
851 2111 1098 2171 consuetudinem
1116 2130 1180 2170 ver-

117 2219 143 2257 ro
160 2205 245 2261 teret.
291 2201 340 2260 hic
361 2201 514 2278 Vergilius
537 2201 612 2260 bene
634 2200 682 2261 vel
705 2201 783 2259 male
807 2200 928 2261 vivendi
949 2201 1098 2260 rationem
1120 2218 1181 2258 non

161 2294 309 2351 rectorum
327 2291 394 2349 vult
417 2308 493 2363 esse,
517 2290 569 2349 sed
591 2280 775 2366 temporum,
798 2307 869 2348 nam
888 2308 978 2366 supra
996 2288 1072 2347 dixit
1090 2306 1181 2347 aurea

162 2381 281 2439 saecula
305 2380 452 2453 extitisse,
474 2398 555 2438 nunc
574 2379 647 2438 dicit
666 2379 798 2438 deterior
821 2381 904 2438 aetas
927 2379 1077 2438 successit.
1110 2378 1181 2435 felix

161 2473 263 2528 tamen
287 2470 333 2527 est
360 2469 445 2527 ouius
472 2468 596 2544 imperio
623 2469 750 2527 naturae
780 2485 884 2527 cursus
915 2466 1046 2541 adridet,
1075 2465 1181 2524 infelix

162 2578 232 2618 vero
256 2558 340 2617 cuius
364 2556 619 2617 administrationi
645 2560 815 2633 temporum
841 2556 986 2632 iniquitas
1010 2554 1179 2631 deputatur.

116 2662 142 2702 aa
162 2651 192 2705 et
215 2646 286 2705 belli
307 2646 406 2704 rabies
429 2648 460 2704 et
478 2665 563 2705 amor
580 2646 722 2706 successit
738 2645 881 2720 habendi,
906 2664 1033 2721 quorum
1051 2644 1180 2703 alterum

162 2739 226 2796 sine
249 2737 344 2794 altero
367 2753 430 2795 esse
453 2754 512 2793 non
535 2737 650 2813 potest,
672 2734 763 2795 sicuti
780 2735 885 2793 multis
904 2735 977 2793 locis
997 2735 1083 2810 pleno
1101 2735 1179 2793 trac·

161 2828 261 2883 tatum
288 2827 341 2885 est.
391 2824 522 2883 habendi
553 2825 631 2883 enim
664 2824 813 2900 cupiditas
846 2824 909 2883 sine
941 2823 1117 2883 crudelitate
1150 2825 1181 2883 et

162 2915 271 2973 scelere
293 2932 354 2972 non
371 2916 473 2989 potest
490 2914 658 2989 procurari,
681 2931 753 2972 nam
770 2912 824 2972 ubi
842 2912 908 2989 quia
928 2912 1028 2972 animo
1046 2913 1181 2973 hauserit

162 3003 274 3078 aliena,
296 3003 370 3062 haec
388 3002 576 3063 crudelitatis
595 3005 626 3061 et
644 3003 763 3063 sceleris
782 3003 955 3062 adiumento
974 3004 1179 3079 consequitur3

116 3108 142 3147 eo
161 3092 324 3152 crudelitas
343 3111 462 3169 quoque
481 3094 512 3151 et
533 3095 718 3169 perpetratio
742 3091 859 3152 scelerIs
883 3093 945 3152 sine
969 3093 1099 3152 avaritia
1116 3109 1179 3149 esse

161 3202 221 3241 non
244 3184 357 3257 potest,
381 3182 453 3259 quia
475 3181 577 3241 nullus
601 3182 663 3241 sine
682 3182 765 3241 lucro
783 3182 881 3241 malus
901 3183 954 3241 est.
990 3185 1052 3240 tura
1071 3196 1180 3239 monus

160 3271 314 3331 Ausoniae
337 3276 363 3329 et
382 3276 480 3345 pentes
502 3288 605 3329 oenoe
622 3271 749 3331 Se'canoc
771 3273 891 3345 saepias
914 3275 940 3330 et
956 3286 1062 3329 comeo
1081 3268 1181 3342 posca

160 3361 306 3419 Saturnio
328 3361 427 3419 lellus:
449 3360 682 3437 emergentibus,
700 3360 813 3436 inquit,
832 3360 920 3419 melis
939 3358 1125 3419 crudelitatis
1149 3357 1180 3415 et

162 3450 322 3524 avaritiae,
352 3469 420 3509 cum
443 3449 629 3509 diversarum
656 3450 794 3527 gentium
820 3449 926 3527 populi
952 3448 984 3506 in
1011 3448 1085 3506 haec
1112 3449 1180 3505 loca

234 3592 248 3639 1
268 3586 380 3651 frenare
392 3583 419 3637 V
436 3584 473 3651 fr.
487 3585 574 3639 voluit
591 3582 635 3638 ed.
712 3589 730 3638 4
752 3583 1117 3654 notificationem—teil&
1138 3583 1182 3635 te-

161 3672 237 3712 mere
256 3659 327 3709 mut.
345 3656 387 3710 ed.
414 3655 421 3727 l
447 3657 540 3726 recepit
557 3653 590 3711 V.
664 3654 932 3715 electuense.
1002 3659 1044 3708 ‘ti
1060 3649 1196 3706 uadosi

154 3744 220 3779 raro
236 3728 340 3793 alequas
356 3726 400 3783 ed.
476 3733 511 3783 82
525 3729 675 3801 pomirv.

191 3828 252 3868 Don.
261 3830 362 3881 interpr.
373 3834 443 3886 Verg.
460 3839 509 3881 vol.
519 3841 556 3885 11.
1033 3839 1078 3887 Ἃ
