2725 4150
545 331 786 388 sunamosm
1109 335 1175 404 213

153 499 243 582 (oam
264 503 338 562 mae·
359 503 433 576 facti
453 503 539 576 fama
560 506 610 562 sat
630 501 695 575 est),
718 501 828 560 senaa
850 501 951 562 otdeor
971 504 1099 576 reperire
1120 506 1237 566 sab195

152 593 205 652 illo
220 609 308 666 posse
325 594 406 652 oium
429 593 470 652 ad
490 609 592 651 maros
610 595 637 650 et
652 591 770 650 morata
786 591 958 651 Pallantea:
980 593 1007 651 si
1029 592 1100 667 tibi,
1123 593 1176 667 ait,

152 702 202 741 me
220 684 341 758 petente
360 682 476 758 aliquid
499 681 667 741 decernitur
685 681 832 739 commodi
850 676 936 758 (uam
952 681 1028 740 mihi
1046 683 1176 742 sufficiet

154 772 253 850 gloria
283 791 361 848 quae
390 772 531 831 nascetur
560 789 595 829 ex
621 762 732 850 facto),
764 769 885 829 videtur
911 771 987 830 mihi
1013 790 1100 848 posse
1127 791 1175 832 me

121 860 289 921 sinvenire
316 861 400 919 viam
426 859 482 920 sub
508 860 562 919 illo
589 859 723 933 tumulo,
751 859 807 918 hoc
829 862 875 918 est
898 878 952 936 per
974 860 1070 921 hostis
1092 863 1175 920 tran·

153 950 247 1010 situm
278 949 332 1026 qui
366 949 510 1028 pergendi
542 948 581 1008 ad
608 947 785 1008 Euandrum
815 948 960 1025 praebeat
990 950 1174 1010 facultatem.

153 1040 293 1112 obstipuit
313 1056 421 1113 mopno
444 1039 567 1098 wadan
584 1039 741 1111 perculsas
768 1055 867 1097 amoro
890 1039 1058 1114 aeaeae,
1086 1041 1176 1099 storab

152 1129 200 1187 bis
218 1128 368 1188 ardentem
386 1128 510 1201 adfatur
527 1129 669 1187 omicron:
686 1127 837 1203 Euryalus
855 1128 948 1195 etiam
965 1129 1029 1203 ipse
1048 1129 1175 1205 cupidus

153 1217 261 1292 laudis,
280 1217 440 1291 cumhaec
458 1218 629 1294 accepisset,
652 1215 741 1276 dietis
759 1216 821 1276 suis
840 1215 971 1276 amicum
989 1221 1035 1277 est
1053 1219 1174 1279 adfatus

106 1322 135 1364 ro
153 1307 317 1366 ardentem.
368 1323 451 1366 meae
478 1308 568 1381 ipttar
599 1306 710 1365 sociooa
739 1307 863 1364 samoms
889 1306 1049 1380 adtwapere
1077 1309 1173 1378 sebas,

151 1397 235 1465 Nise,
254 1397 356 1470 sapis?
378 1396 473 1454 satam
489 1400 516 1454 te
532 1396 567 1454 ta
584 1399 669 1455 tanto
676 1395 814 1468 pericula
829 1396 962 1454 mittam?
986 1398 1017 1455 et
1033 1415 1236 1473 prosperu200

152 1485 287 1545 simulet
306 1485 432 1544 adversa
446 1486 613 1561 proposuit.
647 1486 753 1544 contra
769 1485 920 1558 meritum,
937 1484 1047 1560 inquit,
1064 1485 1173 1546 veteris

153 1574 304 1634 amicitiae
323 1573 493 1649 consilium,
516 1574 602 1648 Nise,
622 1592 729 1651 capere
751 1574 878 1649 potuisti
896 1575 927 1632 et
949 1574 1076 1633 solidam
1100 1574 1175 1633 facti

152 1664 284 1742 gloriam
301 1663 363 1723 tuis
380 1665 500 1723 tantum
518 1618 618 1723 titulis
636 1681 791 1739 usurpare,
804 1661 945 1722 videlieet
959 1681 1081 1739 sperans
1097 1663 1174 1722 nihil

106 1767 134 1808 ss
151 1771 240 1830 posse
260 1754 292 1810 in
311 1754 495 1812 contorium
513 1751 611 1812 verti?
643 1751 751 1828 quodsi
768 1753 803 1811 tu
827 1752 999 1828 exploratae
1022 1753 1173 1812 amicitiae

151 1842 254 1902 virum
271 1843 421 1918 prosperis
435 1843 498 1901 tuis
512 1861 573 1902 non
586 1842 631 1900 vis
646 1840 822 1943 adiungere,
838 1859 893 1920 ego
911 1844 942 1901 te
959 1861 1020 1901 non
1039 1842 1173 1902 deseram

150 1932 184 1991 in
205 1931 322 2033 pericla
343 1934 524 2010 pergentem.
569 1950 630 1990 uon
651 1930 698 1990 vis
721 1933 757 1990 tu
779 1931 927 2009 gloriosus
949 1951 1082 1992 remeare
1106 1949 1172 1991 oum

151 2020 247 2082 socio.
271 2039 326 2100 ego
345 2039 412 2081 eam
429 2023 537 2095 tecum,
555 2039 593 2081 ue
611 2038 716 2098 pereas
735 2021 825 2081 solus.
855 2038 915 2081 aaa
931 2022 976 2082 ito
994 2039 1040 2081 me
1060 2023 1173 2097 portitor

152 2112 236 2171 bellis
258 2111 399 2170 adsuetos
418 2109 550 2184 Opbettee
567 2109 739 2184 Arpottaao
761 2115 900 2169 terrorem
921 2112 998 2171 tator
1012 2113 1173 2185 Troiaeque

105 2214 134 2256 so
152 2201 267 2259 bebores
288 2200 438 2260 sublatam
460 2200 567 2259 eradttt
588 2217 640 2259 aee
663 2204 756 2259 acam
778 2200 852 2259 tatia
872 2201 964 2274 pessi:
987 2200 1103 2260 erudire
1128 2205 1174 2261 cst

150 2288 320 2349 novitatem
332 2288 485 2348 indoctam
502 2289 559 2349 hoc
573 2288 735 2349 astrudem
751 2289 848 2349 facere
863 2288 995 2349 docendo
1009 2291 1171 2350 meliorem.

150 2380 284 2438 tractum
302 2382 348 2438 est
365 2379 421 2438 hoc
440 2398 459 2437 a
476 2377 623 2453 vestibus,
647 2398 737 2455 quae,
757 2396 826 2437 oum
845 2378 933 2437 rudes
952 2380 1035 2452 sunt,
1057 2379 1172 2438 nullam

150 2469 284 2527 retinent
301 2469 432 2546 gratiam
455 2471 486 2528 et
507 2470 608 2544 posita
629 2468 866 2527 rudimentorum
884 2468 998 2526 inluvie
1022 2470 1086 2526 arte
1110 2485 1171 2527 sus·

151 2558 271 2634 cipiunt
302 2556 552 2633 speciosissimam
584 2558 725 2630 formam,
758 2575 848 2633 quam
880 2558 959 2615 inter
988 2556 1079 2615 initia
1110 2574 1170 2615 uon

105 2646 311 2706 rehabebant.
355 2647 580 2722 mapaaae'meaa
605 2644 730 2705 Aeaeae
753 2650 779 2703 et
800 2647 866 2718 fata
893 2649 1021 2704 eatrema
1042 2649 1171 2705 secutas:

149 2755 211 2796 uon
244 2735 286 2796 sie
317 2754 383 2795 sum
414 2737 580 2795 instructus
610 2753 628 2793 a
657 2754 750 2812 puero
782 2753 837 2793 uec
868 2736 930 2794 tale
962 2733 1170 2812 magisterium

149 2826 247 2903 patris
267 2827 377 2903 accepi,
396 2827 589 2902 patronatus
609 2842 676 2883 sum
694 2823 781 2882 bellis
796 2823 931 2883 adsueto.
966 2823 1171 2900 probaverunt

149 2916 294 2973 virtutem
307 2917 442 2974 nostram
455 2913 572 2974 labores
584 2915 701 2989 patriae
713 2915 752 2988 et,
766 2913 792 2972 si
806 2911 931 2972 adverso
945 2915 1041 2973 marte
1054 2933 1170 2992 pugna·

148 3007 217 3063 tum
231 3006 355 3078 estnon
368 3005 513 3078 nostrum,
523 3002 574 3063 sed
588 3003 728 3062 fortunae
736 3001 846 3061 vitium
858 3001 927 3062 fnit.
951 3002 1054 3062 docuit
1061 3023 1109 3062 me
1118 3003 1170 3063 ille

103 3106 131 3147 so
149 3095 205 3153 aut
213 3098 284 3152 cium
293 3092 381 3155 sociis
391 3095 446 3152 aut
457 3111 513 3169 pro
523 3092 611 3152 sociis
620 3091 706 3151 mori.
728 3092 906 3151 rudimentis
919 3090 994 3151 meis
1003 3111 1063 3151 non
1073 3093 1170 3152 defuit

148 3200 242 3242 causa
252 3181 477 3258 quaririfortis
485 3180 565 3240 filius
574 3181 749 3259 magisterio
757 3181 836 3239 tanti
845 3182 990 3259 genitoris
999 3181 1169 3241 instruerer.

149 3270 277 3331 ardebat
294 3271 399 3331 infelix
416 3270 525 3349 patria,
543 3271 721 3330 vastabatur
734 3272 824 3329 armis
843 3270 1002 3330 hostilibus
1017 3272 1047 3329 et
1060 3269 1168 3330 labori·

148 3361 205 3421 bus
228 3360 361 3437 paternis
385 3360 559 3435 adiunctus,
586 3379 653 3419 cum
680 3360 814 3420 nondum
841 3361 924 3419 aetas
947 3377 1064 3418 umeros
1086 3378 1168 3420 meos

223 3514 328 3580 lfooti
345 3530 398 3567 om.
414 3512 457 3567 ed.
513 3512 653 3579 asafttoe't
670 3512 713 3566 ed.
764 3513 893 3567 4oe'daor
909 3513 978 3566 aba
990 3528 1071 3581 posse
1088 3528 1129 3567 me
1142 3510 1169 3565 V

148 3585 193 3639 ed.
212 3585 322 3640 videtur
340 3584 487 3639 emendavi
506 3584 540 3638 cf
556 3589 599 3649 12
610 3588 669 3637 952.
736 3589 750 3636 'l
767 3586 910 3653 percolata
923 3582 949 3636 V
963 3582 1006 3639 ed
1025 3600 1171 3652 pereussos

147 3656 234 3726 Verg.
253 3655 320 3710 libri
343 3656 378 3710 ef.
398 3661 497 3723 &121
572 3660 587 3709 9
609 3656 669 3712 auia
687 3653 713 3711 V
733 3655 778 3714 ed
801 3674 839 3714 ne
863 3655 981 3713 dubites
1005 3654 1045 3710 ai
1060 3659 1114 3721 uu
1125 3658 1195 3706 *dete

145 3733 183 3779 17
193 3727 325 3792 partulo
345 3727 387 3780 ed.
462 3733 499 3783 18
517 3745 580 3786 eam
595 3728 621 3786 V
639 3732 756 3791 oratam
775 3732 824 3792 ed
901 3737 942 3788 ‘o‘l
960 3696 1213 3787 acuebantur*
