2725 4150
448 1018 681 1086 AENEIDOS
705 1019 840 1086 LIBER
857 1018 948 1087 VIII.

265 1168 304 1229 Ut
331 1168 398 1228 erut
425 1170 542 1244 sipueuu
568 1169 718 1228 Laurenti
744 1169 866 1228 Turnus
895 1170 932 1228 ub
960 1186 1027 1228 aruo
1054 1169 1157 1229 extulit
1185 1174 1211 1230 et

187 1275 278 1316 ruuoo
300 1262 486 1332 strepueuurt
508 1276 619 1317 ouuuu
638 1262 740 1328 cautu,
759 1261 846 1332 utque
865 1259 943 1318 ueris
962 1259 1107 1318 courusse't
1124 1275 1210 1333 equos

187 1350 275 1419 utque
301 1348 411 1420 iuputtt
437 1365 536 1416 uruuu,
567 1347 706 1420 extemplo
734 1347 845 1406 turbati
874 1348 981 1417 uutme',
1009 1348 1100 1406 simui
1126 1365 1210 1408 eume

162 1437 315 1495 tturqutu
337 1438 472 1496 coniurat
494 1437 605 1510 trepido
628 1437 753 1495 Latium
775 1438 923 1510 saeuitque
945 1438 1083 1497 iuueutus
1106 1439 1210 1510 effera:

189 1526 307 1586 Turnus
325 1526 514 1585 hortamento
533 1525 641 1584 Furiae
660 1529 691 1585 et
708 1524 873 1600 mandatis,
896 1525 1021 1585 ducibus
1040 1530 1070 1586 et
1089 1525 1210 1588 auxiliis
1240 1539 1251 1582 s

188 1615 297 1691 fultrrs,
319 1617 416 1675 faetus
438 1614 580 1674 audacior
601 1615 716 1692 primus
736 1615 875 1691 prorupit
892 1617 925 1673 in
943 1615 1055 1674 bellum
1078 1615 1210 1694 signnm-

189 1724 246 1780 que
269 1704 390 1778 extulit‚
415 1723 475 1781 quo
497 1706 611 1764 maiore
634 1704 734 1763 furore
757 1703 890 1763 bellandi
918 1708 1030 1765 eeteros
1058 1705 1210 1766 excitaret.

188 1793 315 1871 denique
333 1796 369 1852 ut
382 1794 526 1853 vexillum
545 1793 677 1854 ostendit
695 1796 726 1853 et
742 1812 834 1853 rauoo
853 1797 943 1853 cantu
962 1797 1094 1871 strepere
1108 1813 1210 1872 ooope-

187 1886 259 1941 runt
281 1901 406 1958 cornua,
428 1887 464 1942 ut
486 1902 578 1958 equos
596 1882 739 1959 produxit
757 1885 788 1942 et
810 1901 895 1943 arma
912 1884 1036 1959 inpulit,
1059 1884 1209 1961 extemplo

187 1971 302 2031 turbati
325 1971 428 2047 animi,
451 1973 639 2050 singulorum
662 1972 776 2031 sufficet
800 1974 854 2048 qui
876 1973 1015 2031 viderant
1036 1973 1085 2032 vel
1108 1972 1212 2033 audie-'
1228 1987 1251 2028 ro

187 2063 269 2121 rant:
298 2060 406 2138 quibus
433 2062 479 2121 ita
506 2063 599 2141 gestis
627 2061 689 2121 alia
715 2081 799 2121 mens
821 2064 955 2122 virorum
977 2062 1103 2122 fortium
1127 2062 1210 2123 faeta

187 2158 233 2211 est
260 2154 304 2226 et,
336 2152 456 2229 quando
485 2152 524 2211 ad
550 2151 583 2210 id
610 2155 735 2211 rentum
765 2153 823 2223 est,
855 2156 890 2211 ut
921 2172 981 2211 non
1013 2152 1210 2227 dispositione

188 2242 323 2318 sequent'
355 2244 489 2317 tempore
518 2242 693 2318 profutura,
723 2240 775 2300 sed
801 2240 834 2300 in
856 2259 996 2318 praesens
1024 2244 1210 2301 momentum

187 2330 270 2391 faeta
297 2330 503 2407 procederent,
531 2330 622 2390 simui
650 2349 737 2390 omne
764 2330 899 2389 tumultu
926 2329 1064 2390 coniurat
1091 2330 1209 2408 trepido

187 2418 318 2479 Latium.
363 2419 465 2494 simul,
494 2421 608 2496 inquit,
638 2422 669 2479 et
697 2438 796 2493 omne,
826 2419 883 2479 hoo
910 2423 956 2479 est
982 2438 1042 2478 uno
1065 2422 1250 2497 temperare

188 2510 326 2569 omnibus
345 2510 378 2568 in
396 2529 489 2568 unum
508 2507 683 2568 coeuntibus
698 2507 820 2567 Latium
839 2526 925 2567 omne
945 2510 1091 2568 coniurat
1116 2509 1209 2587 trepi-

188 2598 271 2657 datio
299 2600 410 2675 quippe
438 2601 613 2658 cunctorum
640 2598 712 2657 talis
740 2597 881 2657 extiterat
909 2600 939 2658 et
965 2597 1036 2657 talis
1059 2599 1210 2659 tumultus

186 2687 243 2745 hoo
266 2691 311 2747 est
333 2689 425 2746 timor
447 2687 574 2762 multus,
602 2690 637 2746 ut
663 2688 695 2746 in
721 2687 924 2746 contrahenda
950 2686 1156 2747 ooniuratione
1180 2691 1210 2748 et

186 2779 274 2834 tanta
293 2777 523 2855 congregatione
543 2777 725 2854 populorum
743 2775 831 2852 parsi
849 2775 907 2835 sibi
925 2777 1022 2836 adhue
1041 2778 1072 2835 et
1089 2776 1209 2853 inpares

186 2863 367 2940 viderentur,
390 2866 571 2943 perindeque
590 2866 759 2942 desperatio
780 2866 935 2926 universos
955 2865 1124 2940 obsederat,
1148 2886 1209 2944 quo
1226 2880 1251 2922 so

187 2954 302 3013 factum
324 2958 370 3013 est
392 2958 427 3015 ut
449 2956 551 3016 nullus
573 2955 706 3015 inmunis
729 2956 814 3014 fieret
831 2973 850 3013 a
869 2955 1017 3015 consortio
1037 2954 1210 3015 dimioandi.

188 3061 253 3103 eooe
281 3047 429 3120 quantum
456 3044 574 3104 Aeneae
601 3044 717 3104 meritis
741 3043 844 3120 datur,
873 3048 987 3122 quanta
1013 3047 1077 3104 arte
1104 3044 1209 3104 laudes

188 3134 253 3193 eius
272 3136 302 3192 et
320 3134 480 3210 praeconia
498 3134 703 3193 cumulantur!
732 3134 891 3210 profitetur
903 3135 1019 3210 primus
1033 3133 1210 3194 violentiam

188 3223 307 3282 Turnus
335 3226 365 3282 et
387 3223 573 3301 coniugium,
601 3223 683 3299 quod
710 3224 825 3283 meritis
854 3223 988 3283 obtinere
1015 3241 1075 3281 non
1102 3224 1209 3299 valuit,

187 3311 265 3371 bello
295 3312 406 3371 nititur
435 3331 590 3389 quaerere3
621 3312 671 3372 hio
699 3331 818 3389 quoque
845 3316 946 3389 partes
974 3312 1091 3371 Aeneae
1123 3314 1209 3373 tutae
1226 3322 1251 3367 st

253 3485 426 3553 Maluitque
444 3482 487 3538 ed.
544 3489 578 3536 12
597 3484 773 3551 dispositori
791 3482 833 3537 ed.
895 3486 928 3535 13
944 3482 1111 3550 profuturae
1124 3481 1149 3536 V
1164 3483 1208 3538 ed.

148 3554 317 3676 ἐὲἆέἒηῗ]
323 3554 350 3607 V
363 3557 476 3627 tresnuo
489 3556 613 3615 tumultu
631 3555 697 3612 add.
713 3554 758 3611 ed.
812 3557 846 3608 tt
866 3558 891 3608 ot
904 3553 994 3608 adhue
1011 3553 1056 3608 ed.
1110 3559 1145 3608 20
1164 3554 1209 3610 ub-
