2725 4150
548 363 798 419 musmosvn
1140 350 1182 432 51

161 530 252 608 [qaia
275 532 352 591 idem
376 533 482 591 Veneri
499 537 608 607 partas
630 531 721 607 suas]
744 538 771 592 et
790 533 882 592 Paris
904 533 978 591 aiter
995 534 1184 606 funestaeque

162 623 270 680 aaran
295 621 427 680 recidiua
452 623 486 680 ia
510 622 658 696 Perperna
688 623 805 682 taedae:
835 621 980 681 indicium
1012 642 1048 680 ex
1075 621 1183 682 Paride

162 714 288 786 captum
315 713 366 770 est
388 713 463 770 tunc
477 711 586 790 'magis
612 713 710 789 perire
738 712 898 785 Troianos,
928 729 995 770 cum
1024 713 1184 770 nectuntur

161 799 321 861 uxoribus:
345 798 454 860 Cisseis
481 802 599 877 peperit
625 800 779 876 Paridem,
803 800 854 860 sed
878 799 966 859 istius
990 800 1183 861 nativitatem

132 891 389 967 epraeeesserant
410 889 538 965 somnia,
561 909 638 966 quae
661 908 721 949 non
745 892 880 949 exortum
902 889 1044 965 hominia,
1073 889 1125 949 sed
1148 910 1183 948 ex

161 979 309 1037 incendiis
332 979 469 1038 futurum
492 978 648 1038 interitum
674 980 860 1039 nuntiarent.
904 978 937 1037 in
963 979 1021 1039 hoc
1048 979 1182 1056 exemplo

162 1068 204 1127 sit
226 1069 258 1126 et
279 1067 405 1126 Veneris
427 1069 545 1144 pertus,
567 1070 603 1127 ut
624 1086 781 1128 renascens
800 1068 891 1128 Troia
914 1071 984 1128 ante
1002 1067 1083 1144 ipsas
1108 1087 1182 1144 quas

162 1159 347 1233 praeparant
368 1157 490 1233 nuptias
518 1159 720 1217 consumatur.
762 1176 828 1217 ecco
851 1160 882 1218 et
903 1158 952 1216 hic
975 1161 1087 1218 tractat
1109 1158 1183 1217 Ver-

161 1245 255 1324 gilius
279 1264 342 1306 esse
366 1246 487 1322 quidem
504 1247 616 1323 fatum,
639 1246 734 1325 quod,
757 1247 828 1306 licet
846 1248 983 1323 superari
1000 1267 1061 1307 non
1079 1247 1184 1324 possit,

117 1352 143 1392 ro
161 1336 265 1395 valeat
283 1338 385 1394 tamen
404 1334 507 1412 aliquo
524 1335 728 1412 inpedimento
746 1335 876 1410 turbari,
899 1354 959 1394 non
978 1343 1080 1396 autem
1097 1357 1182 1414 prae·

161 1424 255 1500 verti,
281 1425 371 1484 licere
400 1425 427 1483 ei
454 1425 508 1500 qui
535 1425 723 1485 currentibus
750 1425 879 1484 feliciter
905 1424 976 1484 fatis
1005 1425 1111 1485 obvius
1139 1427 1183 1485 ire

161 1513 302 1574 valuerit.

233 1604 320 1662 Haec
341 1603 393 1662 abi
416 1603 494 1662 dieta
516 1603 608 1672 dedit,
632 1607 727 1662 terras
749 1603 897 1662 torrenda
917 1603 1035 1676 petivit:
1061 1602 1182 1661 horren·

162 1693 233 1751 dam
261 1691 338 1751 dixit
369 1712 404 1751 ex
436 1710 528 1751 causa
557 1692 688 1771 ingentis
719 1692 894 1753 iracundiae
926 1691 1183 1751 vehementissime

117 1799 143 1838 1s
162 1783 356 1855 commotam,
391 1781 425 1839 in
455 1783 578 1840 tantum
608 1785 644 1840 ut
679 1782 816 1859 quisquis
853 1800 918 1841 eam
956 1783 1088 1840 cerneret
1120 1784 1183 1841 sine

161 1873 286 1930 horrore
304 1889 446 1930 essenon
464 1874 578 1948 posset3
596 1890 708 1948 magna
730 1873 811 1929 enim
828 1871 874 1931 vis
897 1873 943 1930 est
961 1890 1063 1930 eorum
1082 1871 1184 1948 quiin

163 1979 282 2019 summa
304 1961 455 2036 potestate
477 1960 570 2036 positi
593 1963 826 2020 commoventur.
872 1960 994 2020 dimisso
1018 1980 1088 2039 ergo
1117 1979 1184 2020 aere

163 2068 224 2127 quo
251 2049 417 2110 vehebatur
438 2049 523 2109 venit
545 2048 582 2108 ad
604 2052 725 2109 terram.
772 2050 929 2122 laetificam
954 2048 1078 2120 Allecto,
1107 2069 1184 2128 quae

161 2139 240 2197 nihil
261 2139 346 2198 aliud
368 2141 488 2216 praeter
509 2140 608 2199 luctus
627 2142 729 2199 nosset
747 2140 863 2199 efficere
882 2142 936 2199 aut
954 2159 1031 2216 quae
1051 2140 1185 2199 facerent

119 2244 144 2285 ro
160 2229 276 2303 luctus,
306 2229 442 2288 dirarara
464 2230 502 2288 ab
524 2229 591 2288 sede
614 2229 738 2288 dearara
760 2230 941 2303 iaferaispae
969 2231 1021 2287 ciet
1050 2231 1183 2298 tenebris,
1194 2230 1246 2279 325

162 2320 210 2377 ari
233 2319 332 2377 tristia
354 2318 429 2377 teila
451 2318 570 2390 iraeque
592 2318 774 2390 insidiaeque
794 2323 820 2377 et
842 2319 968 2376 erimina
986 2319 1077 2376 acaia
1095 2318 1183 2376 cordi.

161 2408 223 2466 odit
241 2411 268 2465 et
284 2408 348 2480 ipse
360 2411 449 2479 pater
462 2407 577 2477 Patare,
597 2407 682 2466 odere
700 2424 813 2466 sorores
833 2407 995 2465 Tartareae
1011 2410 1182 2475 monstram,

162 2501 201 2555 tot
223 2513 287 2555 sese
308 2497 393 2554 certa
415 2497 448 2554 ia
470 2513 537 2565 ora,
561 2500 622 2555 tam
645 2513 751 2555 saeaae
773 2497 877 2569 facies,
902 2499 941 2553 tot
962 2494 1093 2568 palialat
1116 2499 1184 2553 atra

161 2586 305 2645 cambria
337 2588 452 2661 quanta
482 2585 631 2663 congessit
660 2586 770 2660 quibus
803 2583 972 2644 ostenderet
1003 2582 1184 2659 exquisitum

121 2675 279 2733 amalum
301 2676 332 2733 et
354 2693 415 2749 quo
442 2676 528 2750 peius
556 2693 617 2733 non
639 2677 718 2733 esset
741 2673 799 2732 sibi
825 2671 970 2731 Iunonem
999 2671 1183 2732 adhibuisse!

161 2767 192 2823 et
204 2781 313 2844 revera
330 2763 390 2823 nisi
407 2764 478 2823 talis
499 2763 687 2824 voluntatem
706 2764 833 2822 dolentis
855 2762 970 2837 inplere
991 2781 1051 2820 non
1074 2765 1184 2838 posset.

162 2857 192 2913 et
214 2853 287 2912 licet
310 2852 444 2911 sufficere
467 2853 588 2912 deberet
616 2852 696 2928 quod
723 2852 887 2911 luctificam
914 2850 992 2911 dixit
1018 2853 1049 2909 ct
1074 2871 1110 2910 ex
1132 2851 1185 2911 Di·

161 2961 265 3001 rarum
297 2944 384 3000 coetu
417 2945 508 3018 atque
541 2942 579 3001 ab
611 2943 686 3019 ipsis
717 2941 848 3001 tenebris
881 2944 1050 3016 evocatam,
1083 2944 1185 3000 tamen

162 3030 282 3091 addidit
299 3031 362 3090 alia
380 3030 488 3107 quibus
507 3035 610 3108 aptam
629 3030 751 3109 negotio
766 3029 993 3091 demonstraret.
1021 3032 1071 3090 cui
1084 3032 1186 3089 tristia

235 3261 250 3309 1
271 3255 456 3323 qaia-saec
474 3255 554 3308 deest
571 3255 602 3308 in
621 3253 654 3320 V,
673 3255 724 3309 sed
743 3254 906 3322 explicatur.
973 3259 991 3307 4
1009 3253 1143 3307 arcadas
1159 3250 1185 3305 V

161 3346 188 3382 a.
203 3328 370 3396 alieawems
388 3326 430 3380 ed.
505 3332 521 3380 6
540 3327 661 3395 coempto
679 3326 706 3380 V
726 3334 843 3381 eatreaw
861 3325 905 3379 ed.
979 3330 995 3377 8
1016 3340 1185 3378 cousumma-

161 3406 208 3454 tar
226 3397 261 3451 V.
337 3403 352 3451 9
372 3403 465 3466 posset
481 3397 508 3451 V
526 3397 569 3451 ed.
645 3402 678 3451 10
701 3401 766 3465 post
789 3403 879 3451 aatera
899 3394 1015 3449 verbum
1036 3410 1089 3462 per
1111 3410 1186 3447 com·

161 3468 313 3539 pendium,
336 3470 370 3522 ut
391 3469 515 3535 videtur,
539 3471 568 3522 et
591 3467 689 3538 ligatis
708 3469 811 3523 litteris
831 3467 967 3535 scriptum
985 3464 1072 3519 habet
1087 3464 1114 3518 V
1132 3481 1185 3535 ego

157 3541 300 3611 mamerti
314 3540 405 3607 elicio,
415 3541 556 3609 prohiberi
569 3540 613 3593 ed.
628 3539 705 3607 quod
718 3540 796 3593 nullo
810 3537 893 3592 modo
907 3539 1002 3607 potest
1017 3537 1189 3605 extorqueri.

163 3619 197 3666 12
215 3613 335 3667 vaiacra
354 3612 396 3665 cd.
469 3616 505 3665 19
523 3612 629 3677 faceret
650 3612 694 3667 ed.
770 3616 805 3669 20
825 3610 984 3669 dcararoV
1009 3625 1140 3667 suoram
1157 3608 1208 3663 ed.

159 3690 196 3734 aa
210 3683 344 3760 terranea
360 3681 386 3735 V
436 3688 473 3735 23
486 3688 552 3738 atra
569 3684 592 3737 V
606 3702 659 3743 ora
675 3686 721 3744 ed.
771 3694 808 3745 24
824 3684 968 3761 qatoasV
992 3679 1133 3742 arnon
1152 3675 1231 3743 eut

146 3754 330 3811 aequaeuam
352 3749 380 3803 V.
456 3759 494 3807 29
511 3758 600 3816 addit
619 3761 662 3818 ed.
701 3763 704 3838 1
736 3762 883 3824 ortamV
909 3769 1019 3836 aptaro
1036 3757 1091 3815 cd.

1042 3866 1081 3926 υ
