2725 4150
456 365 459 370 .
554 319 738 376 Arsames
756 319 809 374 nn
1125 322 1191 389 587

170 491 283 567 rapuit,
300 507 371 566 pars
384 487 547 550 missilibus
560 488 630 548 telis
643 507 750 549 manus
765 489 896 550 armavit
908 489 1020 549 vadens
1033 489 1066 549 in
1079 489 1193 549 bellum

170 581 236 639 sine
257 581 395 656 respectu
418 579 599 639 discriminis
622 579 679 638 sui,
711 595 783 652 quos
805 580 927 653 opror'reo
952 583 1053 638 contro
1070 591 1256 652 procur-280

170 673 243 727 noret
263 669 463 737 Laurentum,
490 668 559 727 orno
580 669 665 726 densi
691 685 797 726 rursus
819 668 969 727 inundaret
991 669 1081 727 Troes
1103 665 1194 742 Appl-

171 759 283 831 le‘niqae
304 761 332 816 et
341 758 433 830 pictis
449 754 584 817 Arcades
606 758 715 817 armis:
736 759 779 816 sic
799 758 894 816 mercis
912 774 996 816 amor
1012 775 1092 816 roas
1109 758 1196 818 babet

141 863 153 902 s
170 848 323 906 decernere
335 849 430 920 ferro:
446 847 622 906 factumest
636 867 692 924 per
704 847 862 906 Iuturnam
880 846 961 922 quod
975 847 1051 906 Iuno
1069 846 1193 905 manda·

170 937 229 1011 vit3
251 955 323 996 nam
346 937 377 994 et
398 936 511 995 bellum
534 936 697 995 conflatum
720 939 766 995 est
788 938 819 995 et
841 936 946 995 foedus
969 953 1139 1010 excursum,
1161 936 1193 994 in

169 1028 291 1084 tanturn
312 1026 349 1084 ut
369 1045 432 1084 una
454 1024 550 1084 omnis
569 1025 726 1104 pugnandi
748 1026 896 1084 sententia
914 1026 1059 1085 tenuisset
1079 1028 1111 1084 et
1127 1027 1193 1084 toto

170 1133 272 1174 amore
296 1117 489 1191 quaereretur
506 1114 587 1190 quod
610 1113 769 1175 constabat
791 1133 854 1174 esse
877 1117 1073 1191 contrarium
1096 1113 1193 1174 omnis

169 1205 252 1262 enim
269 1221 371 1282 pugna
394 1205 458 1263 sine
481 1204 626 1282 sanguine
649 1203 741 1262 eliam
759 1205 854 1279 ipsius
872 1203 994 1264 victoris
1015 1224 1075 1264 non
1093 1206 1195 1281 potest
1277 1272 1280 1277 ,

128 1308 151 1348 ro
170 1293 323 1370 explicari
368 1292 523 1352 decernere
554 1295 656 1351 autern
687 1293 766 1353 ferro
797 1294 871 1371 quid
898 1297 944 1353 est
970 1294 1031 1352 nisi
1057 1295 1194 1371 apertum

169 1382 270 1442 subire
293 1381 472 1441 discrimen?
505 1383 655 1456 diripuere
677 1399 767 1441 oros:
795 1383 911 1442 caecati
936 1383 1036 1441 furore
1059 1383 1194 1442 certandi

169 1470 355 1548 diripiebant
372 1489 440 1531 aras
458 1489 518 1530 non
532 1471 754 1531 considerantes
772 1472 804 1530 in
821 1474 890 1549 ipsa
907 1471 1104 1548 dissipatione
1123 1471 1192 1532 deos

168 1561 267 1639 magis
296 1559 406 1620 offendi
435 1578 526 1636 quam
556 1561 693 1638 gramina
723 1561 833 1636 quibus
864 1561 986 1620 inerant
1013 1562 1193 1637 instructa03

167 1652 233 1710 iam
255 1650 335 1709 eninr
352 1649 489 1727 ipsarum
507 1650 691 1710 consecratio
713 1652 885 1710 cucurrerat
901 1649 1072 1710 iurantibus
1091 1649 1193 1709 Aenea

120 1754 148 1795 re
168 1741 200 1799 et
213 1738 333 1814 Latino,
347 1738 526 1799 ministratis
541 1741 642 1799 autem
659 1758 713 1815 per
729 1739 897 1800 sacerdotes
914 1739 972 1799 rite
991 1738 1192 1823 sollemnibus.

167 1831 193 1887 it
214 1832 271 1887 toto
297 1829 417 1888 turbido
444 1829 522 1888 coelo
549 1833 705 1902 tempestas
731 1830 853 1888 telorum
880 1847 915 1888 oc
941 1831 1056 1902 ferrera
1081 1830 1195 1903 ingruit

167 1919 279 1977 imber:
305 1917 451 1978 volabant
471 1918 534 1977 tela
561 1917 720 1978 stridentia
746 1919 779 1977 in
801 1919 989 1995 tempestatis
1015 1918 1139 1978 modum
1163 1919 1193 1976 et

167 2006 311 2067 imbrium
341 2027 463 2066 morem.
500 2011 686 2081 motamque
711 2007 845 2081 focosque
872 2010 986 2081 found:
1018 2007 1193 2067 auferebant
1202 2015 1254 2064 285

167 2098 291 2175 properi
308 2116 386 2174 quae
399 2097 513 2157 dudum
535 2100 703 2157 necessaria
721 2097 813 2157 sacris
833 2098 1006 2157 attulerant.
1038 2099 1115 2172 sapit
1129 2100 1193 2172 ipse

119 2204 147 2244 eo
167 2188 301 2246 Latinos
308 2187 445 2261 paros
461 2185 592 2260 referens
607 2188 714 2260 infecto
728 2187 843 2259 foedere
857 2187 954 2246 dioec:
976 2185 1103 2246 Latinus
1121 2206 1191 2247 vero

167 2276 327 2355 religiosus
346 2277 377 2334 et
394 2278 495 2354 gravis
513 2276 649 2354 fugiebat
666 2276 705 2335 ad
723 2278 791 2335 tuta
808 2276 939 2335 referens
958 2275 1028 2336 deos
1047 2276 1191 2351 pulsatos,

167 2384 209 2424 ne·
225 2365 374 2425 deteriora
391 2367 579 2441 paterentur,
597 2366 684 2424 nulla
696 2365 812 2424 interea
828 2365 955 2424 foederis
968 2368 1107 2442 pactione
1124 2385 1192 2441 per-

167 2457 256 2514 fecta.
306 2458 407 2531 potest
437 2455 574 2534 intellegi
606 2455 743 2532 pulsatos
775 2474 843 2514 eum
877 2473 945 2513 arae
982 2454 1192 2531 diriperentur,

167 2545 270 2621 potest
286 2543 383 2603 videri
396 2543 531 2622 pulsatos
545 2546 578 2603 in
596 2563 630 2603 eo
650 2544 732 2619 quod
748 2545 862 2619 prolati
880 2544 917 2603 ad
937 2544 1191 2603 confirmationem

118 2651 146 2691 rs
166 2634 296 2694 foederis
320 2632 485 2709 contempti
507 2638 586 2693 sunt.
621 2635 776 2707 infrenaret
798 2634 852 2693 olii
869 2651 975 2693 corros
997 2637 1051 2692 aot
1069 2650 1192 2705 corpora

166 2724 248 2783 solta
265 2723 414 2781 subiciant
429 2724 463 2781 dre
481 2740 568 2797 corros
586 2727 613 2781 et
629 2723 737 2782 strictis
755 2724 874 2782 cuddae
892 2724 1015 2781 adseret:
1038 2724 1110 2798 quia
1124 2741 1191 2798 spes

166 2811 295 2872 foederis
317 2812 490 2870 multos'ab
513 2831 663 2871 armorum
691 2831 762 2872 cura
789 2812 979 2885 dissolveret,
1008 2812 1068 2870 alio
1091 2829 1191 2871 rerum

167 2902 250 2960 exitu
274 2900 398 2960 excitati
421 2901 474 2960 alii
495 2901 689 2961 infrenabant
715 2920 830 2975 currus,
859 2901 913 2960 alii
934 2902 1015 2959 saltn
1042 2902 1074 2959 in
1098 2920 1190 2977 equos

166 2993 249 3050 facto
279 2989 476 3067 expeditiores
507 2990 633 3050 aderant
661 2991 776 3050 eductis
806 2990 915 3068 gladiis
948 2992 979 3048 et
1007 2990 1122 3065 paratis
1152 2990 1191 3050 ad

118 3097 147 3137 eo
165 3099 279 3139 necem.
301 3080 464 3152 Messapos
475 3097 572 3155 repam
584 3081 717 3154 repieqoe
730 3081 844 3154 imipoe
853 3084 997 3154 poeotero
1007 3079 1191 3153 Tyrrhenam
1200 3086 1253 3136 290

166 3168 309 3229 Aulesten
326 3168 347 3242 †
366 3170 472 3228 oridoes
491 3170 669 3242 confundere
685 3169 789 3242 foedas
808 3170 930 3228 adroso
944 3172 1089 3243 proterret
1105 3186 1191 3241 eodo:

199 3329 201 3333 ·
241 3310 256 3358 1
285 3304 385 3359 caderes
407 3303 433 3356 V
460 3304 496 3358 cf.
525 3308 577 3357 313
608 3304 713 3358 oedem
740 3302 813 3358 eds.
900 3309 915 3356 3
943 3304 994 3357 och
1014 3303 1129 3372 lituique
1155 3302 1189 3358 V.

167 3381 184 3429 5
208 3376 390 3430 mondaverat
412 3374 455 3430 ed.
534 3379 550 3427 9
575 3376 658 3429 etium
684 3392 737 3428 om.
760 3374 803 3428 ed.
877 3381 911 3428 14
929 3375 986 3428 iam
1043 3391 1099 3429 ooo
1118 3374 1187 3447 ed}

167 3446 507 3502 aameocVAereeoeed
524 3447 692 3501 Aeoeonos.
748 3450 781 3500 19
795 3448 910 3515 properi
928 3445 1040 3499 omed.
1097 3450 1131 3499 24
1149 3446 1190 3500 oi-

166 3520 230 3573 derd
241 3516 401 3588 Vindellipi
413 3519 456 3572 ed.
493 3521 527 3571 25
542 3517 827 3572 eontemchorred.
865 3522 897 3569 31
913 3516 1190 3583 acidaecorefemdere

166 3589 193 3643 V
207 3589 265 3644 ed:
284 3590 341 3644 hoc
357 3605 421 3642 cum
438 3589 673 3657 interpretatione
692 3588 852 3657 discrepare
870 3589 963 3657 patet,
983 3604 1056 3656 quac
1077 3588 1189 3643 ocidm

166 3662 269 3731 poscit,
279 3660 366 3729 idque
381 3676 398 3714 a
412 3660 583 3729 quibusdam
597 3660 702 3713 lectum
717 3675 777 3713 esse
792 3659 902 3713 Servius
916 3659 1018 3714 tradit:
1034 3675 1101 3729 ergo
1116 3659 1146 3713 hi
1161 3661 1190 3713 et

165 3732 297 3787 Donatus
311 3732 478 3799 confundere
491 3748 542 3801 pro
558 3731 733 3786 committere
744 3732 924 3800 acceperunt:
940 3746 1050 3785 crucem
1061 3731 1189 3799 adposui.
