2725 4150
513 342 777 399 nauumosvm
1094 345 1158 412 175

137 515 221 573 tollit
241 515 274 572 in
298 514 374 574 altos
392 512 506 573 Idaliae
528 511 647 574 lucos“:
670 513 817 592 gremium
836 512 912 572 dixit
930 515 1058 572 stratum
1077 513 1159 590 quod

138 607 300 681 paraverat
331 603 508 679 dormitur03
539 603 613 662 item
645 595 690 685 (1,
706 594 786 682 717)
818 602 913 678 „haec
946 603 1054 677 oeulis,
1085 602 1159 662 haec

138 695 257 769 pectore
288 694 352 752 toto
382 693 485 752 haeret
515 695 545 750 et
573 692 725 751 interdum
752 692 864 770 gremio
894 690 1007 767 fovet“,
1034 693 1091 751 hoc
1114 695 1160 751 est

137 783 233 841 reficit
260 783 328 841 sinu
359 783 447 858 quasi
477 801 545 840 eum
575 781 629 858 qui
657 780 784 858 pedibus
815 781 876 840 suis
906 781 1091 857 pervenisset
1120 779 1159 840 ad

109 874 267 949 epatrem3
291 874 322 930 et
345 864 405 952 (ge.
425 873 454 947 2,
470 863 550 951 326)
580 869 739 948 „coniugis
761 872 794 928 in
817 869 964 949 gremium
987 871 1085 930 laetae
1110 870 1159 930 de·

139 959 284 1035 scendit“‚
306 956 387 1036 quia,
406 979 474 1019 cum
492 961 580 1037 pluit,
598 959 710 1036 excipit
726 962 808 1018 terra
827 958 971 1036 quicquid
988 959 1025 1019 de
1043 977 1159 1019 summo

140 1051 332 1111 descenderit.
378 1069 443 1108 ecee
473 1052 504 1108 et
532 1049 581 1107 hic
610 1049 747 1127 coniugis
775 1049 806 1106 in
837 1048 985 1128 gremium
1013 1052 1161 1108 memorat

138 1140 273 1199 infusum
295 1138 478 1212 Vulcanum,
508 1139 565 1197 hoo
594 1142 640 1198 est
668 1140 768 1198 totum
797 1139 964 1214 proiectum
992 1139 1024 1197 in
1052 1156 1159 1215 corpus

138 1231 247 1288 uxoris.
280 1229 355 1288 bene
377 1229 481 1305 posuit
502 1227 637 1287 infusum
658 1229 691 1287 in
715 1227 817 1286 uxoris
840 1229 953 1302 sinum,
972 1226 1044 1304 quia
1068 1245 1161 1303 supra

95 1337 121 1376 ιο
139 1319 215 1376 dixit
229 1310 324 1398 (388)
337 1319 411 1393 „ilie
429 1319 551 1394 repente
569 1318 686 1393 accepit
703 1317 824 1376 salitam
841 1317 993 1376 flammam
1010 1319 1161 1393 notusque

138 1407 284 1467 medullas
314 1408 442 1466 inuenit
471 1408 555 1465 calor
584 1410 615 1465 et
643 1406 794 1465 labefacta
822 1425 876 1481 per
906 1424 974 1465 ossa
997 1404 1160 1466 cucurrit“.

138 1497 258 1556 infusus
282 1500 328 1556 est
350 1515 422 1575 ergo
446 1516 536 1572 quem
559 1495 669 1555 amoris
692 1495 887 1571 liquefecerat
910 1496 998 1554 calor.

211 1586 288 1643 Iade
309 1587 482 1659 uberrima
505 1586 586 1658 quies
607 1585 702 1644 medio
724 1585 787 1643 iam
809 1584 901 1642 noctis
924 1584 1045 1642 abactae
1068 1583 1161 1642 curri-

141 1675 204 1732 culo
234 1675 384 1746 expulerat
412 1692 561 1733 soranam:
589 1674 656 1748 ubi,
685 1674 799 1750 inquit,
828 1672 960 1731 medium
989 1673 1086 1731 noctis
1115 1691 1162 1730 ex·

97 1780 123 1820 ιι
142 1765 244 1821 actum
266 1767 311 1822 est
333 1767 363 1823 et
385 1764 515 1822 satiatus
539 1782 642 1823 somno
665 1762 815 1841 vigilavit.
859 1761 994 1821 nondum
1023 1762 1160 1838 conpleta

142 1871 232 1911 sensu
255 1871 313 1927 quo
337 1852 507 1913 ostenderet
529 1854 619 1929 poeta
641 1851 813 1912 Vulcanum
841 1853 1003 1912 surrexisse
1032 1851 1071 1909 ad
1093 1869 1161 1909 oon·

140 1942 297 2000 ficiendam
329 1962 480 2001 armorum
509 1942 655 2001 fabricam
684 1941 805 2001 induxit
833 1941 865 1999 in
894 1942 994 2000 medio
1017 1958 1161 2016 conpara·

140 2032 254 2091 tionem
276 2034 306 2092 et
328 2032 400 2093 fecit
423 2032 535 2092 saltum
557 2035 738 2109 peractaque
761 2032 824 2092 eius
848 2030 1046 2108 descriptione
1072 2029 1163 2091 rediit

141 2123 180 2179 ad
203 2122 342 2180 eundem:
374 2140 439 2181 cerm
461 2122 575 2195 semera
597 2122 743 2195 primum,
772 2122 820 2181 car‘
842 2121 965 2180 tolerare
988 2122 1048 2180 eolo
1070 2122 1163 2179 eitam

97 2228 124 2267 ao
141 2213 276 2283 anaeque
307 2212 461 2279 Minerua,
495 2212 655 2284 inpositura
688 2212 812 2270 erarem
844 2215 871 2269 et
901 2211 1009 2284 sopitos
1041 2211 1224 2269 suscitarem

141 2301 219 2374 iente
248 2304 358 2359 uectem
388 2300 501 2359 adderes
534 2302 615 2373 opert
647 2301 836 2374 famulasque
864 2299 904 2358 ad
932 2299 1047 2358 tamira
1079 2299 1162 2373 lonae

142 2393 251 2448 exercet
266 2406 374 2462 pereso,
399 2394 512 2448 castrsm
533 2394 567 2448 at
592 2406 711 2448 serrare
739 2389 831 2448 catate
859 2389 990 2461 coneraia
1019 2391 1046 2446 et
1067 2388 1164 2460 posse

136 2496 250 2551 parrae
281 2479 399 2537 educere
428 2482 526 2547 ecaton,
556 2480 630 2537 haut
657 2496 740 2537 secas
768 2480 932 2552 unipotens
959 2493 1011 2534 aec
1038 2480 1163 2548 tempore

142 2570 258 2641 sequior
288 2567 338 2626 cao
370 2567 506 2626 mollibus
536 2585 550 2625 e
579 2569 681 2627 stratis
712 2584 802 2641 opera
834 2566 875 2624 ad
904 2566 1030 2638 fabrilia
1060 2565 1162 2637 serait.
1172 2573 1224 2623 415

99 2672 124 2712 ιι
143 2657 393 2733 quemadmodum
422 2656 499 2716 solet
528 2657 640 2715 femina
669 2657 771 2715 labore
799 2658 830 2714 et
856 2654 1012 2713 honestate
1039 2652 1164 2711 lanificii

143 2746 370 2806 necessitatibus
401 2745 572 2806 domesticis
603 2745 774 2818 subvenire,
804 2763 864 2802 non
894 2742 1033 2819 turpibus
1063 2743 1163 2818 lucris,

144 2837 261 2894 eastum
280 2839 436 2895 servatura
453 2835 557 2894 mariti
575 2835 749 2912 coniugium
767 2836 797 2893 et
814 2836 940 2910 pastura
957 2833 1066 2893 liberos
1086 2850 1164 2907 suos,

133 2934 204 2982 'non
236 2928 382 3002 gravatur
412 2924 538 3002 vigilare
570 2944 624 3001 per
654 2926 787 2998 noctem,
819 2922 960 2983 conficere
993 2923 1032 2981 ad
1063 2923 1164 2981 lumen

145 3014 275 3072 stamina
298 3017 328 3072 et
351 3032 484 3073 exercere
506 3014 636 3073 fumidus
660 3031 743 3088 suas,
771 3013 813 3073 sie
842 3015 872 3071 et
893 3012 1048 3072 Vulcanus
1071 3012 1163 3089 placi-

100 3118 127 3157 ιο
143 3107 229 3162 turus
252 3105 340 3163 uxori
361 3103 467 3163 mollia
489 3105 584 3162 strata
607 3102 738 3162 deseruit
760 3102 894 3161 laborem
920 3102 1090 3178 praeferens
1113 3118 1163 3160 vo-

218 3314 232 3361 1
257 3310 321 3363 calet
340 3308 374 3362 V.
405 3308 408 3380 i
437 3309 534 3363 italiae
553 3307 587 3361 V.
618 3308 622 3379 Ι
650 3314 715 3379 epyc
685 3314 762 3379 yram
782 3308 854 3377 qaod
871 3306 897 3360 V
915 3308 1007 3361 sinam
1025 3305 1164 3375 quemad.

144 3386 262 3435 atratum
280 3381 353 3449 qaod
370 3396 429 3434 nos.
481 3380 624 3435 thaberet
640 3396 692 3448 pro
710 3378 849 3435 haeretV.
900 3376 1039 3433 ttaeteV
1053 3378 1107 3431 late
1121 3376 1164 3430 ed.

146 3453 306 3520 acceptarit
322 3469 373 3521 pro
392 3469 454 3507 cnam
467 3450 590 3520 plaitV
640 3397 908 3507 p'ldieceaderetV.
978 3453 1010 3502 11
1030 3449 1134 3503 calor
1121 3465 1165 3502 ea-

146 3524 281 3591 labefacta
294 3523 320 3577 V
334 3526 430 3592 (supra
443 3525 539 3591 reate).
589 3526 622 3577 12
641 3523 755 3590 trefae·
739 3540 753 3577 e
772 3537 931 3663 WQV(
868 3519 968 3575 uemV
983 3519 1108 3588 corrupit
1121 3519 1164 3573 ed.

146 3600 181 3648 20
203 3597 308 3663 positae
329 3612 381 3662 pro
403 3596 506 3664 sopitae
519 3525 559 3648 V.
633 3599 666 3648 21
691 3600 717 3649 et
739 3595 846 3649 tamira
913 3592 953 3663 (in
973 3592 1093 3659 interni.
1109 3592 1172 3657 adi

147 3672 180 3718 22
196 3665 332 3733 possetV.
406 3672 441 3720 24
459 3683 474 3722 e
491 3683 545 3721 om.
559 3664 594 3721 V.
669 3669 704 3722 25
722 3667 835 3737 taratra
787 3666 861 3737 tuiis
879 3664 927 3720 ed.
998 3668 1040 3716 ‘nn
1053 3660 1194 3725 *Mum

139 3738 226 3788 lucrer
242 3736 267 3787 V
281 3738 451 3805 temporebus
467 3740 542 3798 lucie
560 3740 608 3799 ed.
