2725 4150
165 343 231 408 448
452 340 592 395 DONATI
609 340 780 395 INTERPR.
794 339 902 396 VERG.

163 512 296 569 ouenmt.
334 512 436 585 posset
456 509 514 568 hoc
537 509 633 569 videri
655 512 779 569 eventus
804 509 956 584 attulisse,
978 527 1038 568 non
1061 509 1190 572 deorum
1286 492 1287 503 ἵ

162 596 319 658 iudicium:
341 599 453 658 hocne
471 599 631 675 diceretur,
650 597 831 659 occurrendo
850 599 1019 676 praevenit3
1042 597 1088 659 ait
1106 599 1190 660 euim

163 688 357 763 quicumque,
384 691 420 747 ut
446 687 614 747 ostenderet
642 687 675 746 in
705 689 801 748 omnis
831 689 996 748 cucurrisse
1019 687 1189 751 vindictam

162 778 217 852 qui
238 777 271 834 in
289 777 381 835 Troia
398 779 614 856 pugnaverant.
647 777 729 854 quod
747 777 863 836 fectum
884 795 945 836 non
963 795 1050 838 casus
1070 778 1188 855 auant,

162 865 214 924 sed
236 867 376 944 inrogata
404 869 495 943 atque
524 865 640 925 inflicta
667 865 725 926 diis
751 865 902 926 ultoribus
925 885 1035 944 poena3
1063 886 1137 927 nam
1159 868 1188 928 si
1219 885 1232 927 e

162 956 239 1014 esset
269 958 406 1030 eventus,
438 975 492 1015 nec
522 957 681 1015 interirent
713 955 767 1015 elii
798 975 852 1016 nec
883 957 916 1016 in
942 957 1076 1032 reliquos
1106 959 1187 1019 esset

162 1044 287 1105 diversis
310 1045 460 1104 ultionum
484 1045 640 1123 generibus
659 1045 854 1106 vindicatum.
885 1045 996 1105 Iliacos
1019 1045 1097 1106 ferro
1119 1046 1186 1106 vio·

160 1134 290 1194 lavimus
314 1153 416 1212 agros:
446 1152 506 1193 non
529 1134 627 1195 solum
655 1133 808 1195 civitatem
830 1135 897 1194 vult
919 1136 1070 1195 sacratam
1090 1133 1185 1196 fuisse

160 1223 347 1298 numinibus,
370 1223 421 1282 sed
445 1224 541 1282 omnis
564 1243 653 1302 agros
671 1224 712 1283 ad
734 1243 801 1284 eam
818 1223 1005 1300 pertinentis.
1036 1224 1125 1284 mitto
1148 1242 1186 1285 es

161 1331 238 1388 quae
252 1314 347 1372 muris
360 1312 500 1373 bellando
514 1313 661 1372 exhausta
674 1313 731 1373 sub
745 1313 829 1389 altis,
849 1331 925 1390 quos
940 1311 1049 1374 Simois
1065 1316 1185 1389 premat
1201 1329 1226 1371 ro

159 1400 212 1461 ille
230 1401 319 1461 viros.
365 1402 494 1462 strictim
515 1402 639 1462 transfit
663 1403 745 1478 quod
769 1402 899 1462 adscribi
920 1403 1022 1481 potuit
1044 1402 1181 1463 fortunae

159 1490 315 1551 bellorum.
344 1491 684 1569 non‚inquit,dei]1is
704 1491 819 1567 aliquid
833 1491 931 1551 dicam
949 1491 1003 1568 qui
1020 1492 1182 1570 pugnando

160 1580 330 1657 consumpti
344 1583 426 1654 sunt,
444 1599 505 1640 non
524 1599 627 1640 eorum
639 1582 781 1641 meritum
798 1583 924 1659 tangam
941 1579 996 1657 qui
1012 1583 1084 1640 ante
1101 1580 1184 1659 ipsos

159 1689 261 1730 muros
284 1669 430 1746 prostrati
451 1671 621 1744 iacuerunt,
650 1690 711 1730 non
734 1688 895 1729 memorem
918 1669 1016 1747 qualis
1039 1673 1185 1747 quantos-

159 1778 195 1819 ve
220 1759 328 1819 Simois
351 1762 475 1835 premat.
520 1759 647 1819 infanda
673 1778 727 1836 per
754 1758 856 1819 orbem
886 1759 1036 1837 supplicia
1062 1762 1095 1820 et
1121 1777 1183 1821 soe·
1202 1775 1227 1818 u

159 1849 257 1907 lerum
270 1867 382 1925 poenas
396 1849 589 1925 expendimus
606 1867 717 1908 omnes.
750 1848 983 1908 confirmationis
1001 1847 1094 1908 verba
1111 1851 1185 1909 sunt

157 1938 230 2014 iste,
254 1937 393 2015 quaesita
414 1937 496 2013 ideo,
518 1939 555 1996 ut
576 1937 756 2014 probaretur
772 1937 881 2015 legatis
904 1956 959 1998 nec
976 1936 1050 1999 levis
1067 1955 1182 2013 poenes
1286 2000 1287 2017 ἶ

156 2028 227 2104 post
245 2027 393 2087 excidium
411 2027 518 2087 Troiae
538 2029 710 2087 consecutos
730 2025 872 2101 Graecos,
891 2024 943 2087 sed
963 2024 1102 2087 infandas
1124 2044 1182 2087 nec

156 2136 217 2176 uno
237 2118 269 2176 in
283 2118 363 2192 loco,
386 2115 437 2176 sed
451 2136 505 2194 per
521 2119 619 2176 totum
639 2117 741 2175 orbem
759 2135 813 2176 nec
829 2117 999 2192 aliquorum
1015 2115 1048 2176 id
1063 2115 1181 2178 malum

157 2206 263 2282 fuisse,
287 2205 338 2265 sed
362 2206 504 2267 omnium.
549 2208 655 2266 tantus
682 2205 715 2265 in
742 2205 799 2265 hac
825 2206 973 2265 relatione
1000 2208 1096 2266 terror
1124 2207 1181 2283 esi,
1199 2223 1227 2264 ro

158 2299 194 2355 ut
215 2314 302 2355 omne
320 2295 479 2354 criminum
497 2313 591 2373 genus
613 2294 763 2354 incurrere
782 2294 921 2356 videatur
939 2294 1076 2372 quisquis
1095 2293 1180 2355 Troi-

158 2403 232 2444 anos
254 2385 332 2444 bello
355 2385 530 2462 pulsaverit.
575 2387 726 2461 postremo
749 2384 792 2444 sic
813 2386 879 2444 toto
908 2384 974 2444 orbi
1002 2403 1090 2444 suum
1111 2401 1181 2443 suo-

157 2494 283 2554 rumque
301 2475 469 2551 exemplum
486 2473 553 2533 vult
570 2473 666 2533 videri
679 2472 882 2551 propositum,
901 2476 936 2533 ut
953 2491 1056 2533 omnes
1068 2472 1182 2532 scirent

158 2562 231 2640 quid
261 2564 403 2639 consequi
432 2581 482 2622 eos
511 2565 626 2638 posset,
655 2563 682 2622 si
710 2563 853 2623 adversus
880 2561 1026 2624 Troianos
1052 2560 1180 2623 ulterius

158 2671 242 2711 arma
260 2653 453 2727 susciperent.
482 2651 573 2711 huius
591 2651 650 2711 loci
668 2651 825 2712 ordinatur
842 2670 946 2711 sensus
964 2652 1020 2712 sic:
1043 2650 1182 2729 quicum·
1198 2668 1225 2711 rs

158 2761 215 2817 que
244 2740 354 2801 Iliacos
384 2741 463 2801 ferro
492 2740 673 2808 violavimus
706 2760 795 2821 agros
828 2741 954 2801 infanda
987 2760 1041 2818 per
1077 2738 1182 2802 orbem

157 2830 306 2907 supplicia
337 2832 369 2889 et
397 2831 540 2890 scelerum
568 2849 678 2908 poenas
710 2830 901 2907 expendimus
930 2848 1046 2891 omnes:
1075 2849 1180 2892 omues

157 2920 196 2979 ad
223 2921 358 2980 homines
388 2919 530 2997 pertinet,
557 2939 618 2979 non
640 2920 678 2978 ad
703 2938 828 2998 poenas,
859 2922 896 2979 ut
925 2920 966 2980 sit
995 2938 1097 2981 omnes
1123 2937 1180 2980 nos
1276 2929 1278 2934 '

156 3010 300 3070 scelerum
318 3026 429 3085 poenas
444 3008 651 3085 expendimus3
668 3008 767 3068 medie
783 3010 894 3085 quippe
909 3010 953 3069 sic
970 3008 1072 3087 posuit
1090 3009 1181 3086 qussi

156 3119 217 3159 non
235 3099 324 3158 dicta.
356 3097 408 3176 qui
425 3099 458 3156 in
476 3097 567 3158 Troia
585 3101 795 3177 pugnaverant
813 3101 977 3174 potuerunt
995 3097 1118 3176 quippe,
1142 3101 1181 3159 ut
1197 3115 1224 3157 eo

157 3188 350 3263 dictumest,
380 3188 532 3247 contraria
554 3186 759 3264 disputatione
783 3186 921 3262 dissolvi,
951 3185 1095 3264 quoniam
1117 3188 1179 3248 vic·

155 3278 235 3337 toria
257 3277 335 3337 bello
355 3277 490 3353 quaesite
507 3294 604 3336 veona
627 3296 691 3337 esse
709 3276 838 3336 luctibus
861 3295 922 3335 non
940 3278 1053 3353 potest:
1075 3278 1179 3338 tamen

156 3367 248 3426 etiam
271 3367 313 3426 sic
333 3364 437 3425 Latini
459 3364 646 3426 deterrentur
669 3366 707 3425 ab
730 3365 852 3426 adiectu
874 3365 1020 3441 bellandi,
1043 3366 1125 3442 quod
1147 3368 1180 3427 et

229 3525 263 3574 10
281 3520 399 3575 sublatis
416 3520 513 3589 (supra
530 3519 581 3574 sub
600 3520 675 3587 altis)
689 3517 723 3574 V.
787 3523 819 3571 12
835 3517 986 3588 puquandi
998 3517 1024 3571 V
1043 3533 1113 3573 corr.
1131 3517 1178 3574 ed

144 3598 182 3649 14
201 3590 390 3653 memorcmV
409 3591 476 3651 -oto
495 3589 539 3647 ed.
612 3596 645 3645 15
663 3590 813 3657 infandum
830 3588 864 3643 V.
893 3591 896 3658 y
923 3590 1016 3645 urbem
1033 3590 1074 3657 (et
1092 3605 1180 3658 supra
1228 3643 1235 3660 ,

133 3668 289 3744 infraque)
307 3669 334 3729 V
347 3687 423 3729 corr.
437 3667 483 3728 ed.
534 3668 570 3723 20
588 3659 753 3722 tcrrorcroi
773 3667 859 3717 terror
874 3666 912 3715 eet
928 3677 999 3713 eeu.
1010 3660 1056 3714 ed.
1069 3659 1178 3719 otiu.

126 3748 167 3800 22
188 3753 249 3807 toto
270 3765 330 3808 om.
351 3747 402 3808 ed.
481 3749 517 3804 31
536 3736 711 3819 micas
735 3751 798 3792 cun
815 3731 863 3787 ed.
931 3734 968 3779 ss
987 3727 1145 3791 mactasti
