<?xml version="1.0" encoding="UTF-8"?>
<!DOCTYPE html PUBLIC "-//W3C//DTD XHTML 1.0 Transitional//EN"
    "http://www.w3.org/TR/xhtml1/DTD/xhtml1-transitional.dtd">
<html xmlns="http://www.w3.org/1999/xhtml" xml:lang="en" lang="en">
 <head>
  <title>
</title>
<meta http-equiv="Content-Type" content="text/html;charset=utf-8" />
  <meta name='ocr-system' content='tesseract 3.04.00' />
  <meta name='ocr-capabilities' content='ocr_page ocr_carea ocr_par ocr_line ocrx_word'/>
</head>
<body>
  <div class='ocr_page' id='page_1' title='image "./tibericlaudidon00georgoog_0421.png"; bbox 0 0 2725 4150; ppageno 0'>
   <div class='ocr_carea' id='block_1_1' title="bbox 187 341 923 412">
    <p class='ocr_par' dir='ltr' id='par_1_1' title="bbox 187 341 923 412">
     <span class='ocr_line' id='line_1_1' title="bbox 187 341 923 412; baseline -0.022 0"><span class='ocrx_word' id='word_1_1' title='bbox 187 347 253 412; x_wconf 77' lang='grc'><strong>412</strong></span> <span class='ocrx_word' id='word_1_2' title='bbox 473 342 614 398; x_wconf 83' lang='grc' dir='ltr'><strong>ΒΟΝΑΤΙ</strong></span> <span class='ocrx_word' id='word_1_3' title='bbox 630 341 801 397; x_wconf 82' lang='lat' dir='ltr'>INTERPR.</span> <span class='ocrx_word' id='word_1_4' title='bbox 815 341 923 397; x_wconf 79' lang='lat' dir='ltr'><strong>VERG.</strong></span> 
     </span>
    </p>
   </div>
   <div class='ocr_carea' id='block_1_2' title="bbox 134 504 1251 3177">
    <p class='ocr_par' dir='ltr' id='par_1_2' title="bbox 134 504 1251 3177">
     <span class='ocr_line' id='line_1_2' title="bbox 187 504 1207 591; baseline 0 -21"><span class='ocrx_word' id='word_1_5' title='bbox 187 513 287 573; x_wconf 86' lang='lat' dir='ltr'><strong>luctus</strong></span> <span class='ocrx_word' id='word_1_6' title='bbox 310 513 464 591; x_wconf 79' lang='lat' dir='ltr'><strong>inplesset.</strong></span> <span class='ocrx_word' id='word_1_7' title='bbox 498 513 614 590; x_wconf 82' lang='lat' dir='ltr'><strong>regiam</strong></span> <span class='ocrx_word' id='word_1_8' title='bbox 636 514 768 589; x_wconf 89' lang='lat' dir='ltr'><strong>primum</strong></span> <span class='ocrx_word' id='word_1_9' title='bbox 785 512 937 589; x_wconf 84' lang='lat' dir='ltr'><strong>ingressus</strong></span> <span class='ocrx_word' id='word_1_10' title='bbox 956 504 1020 586; x_wconf 78' lang='lat' dir='ltr'><strong>&#39;est3</strong></span> <span class='ocrx_word' id='word_1_11' title='bbox 1042 528 1114 570; x_wconf 89' lang='lat' dir='ltr'><strong>nam</strong></span> <span class='ocrx_word' id='word_1_12' title='bbox 1137 525 1207 570; x_wconf 90' lang='lat' dir='ltr'><strong>cum</strong></span> 
     </span>
     <span class='ocr_line' id='line_1_3' title="bbox 187 592 1208 683; baseline -0.001 -23"><span class='ocrx_word' id='word_1_13' title='bbox 187 600 292 662; x_wconf 90' lang='lat' dir='ltr'><strong>Latini</strong></span> <span class='ocrx_word' id='word_1_14' title='bbox 308 601 492 662; x_wconf 88' lang='lat' dir='ltr'><strong>vestibulum</strong></span> <span class='ocrx_word' id='word_1_15' title='bbox 515 599 696 662; x_wconf 76' lang='lat' dir='ltr'><strong>describeret</strong></span> <span class='ocrx_word' id='word_1_16' title='bbox 718 592 764 683; x_wconf 81' lang='lat'><strong>(7,</strong></span> <span class='ocrx_word' id='word_1_17' title='bbox 779 592 872 682; x_wconf 80' lang='lat'>170),</span> <span class='ocrx_word' id='word_1_18' title='bbox 894 597 938 660; x_wconf 94' lang='lat' dir='ltr'><strong>sic</strong></span> <span class='ocrx_word' id='word_1_19' title='bbox 960 598 1048 659; x_wconf 87' lang='lat' dir='ltr'><strong>dixit:</strong></span> <span class='ocrx_word' id='word_1_20' title='bbox 1072 600 1208 674; x_wconf 83' lang='lat' dir='ltr'><strong>„tectum</strong></span> 
     </span>
     <span class='ocr_line' id='line_1_4' title="bbox 188 687 1209 770; baseline -0.002 -19"><span class='ocrx_word' id='word_1_21' title='bbox 188 695 363 770; x_wconf 82' lang='lat' dir='ltr'><strong>angustum,</strong></span> <span class='ocrx_word' id='word_1_22' title='bbox 399 692 518 768; x_wconf 82' lang='lat' dir='ltr'><strong>ingens,</strong></span> <span class='ocrx_word' id='word_1_23' title='bbox 555 693 673 750; x_wconf 88' lang='lat' dir='ltr'><strong>centum</strong></span> <span class='ocrx_word' id='word_1_24' title='bbox 706 690 833 750; x_wconf 89' lang='lat' dir='ltr'><strong>sublime</strong></span> <span class='ocrx_word' id='word_1_25' title='bbox 865 687 1010 749; x_wconf 88' lang='lat' dir='ltr'><strong>columnis</strong></span> <span class='ocrx_word' id='word_1_26' title='bbox 1042 687 1116 749; x_wconf 92' lang='lat' dir='ltr'><strong>urbe</strong></span> <span class='ocrx_word' id='word_1_27' title='bbox 1147 687 1209 749; x_wconf 78' lang='lat' dir='ltr'><strong>fuit</strong></span> 
     </span>
     <span class='ocr_line' id='line_1_5' title="bbox 188 777 1208 858; baseline -0.003 -17"><span class='ocrx_word' id='word_1_28' title='bbox 188 799 319 855; x_wconf 89' lang='lat' dir='ltr'><strong>summa,</strong></span> <span class='ocrx_word' id='word_1_29' title='bbox 347 778 507 840; x_wconf 89' lang='lat' dir='ltr'><strong>Laurentis</strong></span> <span class='ocrx_word' id='word_1_30' title='bbox 537 779 622 858; x_wconf 80' lang='lat' dir='ltr'><strong>regia</strong></span> <span class='ocrx_word' id='word_1_31' title='bbox 648 778 746 839; x_wconf 90' lang='lat' dir='ltr'><strong>Pici“.</strong></span> <span class='ocrx_word' id='word_1_32' title='bbox 790 779 854 854; x_wconf 80' lang='lat' dir='ltr'><strong>ipse</strong></span> <span class='ocrx_word' id='word_1_33' title='bbox 881 781 969 852; x_wconf 76' lang='lat' dir='ltr'><strong>copel</strong></span> <span class='ocrx_word' id='word_1_34' title='bbox 995 777 1074 837; x_wconf 66' lang='lat' dir='ltr'><strong>uiua</strong></span> <span class='ocrx_word' id='word_1_35' title='bbox 1098 777 1208 851; x_wconf 73' lang='lat' dir='ltr'><strong>falum</strong></span> 
     </span>
     <span class='ocr_line' id='line_1_6' title="bbox 134 866 1245 945; baseline -0.003 -15"><span class='ocrx_word' id='word_1_36' title='bbox 134 879 169 930; x_wconf 86' lang='lat'><strong>40</strong></span> <span class='ocrx_word' id='word_1_37' title='bbox 188 870 336 930; x_wconf 76' lang='lat' dir='ltr'><strong>Pallantis</strong></span> <span class='ocrx_word' id='word_1_38' title='bbox 356 873 383 928; x_wconf 78' lang='lat' dir='ltr'><strong>et</strong></span> <span class='ocrx_word' id='word_1_39' title='bbox 404 885 459 928; x_wconf 80' lang='lat' dir='ltr'><strong>ora</strong></span> <span class='ocrx_word' id='word_1_40' title='bbox 480 873 514 928; x_wconf 80' lang='lat' dir='ltr'><strong>ut</strong></span> <span class='ocrx_word' id='word_1_41' title='bbox 530 869 618 928; x_wconf 78' lang='lat' dir='ltr'><strong>vidit:</strong></span> <span class='ocrx_word' id='word_1_42' title='bbox 644 868 758 928; x_wconf 86' lang='lat' dir='ltr'><strong>mortni</strong></span> <span class='ocrx_word' id='word_1_43' title='bbox 781 885 888 945; x_wconf 87' lang='lat' dir='ltr'><strong>corpus</strong></span> <span class='ocrx_word' id='word_1_44' title='bbox 912 885 992 926; x_wconf 86' lang='lat' dir='ltr'><strong>nova</strong></span> <span class='ocrx_word' id='word_1_45' title='bbox 1015 868 1080 926; x_wconf 84' lang='lat' dir='ltr'><strong>arte</strong></span> <span class='ocrx_word' id='word_1_46' title='bbox 1102 866 1208 927; x_wconf 88' lang='lat' dir='ltr'><strong>lauda·</strong></span> <span class='ocrx_word' id='word_1_47' title='bbox 1235 884 1245 926; x_wconf 82' lang='lat' dir='ltr'><strong>e</strong></span> 
     </span>
     <span class='ocr_line' id='line_1_7' title="bbox 189 955 1208 1036; baseline -0.004 -17"><span class='ocrx_word' id='word_1_48' title='bbox 189 959 247 1034; x_wconf 85' lang='lat' dir='ltr'><strong>vit3</strong></span> <span class='ocrx_word' id='word_1_49' title='bbox 267 960 380 1036; x_wconf 83' lang='lat' dir='ltr'><strong>augent</strong></span> <span class='ocrx_word' id='word_1_50' title='bbox 393 959 473 1016; x_wconf 91' lang='lat' dir='ltr'><strong>enim</strong></span> <span class='ocrx_word' id='word_1_51' title='bbox 487 956 620 1018; x_wconf 91' lang='lat' dir='ltr'><strong>dolorem</strong></span> <span class='ocrx_word' id='word_1_52' title='bbox 635 975 713 1034; x_wconf 87' lang='lat' dir='ltr'><strong>quae</strong></span> <span class='ocrx_word' id='word_1_53' title='bbox 726 959 855 1036; x_wconf 75' lang='lat' dir='ltr'><strong>possunt</strong></span> <span class='ocrx_word' id='word_1_54' title='bbox 872 955 904 1015; x_wconf 92' lang='lat' dir='ltr'><strong>in</strong></span> <span class='ocrx_word' id='word_1_55' title='bbox 919 955 1060 1017; x_wconf 84' lang='lat' dir='ltr'><strong>defuncto</strong></span> <span class='ocrx_word' id='word_1_56' title='bbox 1078 955 1208 1017; x_wconf 79' lang='lat' dir='ltr'><strong>laudari</strong></span> 
     </span>
     <span class='ocr_line' id='line_1_8' title="bbox 187 1045 1210 1125; baseline -0.002 -17"><span class='ocrx_word' id='word_1_57' title='bbox 187 1051 304 1121; x_wconf 88' lang='lat' dir='ltr'><strong>tantae,</strong></span> <span class='ocrx_word' id='word_1_58' title='bbox 338 1046 452 1124; x_wconf 90' lang='lat' dir='ltr'><strong>inquit,</strong></span> <span class='ocrx_word' id='word_1_59' title='bbox 491 1046 593 1108; x_wconf 89' lang='lat' dir='ltr'><strong>Pallas</strong></span> <span class='ocrx_word' id='word_1_60' title='bbox 621 1045 853 1125; x_wconf 82' lang='lat' dir='ltr'><strong>pulchritudinis</strong></span> <span class='ocrx_word' id='word_1_61' title='bbox 882 1047 960 1122; x_wconf 85' lang='lat' dir='ltr'><strong>erat,</strong></span> <span class='ocrx_word' id='word_1_62' title='bbox 991 1048 1027 1106; x_wconf 90' lang='lat' dir='ltr'><strong>ut</strong></span> <span class='ocrx_word' id='word_1_63' title='bbox 1056 1064 1126 1105; x_wconf 91' lang='lat' dir='ltr'><strong>eum</strong></span> <span class='ocrx_word' id='word_1_64' title='bbox 1155 1064 1210 1106; x_wconf 88' lang='lat' dir='ltr'><strong>neo</strong></span> 
     </span>
     <span class='ocr_line' id='line_1_9' title="bbox 187 1134 1210 1213; baseline -0.001 -18"><span class='ocrx_word' id='word_1_65' title='bbox 187 1154 266 1195; x_wconf 91' lang='lat' dir='ltr'><strong>mors</strong></span> <span class='ocrx_word' id='word_1_66' title='bbox 299 1135 367 1213; x_wconf 90' lang='lat' dir='ltr'><strong>ipsa</strong></span> <span class='ocrx_word' id='word_1_67' title='bbox 398 1134 562 1196; x_wconf 79' lang='lat' dir='ltr'><strong>deformare</strong></span> <span class='ocrx_word' id='word_1_68' title='bbox 599 1137 738 1197; x_wconf 80' lang='lat' dir='ltr'><strong>valuerit</strong></span> <span class='ocrx_word' id='word_1_69' title='bbox 788 1154 849 1195; x_wconf 96' lang='lat' dir='ltr'><strong>non</strong></span> <span class='ocrx_word' id='word_1_70' title='bbox 884 1134 1019 1213; x_wconf 88' lang='lat' dir='ltr'><strong>pallebat</strong></span> <span class='ocrx_word' id='word_1_71' title='bbox 1054 1134 1121 1211; x_wconf 89' lang='lat' dir='ltr'><strong>ille,</strong></span> <span class='ocrx_word' id='word_1_72' title='bbox 1156 1134 1210 1196; x_wconf 89' lang='lat' dir='ltr'><strong>sed</strong></span> 
     </span>
     <span class='ocr_line' id='line_1_10' title="bbox 187 1222 1210 1304; baseline 0 -20"><span class='ocrx_word' id='word_1_73' title='bbox 187 1226 294 1289; x_wconf 86' lang='lat' dir='ltr'><strong>niveus</strong></span> <span class='ocrx_word' id='word_1_74' title='bbox 313 1224 385 1300; x_wconf 88' lang='lat' dir='ltr'><strong>fuit,</strong></span> <span class='ocrx_word' id='word_1_75' title='bbox 404 1244 483 1302; x_wconf 87' lang='lat' dir='ltr'><strong>quae</strong></span> <span class='ocrx_word' id='word_1_76' title='bbox 505 1245 553 1286; x_wconf 91' lang='lat' dir='ltr'><strong>res</strong></span> <span class='ocrx_word' id='word_1_77' title='bbox 577 1226 710 1304; x_wconf 81' lang='lat' dir='ltr'><strong>augebat</strong></span> <span class='ocrx_word' id='word_1_78' title='bbox 732 1224 865 1286; x_wconf 89' lang='lat' dir='ltr'><strong>dolorem</strong></span> <span class='ocrx_word' id='word_1_79' title='bbox 887 1223 1023 1304; x_wconf 82' lang='lat' dir='ltr'><strong>religiosi</strong></span> <span class='ocrx_word' id='word_1_80' title='bbox 1040 1222 1114 1300; x_wconf 87' lang='lat' dir='ltr'><strong>viri,</strong></span> <span class='ocrx_word' id='word_1_81' title='bbox 1140 1242 1210 1286; x_wconf 90' lang='lat' dir='ltr'><strong>cum</strong></span> 
     </span>
     <span class='ocr_line' id='line_1_11' title="bbox 187 1312 1248 1391; baseline 0.002 -18"><span class='ocrx_word' id='word_1_82' title='bbox 187 1313 220 1373; x_wconf 94' lang='lat' dir='ltr'><strong>in</strong></span> <span class='ocrx_word' id='word_1_83' title='bbox 249 1333 311 1374; x_wconf 91' lang='lat' dir='ltr'><strong>uno</strong></span> <span class='ocrx_word' id='word_1_84' title='bbox 341 1332 412 1375; x_wconf 91' lang='lat' dir='ltr'><strong>casu</strong></span> <span class='ocrx_word' id='word_1_85' title='bbox 442 1315 540 1375; x_wconf 89' lang='lat' dir='ltr'><strong>multa</strong></span> <span class='ocrx_word' id='word_1_86' title='bbox 568 1315 652 1376; x_wconf 89' lang='lat' dir='ltr'><strong>fleret</strong></span> <span class='ocrx_word' id='word_1_87' title='bbox 682 1314 827 1390; x_wconf 85' lang='lat' dir='ltr'><strong>extincta,</strong></span> <span class='ocrx_word' id='word_1_88' title='bbox 858 1332 943 1391; x_wconf 92' lang='lat' dir='ltr'><strong>spem</strong></span> <span class='ocrx_word' id='word_1_89' title='bbox 973 1312 1105 1389; x_wconf 84' lang='lat' dir='ltr'><strong>iuvenis,</strong></span> <span class='ocrx_word' id='word_1_90' title='bbox 1137 1316 1210 1375; x_wconf 85' lang='lat' dir='ltr'><strong>vota</strong></span> <span class='ocrx_word' id='word_1_91' title='bbox 1226 1331 1248 1375; x_wconf 83' lang='lat' dir='ltr'><strong>ro</strong></span> 
     </span>
     <span class='ocr_line' id='line_1_12' title="bbox 188 1403 1210 1482; baseline 0.001 -19"><span class='ocrx_word' id='word_1_92' title='bbox 188 1403 283 1482; x_wconf 87' lang='lat' dir='ltr'><strong>patris</strong></span> <span class='ocrx_word' id='word_1_93' title='bbox 312 1406 343 1463; x_wconf 90' lang='lat' dir='ltr'><strong>et</strong></span> <span class='ocrx_word' id='word_1_94' title='bbox 364 1403 620 1481; x_wconf 83' lang='lat' dir='ltr'><strong>pulchritudinem</strong></span> <span class='ocrx_word' id='word_1_95' title='bbox 643 1404 785 1482; x_wconf 90' lang='lat' dir='ltr'><strong>corporis.</strong></span> <span class='ocrx_word' id='word_1_96' title='bbox 831 1403 942 1477; x_wconf 67' lang='lat' dir='ltr'><strong>bolom</strong></span> <span class='ocrx_word' id='word_1_97' title='bbox 959 1407 1068 1478; x_wconf 77' lang='lat' dir='ltr'><strong>paiens</strong></span> <span class='ocrx_word' id='word_1_98' title='bbox 1089 1403 1124 1462; x_wconf 80' lang='lat' dir='ltr'><strong>in</strong></span> <span class='ocrx_word' id='word_1_99' title='bbox 1141 1418 1210 1477; x_wconf 76' lang='lat' dir='ltr'><strong>pec·</strong></span> 
     </span>
     <span class='ocr_line' id='line_1_13' title="bbox 187 1491 1210 1569; baseline 0 -17"><span class='ocrx_word' id='word_1_100' title='bbox 187 1497 248 1552; x_wconf 78' lang='lat' dir='ltr'><strong>iore</strong></span> <span class='ocrx_word' id='word_1_101' title='bbox 265 1492 374 1552; x_wconf 78' lang='lat' dir='ltr'><strong>uulnus</strong></span> <span class='ocrx_word' id='word_1_102' title='bbox 393 1494 524 1567; x_wconf 72' lang='lat' dir='ltr'><strong>cuspidis</strong></span> <span class='ocrx_word' id='word_1_103' title='bbox 537 1492 704 1554; x_wconf 79' lang='lat' dir='ltr'><strong>Ausonias:</strong></span> <span class='ocrx_word' id='word_1_104' title='bbox 725 1495 762 1553; x_wconf 88' lang='lat' dir='ltr'><strong>ut</strong></span> <span class='ocrx_word' id='word_1_105' title='bbox 779 1491 857 1553; x_wconf 85' lang='lat' dir='ltr'><strong>vidit</strong></span> <span class='ocrx_word' id='word_1_106' title='bbox 874 1512 934 1553; x_wconf 94' lang='lat' dir='ltr'><strong>non</strong></span> <span class='ocrx_word' id='word_1_107' title='bbox 953 1491 1044 1552; x_wconf 91' lang='lat' dir='ltr'><strong>semel</strong></span> <span class='ocrx_word' id='word_1_108' title='bbox 1062 1491 1210 1569; x_wconf 88' lang='lat' dir='ltr'><strong>accipien-</strong></span> 
     </span>
     <span class='ocr_line' id='line_1_14' title="bbox 188 1580 1212 1660; baseline 0 -19"><span class='ocrx_word' id='word_1_109' title='bbox 188 1580 261 1641; x_wconf 90' lang='lat' dir='ltr'><strong>dum</strong></span> <span class='ocrx_word' id='word_1_110' title='bbox 284 1585 342 1657; x_wconf 92' lang='lat' dir='ltr'><strong>est,</strong></span> <span class='ocrx_word' id='word_1_111' title='bbox 365 1584 401 1641; x_wconf 92' lang='lat' dir='ltr'><strong>ut</strong></span> <span class='ocrx_word' id='word_1_112' title='bbox 423 1584 464 1642; x_wconf 91' lang='lat' dir='ltr'><strong>sit</strong></span> <span class='ocrx_word' id='word_1_113' title='bbox 485 1585 521 1642; x_wconf 89' lang='lat' dir='ltr'><strong>nt</strong></span> <span class='ocrx_word' id='word_1_114' title='bbox 543 1582 621 1643; x_wconf 87' lang='lat' dir='ltr'><strong>vidit</strong></span> <span class='ocrx_word' id='word_1_115' title='bbox 642 1585 736 1660; x_wconf 88' lang='lat' dir='ltr'><strong>caput</strong></span> <span class='ocrx_word' id='word_1_116' title='bbox 757 1583 871 1643; x_wconf 86' lang='lat' dir='ltr'><strong>fultum</strong></span> <span class='ocrx_word' id='word_1_117' title='bbox 888 1582 971 1641; x_wconf 91' lang='lat' dir='ltr'><strong>nivei</strong></span> <span class='ocrx_word' id='word_1_118' title='bbox 987 1580 1152 1657; x_wconf 88' lang='lat' dir='ltr'><strong>Pallantis,</strong></span> <span class='ocrx_word' id='word_1_119' title='bbox 1174 1583 1212 1641; x_wconf 88' lang='lat' dir='ltr'><strong>ut</strong></span> 
     </span>
     <span class='ocr_line' id='line_1_15' title="bbox 187 1670 1211 1750; baseline 0.001 -20"><span class='ocrx_word' id='word_1_120' title='bbox 187 1670 266 1731; x_wconf 81' lang='lat' dir='ltr'><strong>vidit</strong></span> <span class='ocrx_word' id='word_1_121' title='bbox 288 1689 354 1746; x_wconf 90' lang='lat' dir='ltr'><strong>ora,</strong></span> <span class='ocrx_word' id='word_1_122' title='bbox 377 1675 413 1730; x_wconf 89' lang='lat' dir='ltr'><strong>ut</strong></span> <span class='ocrx_word' id='word_1_123' title='bbox 434 1671 512 1731; x_wconf 88' lang='lat' dir='ltr'><strong>vidit</strong></span> <span class='ocrx_word' id='word_1_124' title='bbox 533 1671 594 1732; x_wconf 87' lang='lat' dir='ltr'><strong>levi</strong></span> <span class='ocrx_word' id='word_1_125' title='bbox 616 1673 723 1750; x_wconf 85' lang='lat' dir='ltr'><strong>patens</strong></span> <span class='ocrx_word' id='word_1_126' title='bbox 746 1673 779 1731; x_wconf 91' lang='lat' dir='ltr'><strong>in</strong></span> <span class='ocrx_word' id='word_1_127' title='bbox 801 1673 920 1749; x_wconf 89' lang='lat' dir='ltr'><strong>pectore</strong></span> <span class='ocrx_word' id='word_1_128' title='bbox 942 1670 1053 1730; x_wconf 82' lang='lat' dir='ltr'><strong>vulnus</strong></span> <span class='ocrx_word' id='word_1_129' title='bbox 1076 1670 1211 1748; x_wconf 75' lang='lat' dir='ltr'><strong>cuspidis</strong></span> 
     </span>
     <span class='ocr_line' id='line_1_16' title="bbox 188 1758 1249 1838; baseline -0.003 -18"><span class='ocrx_word' id='word_1_130' title='bbox 188 1759 351 1820; x_wconf 88' lang='lat' dir='ltr'><strong>Ausoniae.</strong></span> <span class='ocrx_word' id='word_1_131' title='bbox 396 1779 456 1820; x_wconf 95' lang='lat' dir='ltr'><strong>non</strong></span> <span class='ocrx_word' id='word_1_132' title='bbox 484 1764 574 1821; x_wconf 89' lang='lat' dir='ltr'><strong>vacat</strong></span> <span class='ocrx_word' id='word_1_133' title='bbox 602 1761 686 1822; x_wconf 90' lang='lat' dir='ltr'><strong>locus</strong></span> <span class='ocrx_word' id='word_1_134' title='bbox 716 1761 774 1821; x_wconf 89' lang='lat' dir='ltr'><strong>iste</strong></span> <span class='ocrx_word' id='word_1_135' title='bbox 806 1778 865 1838; x_wconf 91' lang='lat' dir='ltr'><strong>quo</strong></span> <span class='ocrx_word' id='word_1_136' title='bbox 897 1758 990 1838; x_wconf 82' lang='lat' dir='ltr'><strong>plaga</strong></span> <span class='ocrx_word' id='word_1_137' title='bbox 1022 1761 1114 1836; x_wconf 86' lang='lat' dir='ltr'><strong>atque</strong></span> <span class='ocrx_word' id='word_1_138' title='bbox 1146 1758 1210 1821; x_wconf 88' lang='lat' dir='ltr'><strong>eins</strong></span> <span class='ocrx_word' id='word_1_139' title='bbox 1227 1774 1249 1817; x_wconf 82' lang='lat' dir='ltr'><strong>rs</strong></span> 
     </span>
     <span class='ocr_line' id='line_1_17' title="bbox 187 1848 1210 1928; baseline 0.002 -20"><span class='ocrx_word' id='word_1_140' title='bbox 187 1849 366 1928; x_wconf 83' lang='lat' dir='ltr'><strong>magnitudo</strong></span> <span class='ocrx_word' id='word_1_141' title='bbox 396 1849 566 1928; x_wconf 81' lang='lat' dir='ltr'><strong>significata</strong></span> <span class='ocrx_word' id='word_1_142' title='bbox 596 1853 655 1926; x_wconf 82' lang='lat' dir='ltr'><strong>est3</strong></span> <span class='ocrx_word' id='word_1_143' title='bbox 684 1869 756 1910; x_wconf 90' lang='lat' dir='ltr'><strong>nam</strong></span> <span class='ocrx_word' id='word_1_144' title='bbox 783 1849 816 1908; x_wconf 94' lang='lat' dir='ltr'><strong>in</strong></span> <span class='ocrx_word' id='word_1_145' title='bbox 843 1848 985 1909; x_wconf 91' lang='lat' dir='ltr'><strong>subiectis</strong></span> <span class='ocrx_word' id='word_1_146' title='bbox 1012 1867 1068 1926; x_wconf 88' lang='lat' dir='ltr'><strong>pro</strong></span> <span class='ocrx_word' id='word_1_147' title='bbox 1097 1848 1210 1910; x_wconf 88' lang='lat' dir='ltr'><strong>solacio</strong></span> 
     </span>
     <span class='ocr_line' id='line_1_18' title="bbox 189 1936 1210 2017; baseline 0 -18"><span class='ocrx_word' id='word_1_148' title='bbox 189 1940 342 2016; x_wconf 88' lang='lat' dir='ltr'><strong>positurus</strong></span> <span class='ocrx_word' id='word_1_149' title='bbox 366 1941 412 1998; x_wconf 87' lang='lat' dir='ltr'><strong>est</strong></span> <span class='ocrx_word' id='word_1_150' title='bbox 429 1939 516 1998; x_wconf 89' lang='lat' dir='ltr'><strong>illum</strong></span> <span class='ocrx_word' id='word_1_151' title='bbox 535 1959 595 2000; x_wconf 91' lang='lat' dir='ltr'><strong>non</strong></span> <span class='ocrx_word' id='word_1_152' title='bbox 614 1938 754 2017; x_wconf 89' lang='lat' dir='ltr'><strong>pudendo</strong></span> <span class='ocrx_word' id='word_1_153' title='bbox 778 1938 915 2014; x_wconf 88' lang='lat' dir='ltr'><strong>vulnere,</strong></span> <span class='ocrx_word' id='word_1_154' title='bbox 938 1936 990 1998; x_wconf 91' lang='lat' dir='ltr'><strong>sed</strong></span> <span class='ocrx_word' id='word_1_155' title='bbox 1013 1937 1146 2016; x_wconf 85' lang='lat' dir='ltr'><strong>glorioso</strong></span> <span class='ocrx_word' id='word_1_156' title='bbox 1165 1938 1210 1998; x_wconf 91' lang='lat' dir='ltr'><strong>in·</strong></span> 
     </span>
     <span class='ocr_line' id='line_1_19' title="bbox 188 2026 1211 2104; baseline 0.001 -16"><span class='ocrx_word' id='word_1_157' title='bbox 188 2028 303 2089; x_wconf 87' lang='lat' dir='ltr'><strong>terisse.</strong></span> <span class='ocrx_word' id='word_1_158' title='bbox 354 2027 485 2089; x_wconf 78' lang='lat' dir='ltr'><strong>lacrimis</strong></span> <span class='ocrx_word' id='word_1_159' title='bbox 513 2029 557 2090; x_wconf 80' lang='lat' dir='ltr'><strong>itu</strong></span> <span class='ocrx_word' id='word_1_160' title='bbox 585 2029 670 2104; x_wconf 74' lang='lat' dir='ltr'><strong>fotor</strong></span> <span class='ocrx_word' id='word_1_161' title='bbox 699 2029 821 2090; x_wconf 76' lang='lat' dir='ltr'><strong>obortis:</strong></span> <span class='ocrx_word' id='word_1_162' title='bbox 854 2026 907 2087; x_wconf 90' lang='lat' dir='ltr'><strong>nbi</strong></span> <span class='ocrx_word' id='word_1_163' title='bbox 936 2044 1023 2088; x_wconf 86' lang='lat' dir='ltr'><strong>verus</strong></span> <span class='ocrx_word' id='word_1_164' title='bbox 1051 2029 1097 2088; x_wconf 90' lang='lat' dir='ltr'><strong>est</strong></span> <span class='ocrx_word' id='word_1_165' title='bbox 1124 2026 1211 2089; x_wconf 90' lang='lat' dir='ltr'><strong>dolor</strong></span> 
     </span>
     <span class='ocr_line' id='line_1_20' title="bbox 188 2116 1211 2195; baseline 0.001 -18"><span class='ocrx_word' id='word_1_166' title='bbox 188 2121 221 2177; x_wconf 84' lang='lat' dir='ltr'><strong>et</strong></span> <span class='ocrx_word' id='word_1_167' title='bbox 255 2118 376 2195; x_wconf 82' lang='lat' dir='ltr'><strong>penitus</strong></span> <span class='ocrx_word' id='word_1_168' title='bbox 418 2116 552 2179; x_wconf 84' lang='lat' dir='ltr'><strong>sensibus</strong></span> <span class='ocrx_word' id='word_1_169' title='bbox 593 2121 697 2179; x_wconf 87' lang='lat' dir='ltr'><strong>manet</strong></span> <span class='ocrx_word' id='word_1_170' title='bbox 732 2118 872 2178; x_wconf 74' lang='lat' dir='ltr'><strong>lacrimae</strong></span> <span class='ocrx_word' id='word_1_171' title='bbox 913 2136 973 2177; x_wconf 93' lang='lat' dir='ltr'><strong>non</strong></span> <span class='ocrx_word' id='word_1_172' title='bbox 1014 2116 1211 2178; x_wconf 72' lang='lat' dir='ltr'><strong>meditatione</strong></span> 
     </span>
     <span class='ocr_line' id='line_1_21' title="bbox 188 2206 1250 2286; baseline -0.003 -19"><span class='ocrx_word' id='word_1_173' title='bbox 188 2208 341 2285; x_wconf 81' lang='lat' dir='ltr'><strong>plancturi</strong></span> <span class='ocrx_word' id='word_1_174' title='bbox 358 2210 508 2286; x_wconf 80' lang='lat' dir='ltr'><strong>coguntur</strong></span> <span class='ocrx_word' id='word_1_175' title='bbox 525 2209 617 2283; x_wconf 92' lang='lat' dir='ltr'><strong>exire,</strong></span> <span class='ocrx_word' id='word_1_176' title='bbox 640 2207 693 2268; x_wconf 89' lang='lat' dir='ltr'><strong>sed</strong></span> <span class='ocrx_word' id='word_1_177' title='bbox 711 2209 818 2285; x_wconf 91' lang='lat' dir='ltr'><strong>sponte</strong></span> <span class='ocrx_word' id='word_1_178' title='bbox 837 2208 907 2267; x_wconf 91' lang='lat' dir='ltr'><strong>ante</strong></span> <span class='ocrx_word' id='word_1_179' title='bbox 925 2206 1017 2267; x_wconf 87' lang='lat' dir='ltr'><strong>verba</strong></span> <span class='ocrx_word' id='word_1_180' title='bbox 1034 2206 1212 2268; x_wconf 87' lang='lat' dir='ltr'><strong>funduntur.</strong></span> <span class='ocrx_word' id='word_1_181' title='bbox 1227 2221 1250 2264; x_wconf 83' lang='lat' dir='ltr'><strong>so</strong></span> 
     </span>
     <span class='ocr_line' id='line_1_22' title="bbox 187 2295 1213 2374; baseline 0 -17"><span class='ocrx_word' id='word_1_182' title='bbox 187 2296 258 2357; x_wconf 90' lang='lat' dir='ltr'><strong>inde</strong></span> <span class='ocrx_word' id='word_1_183' title='bbox 282 2296 402 2357; x_wconf 87' lang='lat' dir='ltr'><strong>Aeneae</strong></span> <span class='ocrx_word' id='word_1_184' title='bbox 431 2296 562 2357; x_wconf 88' lang='lat' dir='ltr'><strong>locuturi</strong></span> <span class='ocrx_word' id='word_1_185' title='bbox 588 2315 692 2357; x_wconf 90' lang='lat' dir='ltr'><strong>vocem</strong></span> <span class='ocrx_word' id='word_1_186' title='bbox 719 2299 940 2374; x_wconf 89' lang='lat' dir='ltr'><strong>praevenerunt</strong></span> <span class='ocrx_word' id='word_1_187' title='bbox 966 2295 1030 2357; x_wconf 87' lang='lat' dir='ltr'><strong>veri</strong></span> <span class='ocrx_word' id='word_1_188' title='bbox 1056 2295 1147 2357; x_wconf 84' lang='lat' dir='ltr'><strong>fletus</strong></span> <span class='ocrx_word' id='word_1_189' title='bbox 1182 2299 1213 2357; x_wconf 84' lang='lat' dir='ltr'><strong>et</strong></span> 
     </span>
     <span class='ocr_line' id='line_1_23' title="bbox 190 2385 1211 2465; baseline -0.001 -19"><span class='ocrx_word' id='word_1_190' title='bbox 190 2388 336 2465; x_wconf 81' lang='lat' dir='ltr'><strong>gemitum</strong></span> <span class='ocrx_word' id='word_1_191' title='bbox 367 2386 506 2463; x_wconf 76' lang='lat' dir='ltr'><strong>copiosae</strong></span> <span class='ocrx_word' id='word_1_192' title='bbox 538 2387 679 2446; x_wconf 78' lang='lat' dir='ltr'><strong>lacrimae</strong></span> <span class='ocrx_word' id='word_1_193' title='bbox 711 2388 946 2463; x_wconf 88' lang='lat' dir='ltr'><strong>praecesserunt.</strong></span> <span class='ocrx_word' id='word_1_194' title='bbox 998 2389 1073 2454; x_wconf 78' lang='lat' dir='ltr'><strong>tene,</strong></span> <span class='ocrx_word' id='word_1_195' title='bbox 1106 2385 1211 2459; x_wconf 63' lang='lat' dir='ltr'><strong>maced,</strong></span> 
     </span>
     <span class='ocr_line' id='line_1_24' title="bbox 187 2474 1211 2549; baseline -0.002 -13"><span class='ocrx_word' id='word_1_196' title='bbox 187 2475 355 2536; x_wconf 64' lang='lat' dir='ltr'><strong>miseram</strong></span> <span class='ocrx_word' id='word_1_197' title='bbox 376 2492 467 2549; x_wconf 80' lang='lat' dir='ltr'><strong>puer,</strong></span> <span class='ocrx_word' id='word_1_198' title='bbox 496 2493 562 2535; x_wconf 84' lang='lat' dir='ltr'><strong>cum</strong></span> <span class='ocrx_word' id='word_1_199' title='bbox 589 2476 666 2535; x_wconf 79' lang='lat' dir='ltr'><strong>lueto</strong></span> <span class='ocrx_word' id='word_1_200' title='bbox 693 2475 816 2543; x_wconf 80' lang='lat' dir='ltr'><strong>veniret,</strong></span> <span class='ocrx_word' id='word_1_201' title='bbox 844 2475 951 2534; x_wconf 77' lang='lat' dir='ltr'><strong>incidit</strong></span> <span class='ocrx_word' id='word_1_202' title='bbox 977 2474 1100 2548; x_wconf 72' lang='lat' dir='ltr'><strong>forium</strong></span> <span class='ocrx_word' id='word_1_203' title='bbox 1128 2474 1211 2544; x_wconf 58' lang='lat' dir='ltr'><strong>mili</strong></span> 
     </span>
     <span class='ocr_line' id='line_1_25' title="bbox 189 2563 1213 2640; baseline 0.002 -17"><span class='ocrx_word' id='word_1_204' title='bbox 189 2582 226 2624; x_wconf 77' lang='lat' dir='ltr'><strong>ne</strong></span> <span class='ocrx_word' id='word_1_205' title='bbox 254 2582 346 2640; x_wconf 73' lang='lat' dir='ltr'><strong>repca</strong></span> <span class='ocrx_word' id='word_1_206' title='bbox 377 2564 491 2624; x_wconf 60' lang='lat' dir='ltr'><strong>videas</strong></span> <span class='ocrx_word' id='word_1_207' title='bbox 522 2568 625 2624; x_wconf 79' lang='lat' dir='ltr'><strong>nostra</strong></span> <span class='ocrx_word' id='word_1_208' title='bbox 655 2581 748 2637; x_wconf 80' lang='lat' dir='ltr'><strong>nequa</strong></span> <span class='ocrx_word' id='word_1_209' title='bbox 776 2564 817 2623; x_wconf 85' lang='lat' dir='ltr'><strong>od</strong></span> <span class='ocrx_word' id='word_1_210' title='bbox 846 2564 928 2623; x_wconf 87' lang='lat' dir='ltr'><strong>sedes</strong></span> <span class='ocrx_word' id='word_1_211' title='bbox 957 2565 1047 2623; x_wconf 63' lang='lat' dir='ltr'><strong>emtor</strong></span> <span class='ocrx_word' id='word_1_212' title='bbox 1077 2563 1213 2625; x_wconf 69' lang='lat' dir='ltr'><strong>vobem</strong></span> 
     </span>
     <span class='ocr_line' id='line_1_26' title="bbox 185 2650 1250 2730; baseline -0.004 -17"><span class='ocrx_word' id='word_1_213' title='bbox 185 2654 350 2726; x_wconf 75' lang='lat' dir='ltr'><strong>paternas?</strong></span> <span class='ocrx_word' id='word_1_214' title='bbox 386 2652 468 2729; x_wconf 92' lang='lat' dir='ltr'><strong>quod</strong></span> <span class='ocrx_word' id='word_1_215' title='bbox 491 2652 568 2713; x_wconf 86' lang='lat' dir='ltr'><strong>dixit</strong></span> <span class='ocrx_word' id='word_1_216' title='bbox 590 2657 634 2728; x_wconf 89' lang='lat' dir='ltr'><strong>te,</strong></span> <span class='ocrx_word' id='word_1_217' title='bbox 661 2655 724 2713; x_wconf 85' lang='lat' dir='ltr'><strong>vim</strong></span> <span class='ocrx_word' id='word_1_218' title='bbox 751 2653 907 2730; x_wconf 89' lang='lat' dir='ltr'><strong>praemissi</strong></span> <span class='ocrx_word' id='word_1_219' title='bbox 936 2650 1123 2730; x_wconf 89' lang='lat' dir='ltr'><strong>pronominis</strong></span> <span class='ocrx_word' id='word_1_220' title='bbox 1146 2650 1212 2730; x_wconf 91' lang='lat' dir='ltr'><strong>ipse</strong></span> <span class='ocrx_word' id='word_1_221' title='bbox 1227 2665 1250 2709; x_wconf 81' lang='lat' dir='ltr'><strong>ss</strong></span> 
     </span>
     <span class='ocr_line' id='line_1_27' title="bbox 188 2741 1212 2821; baseline 0.002 -20"><span class='ocrx_word' id='word_1_222' title='bbox 188 2760 291 2802; x_wconf 84' lang='lat' dir='ltr'><strong>rursus</strong></span> <span class='ocrx_word' id='word_1_223' title='bbox 315 2741 465 2819; x_wconf 83' lang='lat' dir='ltr'><strong>exposuit,</strong></span> <span class='ocrx_word' id='word_1_224' title='bbox 488 2745 532 2817; x_wconf 85' lang='lat' dir='ltr'><strong>te,</strong></span> <span class='ocrx_word' id='word_1_225' title='bbox 558 2742 671 2819; x_wconf 87' lang='lat' dir='ltr'><strong>inquit,</strong></span> <span class='ocrx_word' id='word_1_226' title='bbox 698 2742 901 2803; x_wconf 84' lang='lat' dir='ltr'><strong>miserabilem</strong></span> <span class='ocrx_word' id='word_1_227' title='bbox 922 2762 1062 2819; x_wconf 88' lang='lat' dir='ltr'><strong>puerum,</strong></span> <span class='ocrx_word' id='word_1_228' title='bbox 1089 2744 1135 2817; x_wconf 85' lang='lat' dir='ltr'><strong>te,</strong></span> <span class='ocrx_word' id='word_1_229' title='bbox 1159 2742 1212 2821; x_wconf 89' lang='lat' dir='ltr'><strong>qui</strong></span> 
     </span>
     <span class='ocr_line' id='line_1_28' title="bbox 189 2823 1213 2914; baseline 0.003 -24"><span class='ocrx_word' id='word_1_230' title='bbox 189 2832 289 2891; x_wconf 87' lang='lat' dir='ltr'><strong>vivere</strong></span> <span class='ocrx_word' id='word_1_231' title='bbox 309 2829 452 2905; x_wconf 86' lang='lat' dir='ltr'><strong>debuisti,</strong></span> <span class='ocrx_word' id='word_1_232' title='bbox 475 2834 510 2891; x_wconf 86' lang='lat' dir='ltr'><strong>ut</strong></span> <span class='ocrx_word' id='word_1_233' title='bbox 528 2835 632 2892; x_wconf 87' lang='lat' dir='ltr'><strong>nostra</strong></span> <span class='ocrx_word' id='word_1_234' title='bbox 650 2851 744 2910; x_wconf 85' lang='lat' dir='ltr'><strong>regna</strong></span> <span class='ocrx_word' id='word_1_235' title='bbox 762 2831 946 2909; x_wconf 90' lang='lat' dir='ltr'><strong>conspiceres</strong></span> <span class='ocrx_word' id='word_1_236' title='bbox 966 2823 1069 2914; x_wconf 88' lang='lat' dir='ltr'><strong>(pleno</strong></span> <span class='ocrx_word' id='word_1_237' title='bbox 1088 2830 1213 2893; x_wconf 84' lang='lat' dir='ltr'><strong>adiectu</strong></span> 
     </span>
     <span class='ocr_line' id='line_1_29' title="bbox 189 2918 1213 2997; baseline 0.003 -18"><span class='ocrx_word' id='word_1_238' title='bbox 189 2918 266 2980; x_wconf 85' lang='lat' dir='ltr'><strong>dixit</strong></span> <span class='ocrx_word' id='word_1_239' title='bbox 288 2923 405 2995; x_wconf 90' lang='lat' dir='ltr'><strong>nostra,</strong></span> <span class='ocrx_word' id='word_1_240' title='bbox 434 2922 523 2997; x_wconf 85' lang='lat' dir='ltr'><strong>qussi</strong></span> <span class='ocrx_word' id='word_1_241' title='bbox 546 2923 715 2981; x_wconf 89' lang='lat' dir='ltr'><strong>communia</strong></span> <span class='ocrx_word' id='word_1_242' title='bbox 739 2925 817 2982; x_wconf 85' lang='lat' dir='ltr'><strong>esset</strong></span> <span class='ocrx_word' id='word_1_243' title='bbox 838 2920 996 2981; x_wconf 82' lang='lat' dir='ltr'><strong>habiturus</strong></span> <span class='ocrx_word' id='word_1_244' title='bbox 1021 2939 1089 2981; x_wconf 91' lang='lat' dir='ltr'><strong>cum</strong></span> <span class='ocrx_word' id='word_1_245' title='bbox 1112 2921 1213 2997; x_wconf 89' lang='lat' dir='ltr'><strong>eo‚ei</strong></span> 
     </span>
     <span class='ocr_line' id='line_1_30' title="bbox 188 3002 1212 3092; baseline 0.001 -24"><span class='ocrx_word' id='word_1_246' title='bbox 188 3008 275 3069; x_wconf 94' lang='lat' dir='ltr'><strong>illum</strong></span> <span class='ocrx_word' id='word_1_247' title='bbox 306 3010 486 3070; x_wconf 88' lang='lat' dir='ltr'><strong>incolumem</strong></span> <span class='ocrx_word' id='word_1_248' title='bbox 515 3011 581 3071; x_wconf 81' lang='lat' dir='ltr'><strong>fata</strong></span> <span class='ocrx_word' id='word_1_249' title='bbox 610 3002 806 3092; x_wconf 85' lang='lat' dir='ltr'><strong>servassent),</strong></span> <span class='ocrx_word' id='word_1_250' title='bbox 838 3013 882 3086; x_wconf 87' lang='lat' dir='ltr'><strong>te,</strong></span> <span class='ocrx_word' id='word_1_251' title='bbox 913 3029 1001 3088; x_wconf 89' lang='lat' dir='ltr'><strong>quem</strong></span> <span class='ocrx_word' id='word_1_252' title='bbox 1030 3012 1212 3072; x_wconf 85' lang='lat' dir='ltr'><strong>convenerat</strong></span> 
     </span>
     <span class='ocr_line' id='line_1_31' title="bbox 188 3097 1251 3177; baseline -0.003 -20"><span class='ocrx_word' id='word_1_253' title='bbox 188 3101 334 3176; x_wconf 87' lang='lat' dir='ltr'><strong>sospitem</strong></span> <span class='ocrx_word' id='word_1_254' title='bbox 359 3098 442 3176; x_wconf 88' lang='lat' dir='ltr'><strong>patri</strong></span> <span class='ocrx_word' id='word_1_255' title='bbox 473 3102 504 3158; x_wconf 91' lang='lat' dir='ltr'><strong>et</strong></span> <span class='ocrx_word' id='word_1_256' title='bbox 532 3101 678 3160; x_wconf 84' lang='lat' dir='ltr'><strong>victorem</strong></span> <span class='ocrx_word' id='word_1_257' title='bbox 707 3098 841 3177; x_wconf 86' lang='lat' dir='ltr'><strong>paternis</strong></span> <span class='ocrx_word' id='word_1_258' title='bbox 871 3099 990 3159; x_wconf 89' lang='lat' dir='ltr'><strong>sedibus</strong></span> <span class='ocrx_word' id='word_1_259' title='bbox 1018 3097 1112 3160; x_wconf 80' lang='lat' dir='ltr'><strong>reddi</strong></span> <span class='ocrx_word' id='word_1_260' title='bbox 1158 3118 1212 3161; x_wconf 88' lang='lat' dir='ltr'><strong>cur</strong></span> <span class='ocrx_word' id='word_1_261' title='bbox 1228 3111 1251 3154; x_wconf 82' lang='lat' dir='ltr'><strong>so</strong></span> 
     </span>
    </p>
   </div>
   <div class='ocr_carea' id='block_1_3' title="bbox 164 3303 1212 3739">
    <p class='ocr_par' dir='ltr' id='par_1_3' title="bbox 164 3303 1212 3739">
     <span class='ocr_line' id='line_1_32' title="bbox 262 3303 1209 3377; baseline -0.001 -17"><span class='ocrx_word' id='word_1_262' title='bbox 262 3306 414 3375; x_wconf 73' lang='lat' dir='ltr'><strong>drecipiat</strong></span> <span class='ocrx_word' id='word_1_263' title='bbox 427 3305 487 3374; x_wconf 81' lang='lat' dir='ltr'><strong>pici</strong></span> <span class='ocrx_word' id='word_1_264' title='bbox 504 3304 537 3360; x_wconf 90' lang='lat' dir='ltr'><strong>V.</strong></span> <span class='ocrx_word' id='word_1_265' title='bbox 593 3306 760 3361; x_wconf 75' lang='lat' dir='ltr'><strong>Bouleoisset</strong></span> <span class='ocrx_word' id='word_1_266' title='bbox 772 3304 816 3360; x_wconf 88' lang='lat' dir='ltr'><strong>ed.</strong></span> <span class='ocrx_word' id='word_1_267' title='bbox 870 3303 1131 3375; x_wconf 72' lang='lat' dir='ltr'><strong>tsuitVapparet</strong></span> <span class='ocrx_word' id='word_1_268' title='bbox 1144 3304 1209 3377; x_wconf 72' lang='lat' dir='ltr'><strong>edi</strong></span> 
     </span>
     <span class='ocr_line' id='line_1_33' title="bbox 189 3375 1211 3449; baseline 0.001 -19"><span class='ocrx_word' id='word_1_269' title='bbox 189 3375 348 3432; x_wconf 80' lang='lat' dir='ltr'><strong>audebatV</strong></span> <span class='ocrx_word' id='word_1_270' title='bbox 366 3376 485 3446; x_wconf 72' lang='lat' dir='ltr'><strong>crepabat</strong></span> <span class='ocrx_word' id='word_1_271' title='bbox 502 3376 545 3431; x_wconf 92' lang='lat' dir='ltr'><strong>ed.</strong></span> <span class='ocrx_word' id='word_1_272' title='bbox 620 3384 652 3431; x_wconf 94' lang='lat'><strong>11</strong></span> <span class='ocrx_word' id='word_1_273' title='bbox 672 3378 727 3433; x_wconf 79' lang='lat' dir='ltr'><strong>leci</strong></span> <span class='ocrx_word' id='word_1_274' title='bbox 744 3375 804 3432; x_wconf 91' lang='lat' dir='ltr'><strong>sine</strong></span> <span class='ocrx_word' id='word_1_275' title='bbox 822 3393 873 3447; x_wconf 76' lang='lat' dir='ltr'><strong>que</strong></span> <span class='ocrx_word' id='word_1_276' title='bbox 886 3375 920 3430; x_wconf 91' lang='lat' dir='ltr'><strong>V.</strong></span> <span class='ocrx_word' id='word_1_277' title='bbox 951 3376 955 3449; x_wconf 79' lang='grc' dir='ltr'>Ι</span> <span class='ocrx_word' id='word_1_278' title='bbox 984 3392 1094 3446; x_wconf 73' lang='lat' dir='ltr'><strong>corpore</strong></span> <span class='ocrx_word' id='word_1_279' title='bbox 1111 3375 1138 3431; x_wconf 90' lang='lat' dir='ltr'>V</span> <span class='ocrx_word' id='word_1_280' title='bbox 1157 3376 1211 3444; x_wconf 82' lang='lat' dir='ltr'><strong>ed,</strong></span> 
     </span>
     <span class='ocr_line' id='line_1_34' title="bbox 190 3447 1212 3517; baseline 0.005 -17"><span class='ocrx_word' id='word_1_281' title='bbox 190 3448 240 3501; x_wconf 85' lang='lat' dir='ltr'><strong>sed</strong></span> <span class='ocrx_word' id='word_1_282' title='bbox 263 3447 294 3501; x_wconf 91' lang='lat' dir='ltr'><strong>in</strong></span> <span class='ocrx_word' id='word_1_283' title='bbox 316 3448 432 3516; x_wconf 85' lang='lat' dir='ltr'><strong>interpr.</strong></span> <span class='ocrx_word' id='word_1_284' title='bbox 453 3454 561 3517; x_wconf 84' lang='lat' dir='ltr'><strong>pectore</strong></span> <span class='ocrx_word' id='word_1_285' title='bbox 576 3447 602 3502; x_wconf 93' lang='lat' dir='ltr'><strong>V</strong></span> <span class='ocrx_word' id='word_1_286' title='bbox 620 3449 690 3504; x_wconf 88' lang='lat' dir='ltr'><strong>item</strong></span> <span class='ocrx_word' id='word_1_287' title='bbox 708 3448 784 3502; x_wconf 83' lang='lat' dir='ltr'><strong>inira</strong></span> <span class='ocrx_word' id='word_1_288' title='bbox 802 3447 841 3502; x_wconf 89' lang='lat' dir='ltr'><strong>ad</strong></span> <span class='ocrx_word' id='word_1_289' title='bbox 859 3466 883 3502; x_wconf 93' lang='lat' dir='ltr'><strong>v.</strong></span> <span class='ocrx_word' id='word_1_290' title='bbox 898 3453 941 3502; x_wconf 82' lang='lat' dir='ltr'><strong>bb.</strong></span> <span class='ocrx_word' id='word_1_291' title='bbox 1015 3453 1048 3501; x_wconf 80' lang='lat'><strong>17</strong></span> <span class='ocrx_word' id='word_1_292' title='bbox 1067 3449 1212 3517; x_wconf 65' lang='lat' dir='ltr'><strong>posim</strong></span> 
     </span>
     <span class='ocr_line' id='line_1_35' title="bbox 184 3517 1210 3590; baseline 0 -17"><span class='ocrx_word' id='word_1_293' title='bbox 184 3526 229 3573; x_wconf 76' lang='lat' dir='ltr'><strong>cet</strong></span> <span class='ocrx_word' id='word_1_294' title='bbox 248 3518 274 3571; x_wconf 95' lang='lat' dir='ltr'><strong>V</strong></span> <span class='ocrx_word' id='word_1_295' title='bbox 299 3525 339 3574; x_wconf 81' lang='lat' dir='ltr'><strong>cst</strong></span> <span class='ocrx_word' id='word_1_296' title='bbox 360 3521 469 3589; x_wconf 71' lang='lat' dir='ltr'><strong>poeto</strong></span> <span class='ocrx_word' id='word_1_297' title='bbox 493 3518 537 3574; x_wconf 88' lang='lat' dir='ltr'><strong>ed.</strong></span> <span class='ocrx_word' id='word_1_298' title='bbox 615 3524 649 3574; x_wconf 78' lang='lat'><strong>20</strong></span> <span class='ocrx_word' id='word_1_299' title='bbox 672 3520 1008 3590; x_wconf 64' lang='lat' dir='ltr'><strong>soporabor-fundantur</strong></span> <span class='ocrx_word' id='word_1_300' title='bbox 1028 3517 1054 3573; x_wconf 92' lang='lat' dir='ltr'><strong>V</strong></span> <span class='ocrx_word' id='word_1_301' title='bbox 1077 3535 1148 3575; x_wconf 88' lang='lat' dir='ltr'><strong>corr.</strong></span> <span class='ocrx_word' id='word_1_302' title='bbox 1166 3518 1210 3575; x_wconf 87' lang='lat' dir='ltr'><strong>ed.</strong></span> 
     </span>
     <span class='ocr_line' id='line_1_36' title="bbox 181 3589 1210 3663; baseline 0.003 -19"><span class='ocrx_word' id='word_1_303' title='bbox 181 3597 216 3646; x_wconf 81' lang='lat'><strong>21</strong></span> <span class='ocrx_word' id='word_1_304' title='bbox 234 3592 336 3662; x_wconf 74' lang='lat' dir='ltr'><strong>slectm</strong></span> <span class='ocrx_word' id='word_1_305' title='bbox 349 3590 381 3647; x_wconf 86' lang='lat' dir='ltr'><strong>V.</strong></span> <span class='ocrx_word' id='word_1_306' title='bbox 439 3595 473 3646; x_wconf 71' lang='lat'><strong>22</strong></span> <span class='ocrx_word' id='word_1_307' title='bbox 492 3590 637 3663; x_wconf 80' lang='lat' dir='ltr'><strong>copioch</strong></span> <span class='ocrx_word' id='word_1_308' title='bbox 654 3593 688 3645; x_wconf 91' lang='lat' dir='ltr'><strong>ut</strong></span> <span class='ocrx_word' id='word_1_309' title='bbox 705 3590 818 3658; x_wconf 72' lang='lat' dir='ltr'><strong>confuse</strong></span> <span class='ocrx_word' id='word_1_310' title='bbox 836 3608 860 3645; x_wconf 86' lang='lat' dir='ltr'><strong>v.</strong></span> <span class='ocrx_word' id='word_1_311' title='bbox 876 3596 919 3657; x_wconf 78' lang='lat'><strong>26,</strong></span> <span class='ocrx_word' id='word_1_312' title='bbox 937 3591 986 3645; x_wconf 92' lang='lat' dir='ltr'><strong>sed</strong></span> <span class='ocrx_word' id='word_1_313' title='bbox 999 3589 1047 3644; x_wconf 92' lang='lat' dir='ltr'><strong>hic</strong></span> <span class='ocrx_word' id='word_1_314' title='bbox 1060 3592 1119 3646; x_wconf 72' lang='lat' dir='ltr'><strong>cesi</strong></span> <span class='ocrx_word' id='word_1_315' title='bbox 1132 3593 1210 3647; x_wconf 83' lang='lat' dir='ltr'><strong>anbe-</strong></span> 
     </span>
     <span class='ocr_line' id='line_1_37' title="bbox 164 3660 1211 3739; baseline 0 -21"><span class='ocrx_word' id='word_1_316' title='bbox 164 3664 265 3735; x_wconf 80' lang='lat' dir='ltr'><strong>cedit,</strong></span> <span class='ocrx_word' id='word_1_317' title='bbox 298 3682 391 3739; x_wconf 87' lang='lat' dir='ltr'><strong>quare</strong></span> <span class='ocrx_word' id='word_1_318' title='bbox 420 3667 500 3725; x_wconf 89' lang='lat' dir='ltr'><strong>recte</strong></span> <span class='ocrx_word' id='word_1_319' title='bbox 527 3665 654 3739; x_wconf 84' lang='lat' dir='ltr'><strong>copiosae</strong></span> <span class='ocrx_word' id='word_1_320' title='bbox 681 3662 727 3720; x_wconf 85' lang='lat' dir='ltr'><strong>ed.</strong></span> <span class='ocrx_word' id='word_1_321' title='bbox 804 3668 844 3716; x_wconf 62' lang='lat' dir='ltr'><strong>aa</strong></span> <span class='ocrx_word' id='word_1_322' title='bbox 866 3663 959 3717; x_wconf 67' lang='lat' dir='ltr'><strong>odere</strong></span> <span class='ocrx_word' id='word_1_323' title='bbox 975 3660 1015 3715; x_wconf 78' lang='lat' dir='ltr'><strong>V.</strong></span> <span class='ocrx_word' id='word_1_324' title='bbox 1089 3666 1123 3714; x_wconf 78' lang='lat' dir='ltr'><strong>aa</strong></span> <span class='ocrx_word' id='word_1_325' title='bbox 1149 3678 1211 3718; x_wconf 77' lang='lat' dir='ltr'><strong>casa</strong></span> 
     </span>
    </p>
   </div>
   <div class='ocr_carea' id='block_1_4' title="bbox 158 3742 492 3803">
    <p class='ocr_par' dir='ltr' id='par_1_4' title="bbox 158 3742 492 3803">
     <span class='ocr_line' id='line_1_38' title="bbox 158 3742 492 3803; baseline 0.012 -5"><span class='ocrx_word' id='word_1_326' title='bbox 158 3748 285 3800; x_wconf 79' lang='lat' dir='ltr'><strong>venerat</strong></span> <span class='ocrx_word' id='word_1_327' title='bbox 302 3742 329 3800; x_wconf 89' lang='lat' dir='ltr'><strong>V</strong></span> <span class='ocrx_word' id='word_1_328' title='bbox 345 3760 423 3803; x_wconf 90' lang='lat' dir='ltr'><strong>corr.</strong></span> <span class='ocrx_word' id='word_1_329' title='bbox 443 3743 492 3802; x_wconf 90' lang='lat' dir='ltr'><strong>ed.</strong></span> 
     </span>
    </p>
   </div>
   <div class='ocr_carea' id='block_1_5' title="bbox 0 0 1371 4150">
    <p class='ocr_par' dir='ltr' id='par_1_5' title="bbox 0 0 1371 4150">
     <span class='ocr_line' id='line_1_39' title="bbox 0 0 1371 4150; baseline 0 0"><span class='ocrx_word' id='word_1_330' title='bbox 0 0 1371 4150; x_wconf 95' lang='lat' dir='ltr'><strong> </strong></span> 
     </span>
    </p>
   </div>
  </div>
 </body>
</html>
