2725 4150
550 327 734 384 sanamus
752 327 792 382 IX
1114 329 1180 397 275

163 499 215 560 sed
238 499 336 576 aliqui
357 517 393 558 ex
414 499 462 558 his
486 497 590 573 occisi,
613 496 709 574 aliqui
731 497 764 556 in
787 496 892 575 fugam
908 494 1001 572 versi,
1024 497 1098 574 quia
1117 496 1182 557 fieri

162 609 222 650 non
240 589 342 666 potuit
363 591 398 649 ut
419 587 512 648 iidem
534 587 674 647 dicantur
693 584 877 661 occubuisse,
895 584 986 644 iidem
1005 584 1183 646 abscedendi

163 677 346 756 quaesivisse
373 678 544 756 suffugium.
589 681 652 735 tum
677 676 774 751 macte
799 677 966 736 umescunt
991 675 1101 735 oreimis
1123 675 1182 734 die·

162 767 298 827 cordibus
324 768 401 837 troc,
431 767 613 827 Rutulorum
642 765 763 825 sufficet.
809 768 836 824 et
863 766 926 824 tom
955 764 1063 824 collecti
1092 764 1183 824 Troes

135 857 361 932 comuntur
383 856 481 916 eodem
501 860 528 916 et
544 856 676 928 conterre
693 872 817 914 monum
835 857 862 913 et
873 870 1049 928 procurrere
1068 853 1245 928 mutuatae

163 946 287 1006 cuderet:
314 945 393 1006 tanti
419 946 494 1006 fecti
521 944 656 1022 exemplo
684 942 811 1003 animati
834 942 958 1003 Troiani
980 942 1184 1003 densabantur

163 1034 201 1095 ad
224 1037 345 1112 portam
367 1039 541 1111 remotaque
562 1033 764 1110 trepidatione
783 1033 865 1092 omni
886 1035 917 1092 et
940 1030 1042 1112 egredi
1063 1031 1183 1111 longius

162 1124 315 1184 audebant
337 1127 369 1184 et
391 1124 467 1184 alios
489 1123 654 1184 comminus
677 1141 848 1200 provocare.

234 1214 360 1273 Ductori
392 1215 494 1273 Turno
528 1213 645 1273 decusa
676 1213 710 1272 in
738 1216 824 1286 porte
855 1211 967 1285 furenti
998 1210 1184 1284 turbantique

119 1323 145 1363 ro
162 1304 243 1362 ciros
259 1303 412 1376 perfertur
429 1303 552 1362 nuntius
574 1303 683 1362 hostem
700 1305 812 1376 teroem
831 1300 918 1360 coede
939 1317 1016 1359 uoco
1040 1304 1067 1360 et
1082 1303 1184 1374 portos

158 1393 302 1466 praebere
320 1393 465 1466 potentis:
494 1392 612 1451 Turnus
643 1410 711 1451 oum
741 1393 819 1451 esset
848 1388 880 1449 in
907 1389 1075 1467 longinqua
1097 1391 1184 1466 parte

164 1485 195 1541 et
212 1481 351 1541 turbaret
368 1481 447 1541 viros
466 1499 543 1541 nnus
562 1479 657 1558 pluris
676 1483 707 1539 et
724 1497 864 1559 magnos,
885 1479 1046 1538 nuntiatur
1062 1480 1184 1554 repente

163 1591 276 1630 novum
294 1570 410 1647 aliquid
428 1572 571 1645 extitisse,
590 1569 735 1630 Troianos
755 1568 896 1630 caedibus
915 1567 1029 1628 fervere
1048 1570 1079 1628 et
1096 1569 1184 1628 tante

163 1659 234 1719 duci
257 1659 425 1721 animorum
451 1659 574 1735 fiducia,
601 1663 636 1721 ut
663 1662 766 1737 portas
795 1659 955 1737 aperirent
1000 1677 1065 1719 occe
1087 1675 1187 1718 moru-

118 1767 145 1808 ιο
163 1750 234 1809 lites
254 1750 441 1824 nuntiorum,
461 1751 514 1827 qui
533 1751 572 1809 ad
591 1750 805 1810 adversitatem
823 1749 901 1808 falso
920 1746 1036 1808 addunt
1053 1747 1189 1826 plurima

162 1840 353 1916 plurimaque
376 1839 564 1917 confingunt,
591 1857 652 1898 una
679 1838 759 1898 enim
786 1838 911 1916 patebat
937 1841 1039 1915 porta,
1065 1839 1118 1899 ille
1141 1840 1188 1900 ait

162 1931 267 2005 portas
285 1929 427 2004 praebere
445 1928 592 2005 patentis,
613 1947 675 1988 non
692 1927 783 1988 multi
802 1929 899 1989 adhuc
917 1932 1061 1990 venerant
1077 1929 1186 1990 Rutuli

162 2036 217 2078 neo
245 2017 368 2095 plurimi
396 2018 500 2093 occisi,
525 2018 578 2078 ille
606 2020 651 2079 ait
677 2017 792 2079 fervere
821 2017 908 2079 caede
935 2036 1021 2079 nove.
1067 2019 1103 2081 fit
1128 2021 1185 2081 hoc

162 2108 317 2167 hominum
346 2127 440 2183 more,
468 2110 505 2167 ut
530 2109 609 2169 veris
637 2108 726 2168 malis
752 2109 851 2169 multa
878 2107 1026 2169 deteriore
1049 2112 1186 2171 commis-

118 2213 146 2254 so
164 2198 265 2271 ceant,
289 2196 369 2272 quod
391 2198 534 2257 nuntiant
556 2196 679 2275 gravius
699 2196 865 2258 adiectione
888 2198 1042 2258 falsorum.
1079 2200 1186 2260 deserit

162 2287 323 2359 inceptum:
352 2287 409 2346 hoc
436 2289 578 2364 conperto
607 2286 738 2348 deseruit
766 2287 846 2364 quod
873 2287 983 2365 agebat
1013 2291 1043 2347 et
1070 2287 1185 2349 dimisit

162 2374 325 2451 inceptum.
370 2376 491 2452 incepta
513 2394 602 2453 saepe
625 2376 755 2436 diximus
779 2376 990 2453 dispositiones
1014 2376 1184 2455 significare

163 2468 194 2524 et
211 2465 395 2525 intentiones
412 2465 539 2525 fixurum
556 2466 783 2525 sententiarum.
819 2470 905 2538 utque
922 2466 1039 2525 tumeret
1057 2467 1185 2526 concitus

164 2555 226 2622 iro,
262 2553 317 2614 illa
348 2555 463 2614 seilicet
494 2573 586 2631 quam
616 2557 730 2614 maiore
762 2573 852 2631 quam
884 2555 984 2613 fuerat
1015 2553 1183 2614 adsertione

118 2659 145 2700 as
163 2643 288 2703 nuntius
307 2644 498 2703 excitaverat.
534 2644 728 2704 Dardaniam
745 2644 807 2702 ruit
823 2643 1008 2717 adportare,
1028 2663 1088 2702 non
1108 2664 1183 2721 quae
1194 2652 1246 2704 395

163 2733 287 2808 propria
310 2735 388 2792 esset
406 2732 616 2809 Troianorum,
643 2733 696 2792 sed
719 2750 780 2807 qua
803 2731 1040 2792 defendebantrr
1061 2733 1184 2811 inclusi,

164 2820 226 2881 ruit
252 2822 365 2897 inquit,
393 2841 453 2882 non
476 2824 573 2896 venit,
601 2824 637 2881 ut
664 2820 833 2881 ostenderet
855 2820 919 2881 eius
941 2822 1101 2898 fervorem,
1132 2824 1185 2901 qui

163 2928 287 2970 suorum
313 2929 415 2970 necem
444 2911 585 2971 veniebat
613 2911 732 2970 ulturus
762 2912 793 2968 et
821 2912 874 2987 qui
900 2910 1022 2970 nolebat
1050 2913 1184 2990 patentis

163 3001 269 3075 portae
299 2998 484 3060 occasionem
513 3001 650 3077 perdere,
680 3018 717 3059 ne
743 2998 853 3059 iterum
880 2999 1075 3060 clauderetur.
1120 3005 1184 3076 fra·

118 3104 146 3145 eo
163 3093 277 3161 tresque
309 3091 462 3163 superbos:
497 3089 546 3149 hio
581 3108 667 3151 mora
703 3087 840 3149 facienda
876 3092 935 3166 est,
967 3093 1073 3165 postea
1104 3091 1184 3151 enim

163 3177 307 3238 describit
331 3178 403 3255 quid
421 3198 490 3238 cum
507 3179 583 3255 ipsis
601 3183 721 3257 gestum
739 3179 788 3238 sit.
824 3178 1049 3239 intervenerunt
1072 3180 1183 3257 quippe

163 3266 230 3342 alii,
258 3268 312 3346 qni
335 3268 469 3327 Turnum
496 3268 533 3329 ab
556 3269 663 3328 iisdem
692 3267 837 3328 rutubus
861 3270 1029 3328 avocarent.
1075 3272 1102 3328 et
1119 3271 1184 3343 prt-

161 3375 244 3416 mum
273 3356 454 3429 Auttpttoteu
490 3358 531 3432 (ts
561 3358 638 3418 caure
667 3373 699 3417 ee
724 3358 844 3431 putus
876 3358 1006 3433 coelat),
1043 3358 1184 3419 llteboreo

237 3514 270 3562 16
288 3509 479 3565 adromeus
492 3509 519 3565 V
536 3509 574 3564 ud
591 3507 653 3564 ceto.
672 3525 724 3563 noe
742 3509 864 3565 odorere
882 3510 925 3563 ed.
981 3513 1014 3562 19
1033 3515 1184 3565 ut-com·

162 3582 295 3636 mtececut
307 3579 333 3633 V
347 3582 587 3637 et-commseceut
599 3579 643 3635 ed.
712 3584 748 3635 20
761 3581 915 3648 adfectione
929 3580 955 3634 V
968 3580 1119 3636 adiectione
1133 3597 1183 3635 noe

163 3652 198 3706 of.
215 3652 505 3719 11‚102fiotioueed.
574 3657 608 3707 28
621 3652 792 3709 incentiones
806 3652 851 3708 ed.
918 3658 959 3708 ‘lt
973 3650 1062 3707 tttav
1081 3654 1132 3706 'ara
1148 3652 1200 3702 ed.

163 3729 198 3778 32
217 3723 382 3778 &vocarent
395 3722 501 3780 Vcorr.
516 3723 560 3782 ed.
626 3728 662 3781 33
681 3724 883 3797 mrtetoteuV.
904 3725 918 3801 l
943 3723 1112 3782 uosmet
1126 3717 1222 3775 rea-V-

1005 3827 1067 3887 id*
