2725 4150
561 337 813 393 mramosvu
1152 341 1196 408 37

175 507 346 568 molestiam
369 509 448 584 pati,
475 508 592 567 nullum
618 507 735 567 onerari
762 508 934 585 praesentia
960 509 1125 586 peregrini,
1151 510 1199 569 uti

176 617 264 673 aura,
293 615 385 674 quam
408 597 544 658 omnibus
566 596 721 674 praestitit
742 616 842 657 rerum
864 600 974 657 natura
1001 616 1198 674 communem,

175 692 207 746 et
228 687 337 746 habere
361 705 458 764 aquae
480 686 618 764 perennis
641 688 774 762 copiam,
798 706 874 764 quae
897 687 992 746 nescit
1009 687 1198 763 detrimenta,

176 795 244 836 cum
266 775 386 835 tollitur
407 776 443 835 de
467 777 538 836 sinu
558 773 651 835 fontis
675 778 730 835 aut
747 776 783 834 de
803 794 891 834 cursu
909 777 1041 835 fluminis
1059 776 1197 854 rapitur?

144 883 234 925 soon
264 866 374 924 aanor
400 883 489 940 regno
515 865 679 924 indecores:
711 865 871 941 superbum
901 869 933 924 et
963 884 1107 943 arrogans
1140 867 1199 925 fuit

176 954 273 1014 dicere
303 954 423 1013 ornabit
451 958 482 1014 te
511 955 639 1014 societas
664 958 781 1028 nostra,
814 955 995 1030 temperarit
1026 955 1140 1014 dictum
1168 959 1199 1015 et

176 1046 220 1104 ait
245 1063 307 1103 non
330 1045 407 1104 tales
425 1063 542 1118 sumus,
565 1046 600 1102 ut
617 1043 731 1120 pudeat
748 1046 778 1103 te
797 1044 830 1101 in
848 1043 1014 1103 amicitiam
1032 1043 1196 1121 suscepisse

175 1134 331 1194 Troianos.
375 1150 428 1192 acc
458 1137 556 1192 oestro
586 1133 698 1205 feretur
727 1135 813 1207 fama
845 1133 931 1192 leois:
967 1152 1021 1193 nec
1051 1154 1105 1211 pro
1138 1133 1199 1194 levi

175 1223 311 1282 ducimus
329 1221 473 1299 quicquid
490 1223 524 1281 in
536 1221 687 1298 praesenti
704 1223 899 1298 praestiteris.
931 1224 1040 1283 tantive
1059 1224 1199 1283 abolescet

130 1330 156 1368 ιο
172 1313 273 1386 grotta
306 1313 398 1385 fecti:
432 1314 486 1371 aut
518 1312 692 1370 istiusmodi
730 1312 846 1370 factum
883 1313 987 1387 aliqua
1020 1333 1055 1370 ex
1087 1314 1198 1372 nostris

174 1401 310 1461 sensibus
342 1400 478 1478 deterget
509 1398 629 1460 oblivio.
675 1417 728 1459 orec
760 1401 878 1459 Troiam
907 1399 1057 1460 Aesonios
1087 1404 1197 1475 gremio

174 1491 319 1565 excepisse
336 1491 461 1565 pigebit:
486 1489 722 1568 gratulabuntur
744 1488 873 1548 Ausonii
893 1508 947 1549 nos
971 1489 1027 1548 sibi
1047 1492 1198 1550 amicitiae

173 1579 345 1639 foederibus
375 1598 438 1640 esse
467 1581 649 1638 coniunctos.
695 1579 752 1638 hoc
782 1597 888 1656 genere
918 1578 1101 1638 commodius
1133 1580 1197 1638 fore

173 1668 355 1747 generaliter
384 1668 525 1746 spondet3
555 1667 727 1744 specialitas
757 1669 850 1743 euim,
880 1669 907 1727 si
934 1667 1071 1728 definiret
1101 1669 1198 1728 futuri

131 1773 155 1813 us
173 1759 319 1834 temporis
338 1777 434 1834 spem,
452 1758 536 1818 fieret
553 1758 661 1832 levior,
684 1757 716 1815 in
735 1757 853 1816 infinito
872 1776 942 1818 vero
961 1759 1107 1835 promisso
1127 1758 1197 1835 plus

174 1848 305 1908 sentitur
323 1867 415 1924 quam
433 1850 534 1923 potest
552 1846 694 1906 exhiberi.
735 1851 804 1924 post
826 1848 924 1907 multa
943 1867 1019 1924 quae
1038 1848 1198 1907 suadenter

173 1939 292 1998 locutus
325 1941 370 1996 est
402 1937 525 1996 adhibet
554 1936 765 1997 iusiurandum
801 1955 869 1995 cum
904 1937 993 1996 laude
1024 1937 1104 2015 regis
1137 1937 1196 1996 sni:

172 2029 247 2101 fata,
265 2026 376 2102 inquit,
392 2044 447 2099 per
459 2024 578 2086 Aeaeae
594 2027 661 2086 iare
676 2025 864 2099 dextramque
880 2031 1036 2100 potentem,
1060 2028 1121 2087 sios
1138 2028 1259 2101 fiderat

173 2135 225 2176 sea
248 2118 315 2190 qaas
338 2116 409 2176 bello
433 2120 475 2175 est
501 2120 635 2188 capenas
661 2119 688 2175 et
712 2118 819 2175 armis:
851 2116 957 2176 iaudat
984 2136 1104 2194 quoque
1133 2119 1196 2176 eius

129 2219 155 2259 2⁰
172 2207 277 2281 fidem,
295 2225 373 2281 quae
393 2206 441 2265 vel
459 2206 588 2264 maxime
602 2206 724 2283 negotio
737 2224 834 2265 novae
849 2206 1000 2265 amicitiae
1015 2210 1046 2264 et
1059 2207 1197 2266 firmitati

172 2294 302 2355 foederis
325 2295 426 2354 fuerat
448 2295 624 2354 necessaria.
666 2312 732 2353 ecce
751 2294 837 2353 addit
855 2295 950 2369 aliud,
975 2314 1034 2371 quo
1058 2296 1197 2355 ostendat

172 2383 355 2445 concedendi
383 2384 592 2444 necessitatem
622 2386 652 2443 et
681 2385 823 2443 meritum
852 2384 1019 2461 petentium
1050 2386 1196 2444 cumulet:

171 2474 273 2543 malti,
301 2474 415 2549 inquit,
443 2490 498 2532 nos
521 2473 638 2547 populi,
666 2474 776 2532 mattae
804 2468 855 2551 (ne
883 2478 988 2541 temne,
1020 2473 1097 2545 qood
1118 2474 1195 2531 altro

166 2564 371 2637 praeferimus
396 2564 536 2622 monibus
562 2564 650 2621 odias
678 2569 713 2621 oc
735 2563 824 2620 orbo
842 2561 1012 2635 mecentio)
1043 2565 1069 2620 et
1086 2563 1196 2635 petiere

129 2663 154 2704 2⁵
171 2652 231 2712 sibi
253 2656 281 2711 et
301 2652 417 2710 octone
439 2652 599 2725 adiungere
623 2655 738 2726 pentes:
765 2651 854 2709 multi
880 2650 987 2727 populi
1013 2656 1196 2729 rogaverunt

171 2742 308 2802 volentes
335 2740 393 2801 sibi
421 2740 545 2818 adiungi
574 2740 748 2801 societatem
776 2742 923 2799 nostram:
956 2758 1009 2800 nec
1038 2740 1114 2799 dixit
1142 2741 1196 2818 qui

172 2850 226 2891 nec
255 2831 333 2889 dixit
362 2832 482 2906 quanti,
512 2833 547 2888 ut
576 2828 656 2905 quod
679 2828 837 2888 adserebat
860 2830 1023 2890 extolleret.
1068 2831 1195 2890 multae:

171 2920 221 2980 hic
253 2919 462 2996 suspendenda
492 2919 702 2996 pronuntiatio
739 2922 798 2993 est,
836 2920 978 2995 quoniam
1014 2919 1196 2997 interposuit

171 3030 236 3070 rem
272 3009 484 3084 necessariam
525 3010 556 3067 et
591 3027 628 3066 ne
658 3011 844 3083 contemnas,
885 3009 999 3087 inquit,
1035 3028 1195 3086 personam

130 3109 154 3148 ³⁰
171 3099 356 3176 supplicum,
387 3098 459 3175 quia
487 3098 568 3156 ultro
595 3096 732 3157 venimus
755 3116 855 3174 preces
879 3098 937 3158 tibi
963 3098 1135 3158 fundentes:
1165 3102 1196 3157 et

170 3190 357 3267 rogaverunt
383 3205 437 3246 nos
464 3187 578 3246 multae
606 3190 710 3266 gentes
738 3190 769 3246 et
796 3188 956 3247 voluerunt
977 3188 1066 3246 multi
1088 3187 1195 3264 populi

245 3376 392 3429 lonerari
410 3373 436 3427 V
455 3391 500 3429 ·re
518 3374 561 3428 ed.
622 3374 789 3430 eobolcscet
807 3373 832 3427 V
851 3376 979 3429 abolescit
996 3374 1040 3428 ed.
1098 3379 1131 3428 1⁷
1149 3376 1196 3429 sui

171 3448 267 3502 dicaam
285 3446 387 3500 omisso
417 3450 451 3500 18
469 3447 561 3514 inquit
578 3444 622 3500 ed.
669 3450 704 3499 20
722 3447 849 3513 firrrritota'
862 3445 952 3500 V-tc's
970 3446 1014 3500 ed.
1061 3444 1195 3514 21qu

171 3518 246 3587 qaod
264 3517 308 3571 ed.
376 3522 411 3570 23
430 3518 511 3572 malti
527 3515 658 3585 inquitV
676 3518 745 3571 dicit
763 3519 835 3572 caim
853 3518 934 3571 malti
952 3516 995 3569 ed.
1062 3522 1096 3570 25
1115 3533 1194 3586 ropa-

171 3596 272 3645 ommt
283 3587 310 3642 V
328 3606 352 3644 r.
365 3604 415 3643 aes
434 3587 477 3641 ed.
537 3593 571 3641 27
586 3588 729 3645 adnabat
742 3587 767 3641 V
786 3589 919 3658 afferebat
931 3588 979 3644 od.
995 3587 1008 3661 t
1022 3586 1142 3645 masau
1159 3588 1209 3642 aa.

172 3662 275 3714 multae
286 3675 345 3712 noo.
401 3663 437 3711 29
453 3676 505 3713 nec
525 3658 602 3717 Vae
620 3661 664 3719 ed.
694 3662 697 3739 A
721 3662 920 3737 personatui
944 3680 1017 3720 -acs
1035 3660 1086 3716 ed.
1140 3664 1179 3712 ‘tt
1200 3662 1228 3709 at

157 3734 325 3792 rogaremur
344 3726 370 3778 V
382 3745 405 3781 r.
420 3731 496 3785 enain
514 3733 560 3791 ed.
640 3742 675 3794 81
699 3739 902 3799 rolmara
926 3756 982 3797 aas
1002 3735 1077 3793 aud.
1096 3732 1149 3788 aa.
