2725 4150
571 303 799 361 murmosx
1129 307 1194 375 37⁷

173 474 260 533 navis
284 472 316 532 in
339 472 436 533 altum
458 472 629 548 duceretur,
656 477 688 534 et
714 470 891 534 escendendi
913 477 943 534 et
965 472 1107 534 exiliendi
1129 494 1194 552 rep·

173 560 286 639 perisse
323 562 442 623 Turnus
477 562 643 623 remedium
678 565 794 642 possets
831 581 912 624 nunc
942 565 1032 640 rapta
1063 565 1121 639 est,
1159 567 1195 624 ut

175 652 245 711 ante
268 652 301 710 in
324 652 422 712 altum
448 651 617 730 perveniret
644 670 736 730 qnam
758 652 920 713 sentiretur
944 651 1067 713 nexibus
1090 652 1193 713 libera.

175 739 263 818 qnasi
283 741 463 802 inhaesisset
485 759 571 818 saxo,
593 742 637 802 sic
664 741 741 801 dixit
768 742 917 819 avulsam3
944 741 1088 802 avellitur
1114 741 1192 802 enim

142 829 258 906 equod
286 831 351 890 sine
377 831 410 892 vi
435 850 497 891 non
523 833 625 910 potest
651 832 795 909 separari
838 831 924 890 iiiam
950 835 1048 891 auter
1075 829 1194 892 Aeneas

175 919 321 979 absentes
338 920 372 979 in
384 919 502 993 proelia
515 921 627 995 poscit:
644 937 733 980 verus
746 919 865 981 Aeneas
884 920 1038 981 absentem
1050 922 1193 999 ignorans

175 1008 340 1084 quaerebat
369 1008 504 1069 Turnum
533 1013 565 1069 et
593 1008 717 1086 petebat
744 1009 776 1068 in
808 1010 933 1087 proelia.
984 1011 1072 1072 obvia
1099 1010 1194 1071 mutia

173 1098 273 1156 ciricis
294 1098 416 1157 demittit
433 1115 556 1171 corpora
572 1098 674 1158 morti:
696 1116 766 1158 cum
784 1102 941 1176 quaereret
958 1098 1106 1176 Turnum,
1128 1100 1193 1176 qui·

175 1204 302 1263 cumque
323 1187 371 1246 illi
394 1186 515 1248 obviam
537 1188 659 1247 fuerunt
680 1188 772 1248 morti
794 1190 865 1248 sunt
886 1187 1002 1249 traditi.
1038 1192 1100 1249 tum
1123 1189 1194 1249 lccic

127 1294 156 1335 rc
173 1276 247 1335 taut
267 1276 348 1336 ultra
371 1276 498 1337 latebras
520 1277 582 1337 iam
605 1278 721 1350 maeri
741 1277 847 1353 inuno,
870 1278 923 1338 scd
944 1278 1067 1337 miliae
1089 1278 1194 1339 voians

174 1366 248 1424 riuti
275 1382 307 1424 sc
335 1366 485 1425 inmiscuit
513 1370 611 1427 atae:
641 1365 717 1427 leuis
746 1366 866 1441 umbra,
896 1385 974 1443 quae
1002 1367 1124 1427 Aenean
1155 1368 1193 1428 si·

173 1454 343 1515 mulaverai
360 1455 541 1534 fugientem,
565 1455 704 1532 conplete
722 1473 757 1515 eo
776 1455 857 1533 quod
875 1454 975 1515 fuerat
993 1455 1194 1516 necessarium

173 1543 301 1604 ulterius
323 1544 455 1605 latebras
478 1563 538 1604 non
566 1545 711 1623 quaesiit,
739 1544 791 1604 sed
813 1563 844 1604 se
868 1544 996 1604 nubibus
1018 1544 1141 1604 miscuit
1163 1548 1194 1604 et

175 1651 210 1692 eo
239 1632 317 1692 unde
347 1636 470 1695 venerat
498 1635 651 1694 remeavit
698 1651 763 1693 cusin
793 1634 930 1693 Teanam
958 1632 1052 1692 medio
1081 1633 1255 1694 intercades

129 1740 156 1782 rs
173 1722 233 1795 fert
263 1738 385 1797 aequore
416 1725 515 1783 turbo:
556 1724 671 1784 interea
703 1725 885 1784 commotum
916 1723 1042 1801 pelagus
1073 1721 1193 1782 turbine

173 1810 314 1871 trahebat
335 1811 455 1891 longius
478 1814 621 1873 Turnum.

245 1901 376 1975 Respicit
400 1903 526 1977 iscam
552 1918 652 1961 reram
678 1902 870 1977 inertiaeque
891 1901 997 1962 satit&
1020 1903 1046 1961 ct
1067 1900 1194 1975 danicis

175 2007 459 2051 mencenenterius
482 1992 523 2051 ad
544 1991 645 2051 sidera
666 1991 772 2050 martit:
797 2009 853 2067 pro
881 1992 1006 2051 adverso
1030 1989 1192 2051 aestimans

175 2079 294 2140 Turnus
325 2081 405 2158 quod
433 2099 488 2158 pro
518 2081 614 2158 ipsius
643 2081 745 2141 fuerat
773 2082 870 2141 salute
898 2082 1065 2159 perfectum
1091 2083 1122 2141 et
1144 2101 1194 2160 ge·

130 2190 156 2230 so
175 2172 289 2229 storum
315 2189 370 2247 pro
398 2188 429 2229 se
456 2170 572 2230 nescius
600 2171 731 2231 tetendit
752 2188 859 2230 manus
883 2171 922 2230 ad
945 2171 1043 2232 sidera
1066 2172 1097 2230 et
1119 2171 1194 2229 haec

174 2258 371 2336 gemibundus
390 2258 507 2334 effudit,
531 2278 590 2338 quo
613 2261 646 2319 in
669 2260 750 2321 facto
773 2258 923 2337 potuisset
944 2258 1058 2339 ingrati
1081 2261 1193 2319 crimen

173 2347 337 2424 incurrere,
364 2348 423 2408 uisi
449 2352 535 2427 gesta
561 2350 698 2410 nesciret.
742 2349 923 2424 omnipotens
942 2350 1068 2424 qenitcr,
1092 2352 1194 2408 tanton

173 2453 220 2495 mc
242 2438 363 2497 crimine
384 2438 507 2513 discum
528 2439 640 2498 decuti
662 2443 689 2498 et
711 2439 780 2499 tatis
806 2439 924 2498 vetuisti
946 2438 1106 2512 expendet
1123 2454 1193 2512 poc·

174 2527 252 2585 cuc?
287 2527 392 2586 hocine
415 2526 486 2603 tibi,
508 2526 657 2604 Iuppiter,
688 2525 823 2606 placuit?
858 2519 915 2587 Bac
937 2546 986 2585 me
1008 2544 1105 2603 poena
1128 2525 1192 2604 dig·

129 2633 155 2674 ss
174 2634 248 2673 num
271 2634 334 2676 esse
358 2616 490 2676 duxisti?
525 2618 600 2677 haec
622 2620 657 2676 ut
675 2618 798 2692 diceret,
822 2615 990 2677 ostenditur
1011 2614 1193 2675 intellexisse

175 2704 312 2765 fraudem
335 2725 425 2782 quam
447 2725 553 2784 passus
577 2708 630 2766 est
666 2707 775 2783 incipit
797 2724 968 2766 enumerare
991 2703 1093 2765 omnia
1115 2722 1193 2782 quae

175 2793 223 2852 illi
258 2813 370 2871 poenas
410 2797 502 2856 animi
543 2794 727 2856 adferebant.
790 2811 846 2868 quo
882 2796 962 2869 feror
996 2794 1076 2854 ande
1112 2794 1256 2854 abiicere

175 2883 288 2959 nescio,
319 2884 432 2962 inquit,
465 2903 524 2962 quo
553 2884 646 2959 feror,
677 2883 757 2942 unde
788 2886 890 2943 tamen
922 2884 1092 2944 recesserim
1122 2884 1192 2944 scio.

174 2989 250 3046 qaae
276 2991 322 3033 mc
347 2975 422 3049 fuya
448 2990 567 3048 quemue
588 2973 724 3033 redata?
760 2972 860 3050 qualis
884 2990 964 3048 sum,
987 2991 1056 3033 cum
1078 2973 1193 3051 fugisse

129 3080 156 3120 eo
174 3061 290 3130 videor,
313 3064 410 3140 qualis
430 3063 469 3122 ad
492 3082 542 3124 eos
562 3081 636 3140 quos
655 3060 773 3121 deserui
790 3060 963 3122 rediimus?
993 3062 1193 3122 Laurentisne

247 3270 447 3325 laeccndcndi
464 3270 508 3323 ed.
529 3269 533 3341 Ι
553 3271 674 3338 neppam
691 3267 861 3324 cmmusv
879 3284 949 3323 corr.
968 3267 1012 3324 ed.
1076 3273 1193 3338 'tuaac-

173 3340 285 3397 rcbctur
309 3358 376 3396 cnm
396 3339 422 3394 V
447 3343 572 3396 Turicum
596 3340 743 3410 meabat
768 3340 811 3396 ed.
838 3339 857 3465 A
878 3338 1036 3410 patebatV
1059 3355 1128 3394 corr.
1148 3340 1192 3395 ed.

174 3410 354 3468 ademistis
372 3412 487 3469 dimittit
504 3412 548 3469 ed.
629 3417 663 3466 18
684 3410 800 3467 toilitV
821 3427 836 3467 e
858 3455 864 3466 .
889 3413 1007 3480 propter
1026 3411 1142 3466 tetendit
1162 3411 1194 3471 in

173 3484 289 3552 interpr.
311 3484 400 3539 tendit
422 3484 534 3553 scripsi,
557 3483 634 3553 quod
657 3482 758 3552 optimi
776 3481 860 3554 Verg.
877 3481 945 3538 libri
967 3480 1082 3536 habent.
1112 3481 1116 3554 Ι
1146 3499 1193 3538 ccc-

173 3557 302 3610 ictimans
320 3555 363 3610 ed.
419 3561 452 3610 21
470 3554 654 3627 semctimdae
671 3554 715 3610 ed.
766 3559 799 3609 2⁷
818 3556 884 3624 pest
900 3555 974 3622 feror
992 3571 1049 3608 nen
1067 3551 1192 3619 distinxi,

174 3626 242 3695 qnia
260 3625 331 3680 Den.
350 3626 424 3681 uude
441 3644 492 3696 pro
510 3627 577 3683 inde
595 3626 670 3682 unde
689 3625 750 3681 acci
770 3641 817 3681 ere
834 3626 953 3682 videtur.
1027 3629 1062 3680 28
1079 3624 1193 3693 ferorV

174 3697 217 3752 ed.
236 3697 314 3765 ferar
332 3700 470 3766 expectes.
544 3703 578 3753 30
596 3643 777 3755 reatinae}
794 3715 817 3754 r.
836 3715 897 3754 sam
915 3697 959 3754 ed.
