2725 4150
200 331 265 396 352
485 327 625 383 DONATI
641 327 811 382 INTERPR.
826 326 935 382 VERG.

199 497 351 574 Vergilius
375 516 430 573 pro
453 497 518 555 loeo
537 496 692 557 ostendere
716 496 834 554 nullum
853 496 941 555 deum
959 499 1064 556 contre
1082 463 1214 556 fetdrum

200 587 379 644 sententiam
393 585 509 661 aliquid
527 604 614 662 posse
632 588 798 661 praestare,
810 604 878 644 cum
896 604 950 644 nec
967 585 1112 646 Hercules
1127 585 1215 664 prod·

200 693 264 734 esse
301 677 402 752 potest
437 674 571 734 Pellenti
607 693 661 734 nec
699 675 836 752 Iuppiter
864 674 1013 750 'cuiquam
1049 674 1215 734 subvenire.

199 768 258 823 etot
278 782 336 823 erra
359 765 461 836 cuique
483 764 557 833 dies,
582 765 665 823 breoe
688 767 714 822 et
736 764 934 837 inreparabile
951 767 1064 837 ternpus
1082 759 1235 824 emerem

200 857 242 912 eet
253 854 345 912 vitoe:
356 852 474 912 inducit
487 873 523 911 ex
540 852 738 931 generalitate
757 853 999 928 consolationem,
1017 854 1218 930 pertinentem
1244 870 1254 912 o

199 945 300 1002 tomen
330 942 369 1001 ed
399 943 558 1018 specialem
587 961 718 1003 oensem.
770 944 946 1018 unicuique,
976 942 1032 1017 eit,
1063 945 1125 1003 stet
1154 942 1217 1002 dies

200 1051 268 1106 sua,
290 1033 347 1092 hoc
369 1034 415 1090 est
438 1032 556 1091 decretu
580 1034 611 1091 et
638 1031 729 1090 semel
757 1032 916 1107 adscripto.
965 1030 1055 1092 breve
1083 1034 1115 1091 et
1140 1031 1218 1091 inre·

199 1120 334 1197 perebile
351 1123 470 1197 tempus
489 1121 627 1181 omnibus
642 1123 688 1180 est
700 1120 795 1180 vitoe:
810 1123 900 1197 etque
915 1121 971 1180 hoc
984 1121 1083 1198 ipsum
1097 1122 1219 1182 vivendi

199 1213 318 1286 tempus
342 1213 471 1288 angusto
494 1209 644 1270 clauditur
664 1209 784 1284 lineet,
808 1228 876 1268 cum
894 1210 988 1270 fuerit
1005 1211 1140 1287 lapsum,
1158 1231 1218 1271 non

199 1301 299 1374 potest
320 1299 464 1375 reparari.
508 1300 560 1358 sed
581 1301 697 1373 femore
723 1299 873 1358 extendere
893 1300 995 1373 sectr,
1022 1300 1075 1358 doe
1101 1300 1219 1359 vinetis
1235 1317 1257 1358 ro

199 1405 287 1462 opos:
309 1388 434 1464 proinde
457 1388 530 1465 quie
552 1387 617 1448 rite
644 1387 799 1448 hominum
826 1388 924 1449 brevis
949 1392 989 1448 et·
1006 1389 1070 1447 sine
1097 1407 1218 1466 repere.-

198 1477 281 1537 tione
303 1481 361 1552 est,
390 1479 522 1538 humane
550 1477 702 1538 industrie
731 1479 864 1554 repperit
892 1480 928 1537 ut
955 1477 1053 1538 virtus
1077 1478 1219 1538 extendet

199 1566 386 1642 memoriam,
409 1586 486 1643 quoe
509 1567 570 1626 ulio
593 1585 701 1644 genere
723 1566 876 1626 invidente
898 1569 1009 1626 notura
1036 1584 1096 1626 non
1121 1567 1225 1628 veluit.

200 1656 331 1715 dilaturi.
384 1655 421 1715 ob
449 1656 591 1732 exemplis
619 1658 710 1734 auget
737 1655 972 1717 consolationem
999 1659 1029 1716 et
1057 1675 1075 1716 e
1105 1658 1218 1717 meiore

138 1746 239 1808 lrood
257 1744 369 1804 minus:
389 1746 495 1804 Troiae
513 1746 567 1804 snb
585 1746 736 1804 emeritos
755 1745 823 1804 eltis
841 1750 881 1804 tet
897 1746 962 1805 reati
980 1745 1105 1805 cecidere
1119 1747 1219 1806 decem
1236 1761 1257 1802 re

200 1835 239 1908 si,
261 1836 375 1911 inquit,
398 1834 512 1911 aliquid
535 1833 647 1893 mutari
668 1837 738 1911 post
760 1834 826 1893 fate
848 1834 1007 1911 potuisset,
1025 1837 1074 1894 tot
1096 1834 1220 1896 deorum

199 1925 255 1982 filii
276 1942 337 1983 non
359 1928 545 1984 morerentur
566 1924 599 1983 in
622 1923 721 1983 Trois
753 1924 825 1996 erre
847 1925 950 1983 occidit
971 1942 1033 1983 erra
1055 1923 1219 1998 Sarpedon,

199 2030 265 2071 meo
291 2014 461 2088 propendeo:
489 2014 563 2072 hoec
595 2013 751 2090 probatior
783 2013 912 2074 adsertio
945 2013 1017 2088 fuit,
1050 2032 1118 2072 cum
1154 2013 1218 2093 ipse

201 2102 350 2179 luppiter,
380 2101 433 2179 qui
462 2103 565 2163 divino
595 2104 697 2163 omnia
724 2105 815 2179 etque
837 2105 970 2163 humone.
992 2102 1167 2163 moderatur
1190 2106 1220 2164 et

199 2191 290 2269 regit,
313 2191 387 2251 dicit
409 2210 440 2251 se
463 2192 525 2253 filio
548 2211 615 2270 suo,
638 2192 804 2268 reperiret
825 2192 858 2251 in
881 2193 984 2268 Trois,
1006 2193 1147 2269 prodesse
1169 2213 1219 2253 ne·
1237 2209 1260 2250 eo

201 2280 299 2357 quisse
323 2300 357 2340 eo
380 2301 433 2357 per
455 2281 511 2341 hoc
529 2281 585 2340 eit:
608 2300 662 2341 nec
681 2280 835 2359 Sarpedon
852 2282 915 2341 illio
935 2282 1122 2343 occumberet
1139 2283 1220 2343 filius

200 2389 294 2443 meus,
312 2370 338 2430 si
356 2371 489 2431 fetorum
507 2389 626 2430 cursum
644 2371 692 2430 vel
710 2371 775 2446 ipse
792 2375 909 2430 mutere
928 2372 1102 2448 potuissem.
1132 2373 1221 2432 etiam

200 2478 257 2519 sno
285 2460 421 2519 Terrore
447 2463 514 2533 fota
540 2465 644 2519 record
669 2464 816 2534 metasque
839 2461 1054 2534 receperent
1076 2461 1118 2520 ed
1140 2462 1220 2521 oevi:

200 2569 253 2625 per
276 2550 461 2609 occasionem
483 2549 538 2608 leti
559 2549 708 2630 Pallantis
731 2550 861 2609 ostendit
884 2551 976 2609 etiem
994 2550 1129 2609 Turnum
1147 2552 1221 2611 fetis

200 2640 261 2697 ium
290 2639 465 2717 urgentibus
495 2638 674 2715 peritumm,
705 2657 771 2699 cum
799 2658 866 2697 eum
885 2638 959 2698 dicit
982 2639 1021 2698 ed
1043 2638 1125 2699 vitae
1149 2658 1220 2699 sune
1237 2651 1259 2694 n

200 2729 294 2788 metes
318 2728 500 2804 pervenisse,
524 2729 610 2805 qussi
631 2730 687 2788 hoc
710 2748 817 2807 genere
840 2729 989 2788 solaretur
1011 2728 1172 2805 dolentem,
1195 2729 1220 2788 si

200 2816 375 2877 interfector
397 2817 546 2877 Pallantis
568 2836 637 2876 mox
659 2820 738 2877 esset
760 2820 914 2877 secuturus
939 2818 1078 2878 occisum.
1110 2820 1155 2877 sie
1178 2819 1221 2878 od

201 2910 286 2978 olore
308 2907 405 2965 oculos
427 2907 604 2966 Rutulorum
632 2907 715 2965 reier't
743 2908 839 2966 orris:
868 2909 898 2966 et
926 2906 1014 2966 dictis
1036 2907 1126 2965 finem
1149 2906 1221 2967 fecit

201 2997 232 3053 et
262 2994 299 3054 eb
329 2996 408 3055 ervis
438 2995 620 3055 Rutulorum
648 2994 752 3055 reiecit
781 2997 882 3056 oculos
908 3015 988 3057 suos.
1041 2996 1116 3072 quid
1139 2997 1220 3055 enim

201 3084 355 3159 prodesset
377 3085 478 3144 videre
497 3105 566 3144 eum
585 3084 633 3144 cui
650 3104 711 3144 non
730 3085 830 3161 potuit
848 3105 903 3163 ope
923 3085 1026 3163 eliqua
1045 3083 1218 3145 subreniri?
1235 3096 1258 3138 so

140 3177 233 3231 erent
260 3173 365 3232 Palles
393 3175 510 3248 moenis
539 3175 640 3233 emittit
667 3176 780 3234 rietes
808 3176 924 3235 hostem
952 3175 1119 3249 rostroque
1146 3192 1220 3235 eave

274 3368 287 3415 1
307 3362 394 3416 voluit
411 3364 476 3430 post
493 3362 632 3418 ostendere
654 3361 783 3430 interpol.
808 3363 850 3416 ed.
870 3366 942 3431 post.
1021 3367 1036 3416 3
1058 3368 1149 3432 potest
1168 3363 1220 3417 VR

196 3440 289 3502 posset
307 3432 349 3487 ed.
410 3438 443 3485 12
462 3439 501 3487 eet
519 3449 572 3487 om.
588 3434 630 3487 ed.
658 3435 661 3505 l
689 3435 808 3502 repperit
820 3434 872 3487 VR
889 3436 988 3502 reperit
1006 3435 1050 3488 ed.
1107 3440 1141 3489 16
1157 3441 1221 3506 poet

200 3506 263 3572 fato
281 3521 334 3559 om.
350 3504 420 3559 eor.
471 3510 504 3557 19
523 3511 603 3573 atque
615 3504 803 3560 tumoraVR
820 3506 993 3573 humaneque
1006 3506 1049 3559 ed.
1106 3511 1141 3560 20
1156 3524 1219 3577 per-

200 3580 241 3633 ire
254 3576 306 3631 VR
325 3594 393 3632 corr.
413 3576 456 3633 ed.
478 3576 481 3648 l
503 3578 535 3631 c're
552 3578 639 3631 troiae
657 3577 690 3629 R.
759 3582 792 3630 22
810 3576 852 3630 oel
870 3593 923 3629 om.
943 3576 986 3630 ed.
1056 3582 1219 3635 ettonem

188 3667 244 3704 erra
263 3650 319 3707 VR!
380 3656 413 3707 26
433 3646 579 3722 quooiVR
598 3650 646 3719 qni
664 3647 709 3702 ed.
767 3652 800 3700 29
820 3648 855 3701 ab
874 3647 1069 3702 aroisVltod
1087 3666 1157 3705 arua
1175 3649 1217 3705 ed.

179 3728 217 3775 30
228 3726 373 3793 prodesse
388 3725 440 3781 VR
461 3743 532 3781 corr.
549 3722 594 3780 ed.
