2725 4150
562 319 789 376 muamosx
1120 325 1185 390 337

168 490 294 550 occasio.
345 488 419 548 dicit
448 507 570 548 causam
600 509 678 565 quae
707 491 805 567 magis
830 488 961 549 faciebat
990 490 1052 550 tela
1081 492 1186 550 inrita:

168 580 284 650 dederit
299 579 410 651 partim
427 579 601 653 strinpcatic
618 595 724 652 corpas
743 579 824 638 abac
843 579 958 652 Vereus;
980 579 1086 639 aderat
1108 579 1188 639 enim

167 671 264 727 mater
293 667 356 727 filio
387 669 417 726 et
445 667 581 744 potentia
610 667 740 727 numinis
771 669 819 729 sui
848 669 1031 729 venientium
1057 670 1188 729 telorum

167 760 246 817 ictus
270 755 504 834 violentiamque
526 757 700 835 frangebat,
722 777 760 816 ne
784 776 890 835 corpus
909 760 974 818 eius
994 759 1186 835 aliquatenus

137 847 330 906 claederent.
381 846 477 917 fidiora
498 845 616 906 Aeneas
644 847 769 920 adfatur
797 846 944 907 Achaten:
973 848 1090 908 Aeneas
1120 867 1188 908 cum

168 936 293 995 vidisset
306 934 469 1011 constipati
482 938 570 994 cunei
583 935 702 995 turbam
717 954 827 1014 magno
841 937 1001 997 adversum
1014 955 1046 997 sc
1059 937 1188 998 telorum

168 1043 292 1084 numero
322 1026 435 1083 certare
465 1026 557 1100 atque
586 1024 776 1099 contendere,
803 1026 961 1086 adlocutus
984 1029 1030 1087 est
1051 1026 1188 1087 Achaten

168 1114 263 1172 fidum
285 1111 344 1173 sibi
366 1116 397 1173 et
419 1113 636 1189 conprobatum
654 1115 687 1172 in
706 1113 856 1189 omnibus,
879 1118 915 1174 ut
931 1116 993 1174 tela
1010 1118 1043 1174 in
1062 1134 1112 1176 eos
1131 1115 1187 1176 sibi

169 1202 307 1263 iacienda
329 1205 515 1281 suggereret3
539 1203 570 1261 vi
592 1204 672 1262 enim
695 1203 807 1262 maiore
830 1201 876 1264 vis
899 1205 996 1264 maior
1019 1206 1118 1265 fuerat
1140 1225 1187 1264 ex·

124 1291 326 1352 recludenda.
371 1309 504 1366 srtpperc,
526 1290 642 1369 inquit,
669 1292 727 1351 teto
748 1293 835 1351 mitt:
862 1309 923 1351 aoa
947 1293 1043 1352 altum
1070 1294 1189 1354 daretem

168 1384 285 1456 frastra
297 1382 412 1440 torserit
428 1382 462 1439 ta
474 1381 609 1450 Rutulos,
627 1384 767 1440 steterat
783 1398 858 1454 quoe
875 1382 908 1439 ia
926 1398 1044 1455 corpore
1063 1382 1191 1442 Gratiae

168 1471 275 1530 Riecte
302 1471 429 1543 conpte-
464 1469 553 1546 quaai
588 1469 832 1530 consuetudinem
868 1471 1014 1530 haberent
1043 1472 1098 1532 illa
1128 1472 1253 1536 telaaat

169 1558 310 1633 feriendi,
333 1561 376 1618 sic
399 1559 443 1618 ait
465 1577 591 1638 suggere
614 1560 676 1618 tela
698 1559 773 1618 mihi
792 1578 870 1635 quae
888 1562 1037 1620 steterunt
1054 1561 1086 1619 in
1105 1559 1190 1620 Grai-

170 1668 257 1708 orum
280 1667 415 1723 corpore,
438 1667 506 1707 cum
523 1651 710 1726 pugnaretur
726 1648 759 1707 in
777 1648 881 1723 Troia,
901 1649 989 1726 quasi
1007 1651 1051 1709 sic
1068 1653 1192 1727 possent

124 1756 151 1795 1⁵
170 1743 251 1799 stare
272 1740 305 1796 in
328 1736 501 1813 corporibus
524 1737 713 1798 Rutulorum.
755 1739 816 1798 scio
840 1740 920 1797 enim
942 1740 1016 1798 haec
1038 1738 1191 1800 dexteram

170 1846 268 1886 meam
290 1845 350 1886 non
373 1827 487 1887 frustra
509 1844 572 1886 esse
598 1828 767 1887 missuram.
817 1831 879 1887 tura
904 1846 1045 1904 mappam
1072 1830 1193 1904 corripit

170 1919 287 1976 hostum
309 1920 335 1976 et
358 1917 441 1976 iacit:
462 1934 605 1994 magnam
622 1916 743 1976 hastam
759 1934 847 1994 posse
865 1919 961 1977 iacere
980 1922 1112 1994 quantae
1131 1918 1191 1978 vir-

170 2006 246 2066 tutis
270 2007 327 2064 esti
359 2005 414 2065 illa
435 2006 540 2064 colans
562 2005 647 2080 clipei
668 2007 888 2066 transverberat
909 2024 982 2067 cera
1003 2009 1143 2068 Maeonis
1166 2012 1193 2067 et

172 2097 291 2155 dieraco
319 2096 409 2155 stand
438 2113 504 2155 curn
529 2100 644 2169 pectore
671 2098 798 2170 rumpit:
826 2097 935 2157 thorax
964 2097 1076 2158 dicitur
1104 2098 1191 2157 indu·

125 2203 153 2241 ao
171 2188 307 2245 mentum
337 2203 395 2261 quo
420 2184 550 2244 bellator
577 2203 672 2262 usque
702 2186 742 2245 ad
770 2189 874 2263 pectus
904 2188 1050 2247 munitur.
1103 2189 1192 2247 hasta

170 2275 267 2352 igitur
295 2273 387 2333 missa
416 2272 453 2333 ab
476 2273 578 2333 Aenea
610 2278 640 2333 et
669 2278 788 2335 scutum
818 2278 848 2335 et
876 2277 1000 2335 thoraca
1030 2279 1061 2335 et
1087 2279 1191 2353 pectus

171 2362 306 2423 Maeonis
331 2364 478 2440 perrupit.
526 2363 595 2423 haic
622 2365 717 2437 frater
745 2365 825 2424 subit
853 2364 986 2424 Alcoacr
1013 2366 1192 2437 fratremque

171 2457 302 2512 motem
332 2456 476 2512 sustentat
505 2452 622 2512 dextro:
658 2472 725 2511 cum
757 2453 865 2512 Maeon
897 2453 1030 2528 caderet,
1062 2456 1192 2513 occurrit

172 2542 316 2615 Alcanor,
340 2542 393 2617 qui
415 2541 564 2617 exciperet
586 2541 742 2602 cadentem
765 2546 796 2602 et
818 2544 1013 2616 sustentaret,
1037 2543 1063 2601 si
1081 2546 1191 2618 posset.

126 2647 154 2686 as
172 2633 289 2691 traiecto
311 2632 405 2690 misac
428 2631 533 2690 lacerto
552 2632 690 2704 protinus
711 2632 799 2690 basta
815 2631 892 2704 sapit
909 2631 1054 2704 traciaco
1072 2636 1254 2695 crueatatto

173 2725 311 2789 tenorem,
339 2720 513 2792 dexteraque
540 2737 574 2778 ec
600 2736 701 2778 omero
723 2720 822 2779 occis
843 2720 1021 2779 moribundo
1040 2721 1192 2794 pependit:

173 2805 330 2869 Alcanoris
360 2812 487 2868 mortem
516 2810 572 2869 hoc
601 2809 691 2869 modo
721 2808 891 2885 descripsit,
921 2828 989 2869 cum
1020 2810 1100 2869 enim
1122 2829 1191 2869 con-

172 2900 283 2957 tineret
305 2897 426 2958 dextera
444 2916 499 2957 sua
517 2898 604 2957 illum
623 2900 676 2974 qui
695 2898 851 2973 ceciderat,
870 2897 931 2958 alia
948 2899 1037 2957 hasta
1054 2918 1191 2958 umerum

173 2990 238 3047 eius
261 2988 421 3064 percussit,
444 3007 506 3064 qua
529 3006 620 3047 cauea
643 2986 766 3047 abscisis
790 2987 888 3047 nervis
911 2987 1055 3065 pependit
1083 3007 1191 3047 manus

127 3094 154 3132 eo
173 3079 215 3137 sic
239 3080 379 3153 separata
401 3096 420 3136 a
443 3096 579 3154 corpore,
600 3078 636 3135 ut
657 3080 785 3135 mortem
808 3094 893 3137 suam
916 3079 1079 3136 testaretur
1098 3082 1128 3136 et
1145 3079 1190 3136 in·

246 3218 262 3265 3
280 3212 400 3267 neminie
413 3210 465 3265 VR
484 3227 552 3265 corr.
572 3211 615 3265 ed.
684 3216 701 3265 8
719 3213 751 3265 ic
770 3228 799 3266 eo
817 3214 842 3267 et
855 3210 907 3265 VR
924 3213 957 3265 ia
974 3227 1018 3266 ece
1036 3210 1079 3265 ed.
1099 3213 1130 3266 irc
1148 3228 1192 3266 coa

171 3285 227 3339 sibi
249 3300 308 3337 nos.
385 3288 553 3353 trupperat
574 3281 618 3336 ed.
649 3281 653 3353 Ι
686 3289 719 3337 ct
737 3282 788 3336 VR
805 3285 834 3338 oi
852 3300 903 3337 nos
922 3282 956 3336 cf.
973 3283 1024 3336 758
1043 3289 1102 3337 crat
1120 3282 1189 3355 cdl

171 3358 214 3411 oia
234 3354 286 3409 VR
310 3356 338 3409 ci
361 3356 404 3408 oia
428 3354 470 3409 ed
502 3353 506 3425 Ι
539 3355 633 3421 suerat
659 3370 713 3408 om.
738 3353 782 3407 ed.
862 3360 896 3409 10
920 3370 977 3409 aaa
1001 3354 1109 3408 cadum
1132 3353 1190 3409 VR.

173 3433 205 3482 11
225 3428 354 3481 stitcmcnt
366 3424 426 3481 VR.
478 3431 511 3479 14
526 3424 793 3495 mementorum
845 3432 877 3480 17
892 3425 1044 3495 quontaV.
1096 3430 1130 3479 18
1146 3442 1191 3480 oo·

172 3502 231 3554 lena
249 3498 274 3551 R
298 3514 367 3552 corr.
386 3515 407 3551 r.
481 3501 515 3551 23
538 3503 645 3552 uenum
662 3496 714 3551 VR
737 3512 806 3551 corr.
826 3515 847 3550 r.
926 3502 959 3550 25
984 3498 1122 3565 trctcitpuc
1139 3495 1191 3550 VR

171 3576 312 3638 acuatque
338 3567 405 3622 libri
430 3568 514 3638 Verg.
593 3573 627 3622 26
652 3570 718 3637 post
738 3567 916 3637 pepereditV
940 3567 1043 3636 prioris
1067 3568 1191 3636 paginae

171 3641 264 3711 partie
283 3640 420 3709 quosdam
438 3656 534 3694 versus
552 3642 581 3694 et
599 3639 719 3694 alteram
736 3642 831 3695 totam
845 3655 942 3695 uacua
956 3638 1215 3706 &immerga

171 3714 219 3768 fol.
235 3718 288 3765 139
305 3710 342 3764 ab
359 3712 499 3780 aleam
519 3712 551 3815 in
567 3712 596 3769 R
612 3713 696 3771 nulla
714 3713 920 3786 intercapedo.

211 3819 270 3857 Don.
279 3819 375 3869 Interpr.
386 3820 453 3874 Vetg.
468 3824 560 3867 vol.11.
1043 3822 1086 3871 Ἣ*
