2725 4150
540 366 542 368 .
568 324 795 382 anunmosx
1126 329 1191 397 399

168 497 202 555 in
215 495 351 556 vulneris
369 493 528 554 atrocitate
542 497 738 572 persenserat,
752 495 852 554 luotus
867 508 997 572 quoque,
1012 493 1085 572 quia
1098 495 1192 555 talem

167 583 342 662 perdiderat
363 583 469 643 filium.
506 584 596 657 etque
613 584 660 643 bic
678 582 803 643 Aenean
819 599 930 658 magna
946 587 1005 643 ter·
1017 600 1084 643 eoae
1106 601 1191 644 boco-

168 675 226 733 oa't:
248 672 353 733 debuit
375 691 434 732 nou
458 691 620 750 provocare
644 691 714 732 eum
736 673 820 733 euius
839 671 983 733 virtutem
1001 675 1139 733 ‘senserat
1161 675 1191 732 et

168 763 276 823 timere
305 763 407 840 potius
439 781 529 838 quem
559 762 694 839 exemplo
727 780 782 822 suo
813 758 996 839 probauerat
1014 761 1191 838 fortiorem,

137 851 222 913 esed
252 871 306 912 eur
333 854 483 912 metueret
511 854 560 911 oui
588 853 694 928 aequis
723 850 803 912 votis
834 855 887 911 aut
913 852 1030 912 vincere
1058 850 1191 928 optabile

168 940 231 1000 fuis
260 943 314 1001 aut
340 939 458 1018 perire?
495 938 617 1002 voeavit
637 940 741 1019 'igitur
769 941 903 1000 Aenean·
921 960 1033 1020 magna
1061 959 1133 1001 roee
1161 943 1192 1000 et

162 1031 260 1090 tertio
289 1029 346 1090 hoe
375 1028 447 1090 feeit
473 1031 534 1090 tria
562 1032 733 1090 monstrans
764 1031 851 1108 signa
879 1029 1085 1091 constantiae
1110 1029 1191 1108 quod

169 1121 251 1178 enim
277 1118 392 1196 primus
420 1136 484 1179 sese
510 1120 650 1197 ingessit,
678 1118 759 1195 quod
787 1119 869 1179 elara
897 1138 969 1180 voee
998 1121 1190 1196 provocantis

170 1209 316 1286 expressit
343 1207 515 1283 audaoiam,
543 1207 624 1285 quod
645 1207 736 1268 tertio
759 1208 816 1269 hoe
838 1207 923 1284 feeit,
952 1208 1084 1270 ostendit
1106 1228 1190 1288 mag·

124 1313 151 1353 ro
168 1317 241 1358 nam
263 1299 296 1356 in
318 1315 350 1358 se
372 1301 443 1375 post
464 1298 575 1359 vulnus
599 1299 755 1374 acceptum
778 1298 872 1357 animi
894 1315 1099 1375 perseverasse
1122 1318 1190 1360 oon-

168 1387 386 1448 stantiam'nee
405 1386 442 1447 de
460 1387 522 1447 suis
537 1385 653 1464 aliquid
667 1385 823 1447 conatibus
839 1386 1035 1447 deminutum.
1071 1386 1190 1448 Aeaeus

168 1477 289 1551 agreed
310 1478 388 1535 enim
412 1477 561 1551 lumem
586 1480 743 1550 precatur:
773 1494 844 1535 mox
870 1478 906 1535 ut
931 1477 1048 1536 Aeneas
1076 1477 1190 1536 Mezen·

167 1565 248 1624 tium
269 1564 348 1626 vidit
370 1565 538 1626 venientem
561 1567 593 1625 et
614 1583 718 1625 vooem
744 1565 867 1625 totiens·
882 1565 1041 1626 clamantis
1065 1565 1190 1640 audivit,

167 1654 319 1714 intellexit
355 1674 433 1731 quae
470 1673 560 1715 eausa
597 1654 728 1714 debilem
760 1656 930 1715 revocasset
948 1674 951 1679 ’
966 1653 1006 1714 ad
1037 1673 1190 1730 eampum3

123 1757 150 1800 ae
169 1743 284 1805 seiebat
307 1743 387 1803 enim
409 1743 511 1804 dolore
533 1743 645 1821 perditi
670 1743 716 1804 fili
738 1743 856 1804 hostem
878 1745 979 1805 venire
1002 1743 1191 1821 conpulsum,

168 1852 249 1910 quae
277 1852 325 1893 res
353 1834 501 1893 attulerat
527 1833 763 1912 gratulationem
789 1832 965 1910 maximam,
993 1836 1032 1894 ut
1059 1834 1093 1892 in
1122 1851 1190 1893 eon·

168 1941 274 2002 gressu
301 1922 457 1999 perficeret
483 1922 565 1999 quod
593 1921 815 1999 inpedientibus
838 1923 978 2000 plurimis
1001 1923 1098 2001 primo
1121 1941 1190 1982 oon·

167 2012 252 2090 plere
270 2031 332 2072 non
350 2013 461 2089 potuit.
482 2011 615 2072 ..remisit
632 2014 734 2071 tamen
753 2013 845 2072 etiam
862 2011 928 2091 ipse
945 2031 1134 2091 responsum,
1152 2032 1189 2071 ne

162 2100 309 2162 timorem
331 2101 465 2179 aliquem
487 2101 607 2162 silentio
636 2103 813 2163 testaretur:
844 2104 888 2163 eie
912 2108 1000 2178 peter
1027 2104 1078 2164 ille
1104 2103 1252 2164 demere

122 2207 151 2250 so
167 2192 275 2266 faeiat,
299 2192 342 2251 sie
364 2192 443 2252 altus
460 2189 581 2265 Apollo,
606 2192 745 2266 <leemas
767 2193 899 2265 oensem
919 2210 1058 2253 manum:
1079 2191 1189 2252 ideireo

169 2282 215 2342 ait
235 2280 364 2358 incipias
387 2280 520 2340 conferre
536 2280 679 2356 manum,
710 2278 782 2358 quia
809 2280 905 2340 hastis
927 2299 1020 2358 supra
1043 2284 1190 2341 certatum

169 2374 216 2430 est
238 2373 270 2430 et
290 2369 361 2429 inde
384 2369 546 2430 videbatur
568 2370 713 2445 evasisse,
736 2371 809 2448 quia
831 2368 1030 2446 plurimorum
1052 2370 1189 2429 defensus

168 2459 282 2519 auxilio
306 2462 457 2519 certamen
479 2460 655 2521 vulneratus
673 2460 837 2538 effugerat,
861 2457 1018 2519 aoeedente
1041 2458 1133 2518 etiam
1155 2476 1190 2517 eo

168 2545 243 2624 quia
272 2548 439 2625 apparebat
463 2567 537 2608 ‘eum
567 2566 627 2608 non
656 2549 847 2610 oonlatuxum
876 2567 999 2607 manum
1029 2546 1082 2624 qui
1113 2566 1189 2623 equo

121 2652 150 2696 ss
167 2636 272 2715 potius
293 2637 412 2713 fideret,
434 2638 495 2697 non
512 2636 638 2714 pedibus
659 2637 730 2698 suis.
767 2639 882 2698 tanuen
905 2638 1011 2711 effatus
1033 2636 1190 2710 elisseae

167 2727 258 2787 subit
276 2728 379 2786 obelus
407 2725 509 2787 busta:
536 2745 679 2805 magnam
709 2726 803 2787 animi
833 2746 868 2787 ae
897 2726 1019 2787 virtutis
1048 2724 1190 2786 fiduciam

166 2818 318 2876 monstrat
350 2814 403 2893 qui
433 2814 466 2875 in
497 2816 613 2875 hostem
644 2816 761 2892 primus
797 2816 859 2876 tela
891 2815 1053 2875 contendit.
1109 2812 1189 2891 quod

166 2905 285 2965 Aeneas
313 2923 373 2964 nou
406 2904 559 2966 dubitavit
588 2905 729 2982 perficere
756 2923 883 2984 pergens
915 2904 1021 2966 obvius
1054 2922 1122 2964 oum
1143 2902 1188 2963 in·

164 2994 246 3054 festo
268 2995 334 3053 ietu
355 2994 474 3071 hastae,
501 3014 539 3055 ne
560 2994 674 3055 habens
696 2994 777 3054 tanti
799 2994 870 3072 equi
892 2993 1058 3054 subsidium
1079 2994 1189 3053 iterum

121 3086 337 3144 reverteretur
358 3085 391 3144 in
413 3085 526 3163 fugam.
571 3084 621 3143 ille
644 3088 754 3153 aulem,
777 3083 810 3143 id
832 3086 879 3144 est
900 3082 1077 3157 Mezentius,
1099 3081 1189 3142 dixit:

168 3173 240 3245 qued
269 3190 315 3232 me
344 3177 451 3247 erepto,
482 3174 666 3243 eawisstme,
696 3177 765 3233 aeto
795 3173 905 3233 terres?
947 3173 1018 3233 haee
1045 3172 1096 3231 ota
1125 3172 1190 3233 sola

242 3367 256 3414 1
277 3362 366 3417 laetus
383 3377 488 3431 quoque
500 3360 527 3415 V
545 3362 606 3416 etl.
626 3361 669 3416 ed.
697 3361 700 3433 l
727 3377 782 3430 qua
795 3361 821 3415 V
839 3362 907 3431 quia
925 3376 993 3414 eorr.
1013 3359 1056 3415 ed.
1118 3366 1135 3414 4
1153 3361 1190 3415 ti·

167 3434 237 3488 meri
250 3432 278 3484 V
294 3448 363 3486 eorr.
383 3432 427 3486 ed.
491 3438 516 3487 ’ἵ
534 3434 615 3488 tertio
629 3431 653 3486 V
671 3438 713 3487 ter
731 3432 775 3486 ed.
803 3432 806 3504 l
829 3434 965 3488 tiu—9
983 3432 1050 3499 feeit
1071 3448 1124 3486 om.
1145 3431 1188 3485 ed.

169 3510 203 3557 12
223 3505 295 3559 euim
308 3503 334 3557 V
352 3520 414 3559 aaa
432 3503 476 3557 ed.
549 3509 582 3557 16
605 3505 638 3557 in
659 3519 805 3573 congressu
822 3503 848 3557 V
866 3504 909 3557 ed.
934 3519 971 3557 an
993 3505 1032 3557 11
1046 3519 1190 3574 congressu

163 3577 187 3629 i.
203 3591 226 3629 e.
245 3576 363 3631 seeundo
380 3591 402 3629 e.
421 3574 453 3628 in
471 3574 624 3644 archetypo
643 3574 717 3628 fuit?
790 3580 823 3628 17
846 3576 975 3644 plurimis
989 3574 1015 3627 V
1034 3576 1134 3630 mults
1149 3574 1200 3625 eb.

164 3651 204 3701 20
221 3646 294 3711 faeie
305 3646 338 3700 V.
355 3690 356 3693 η
393 3651 428 3700 25
439 3647 562 3716 pedibus
578 3644 678 3705 saisV
699 3647 759 3705 suis
772 3647 884 3705 uiribus
898 3646 947 3703 ed.
983 3651 1040 3700 *ab
1058 3638 1224 3710 rrueursrsslx

161 3721 199 3767 30
214 3716 289 3769 diest
304 3716 330 3769 V
343 3716 438 3785 aequa
454 3719 498 3776 ed.
855 3722 858 3727 ’
