2725 4150
201 332 267 397 602
486 326 627 382 ΒΟΝΑΤῙ
643 325 816 380 INTERPR.
831 325 940 380 VERG.

200 501 230 557 et
252 516 306 557 suo
329 516 411 556 more
435 515 470 556 ac
493 499 625 572 tempore
653 513 717 555 esse
741 493 924 554 detrahenda
950 494 1039 555 terris
1067 512 1146 572 quae
1169 493 1222 554 sli-

201 585 309 663 quibus
324 590 396 646 sunt
408 584 597 662 procuranda
614 583 767 660 remediis,
784 587 821 643 ut
838 583 903 660 ipse
922 584 982 644 clio
1001 584 1066 645 loco
1086 576 1133 666 (4,
1144 576 1223 665 513)

200 676 351 754 Vergilius
383 675 461 734 dixit
489 673 639 750 „falcibus
668 675 699 732 et
725 692 820 733 messe
848 673 887 732 ad
910 673 1013 732 lunam
1037 675 1224 751 quaeruntur

200 768 283 824 senis
305 764 450 841 pubentes
473 762 613 823 herbae“.
650 782 716 822 ecce
739 762 858 822 et'illic
880 762 1008 821 falcibus
1037 762 1114 823 dixit
1142 762 1223 823 senis

200 858 230 914 et
248 854 287 913 ad
305 854 409 913 lunam
427 857 459 913 et
475 853 581 913 messis
593 854 737 928 tempore,
750 855 782 910 in
801 853 954 928 praesenti
972 870 1041 911 vero
1060 853 1105 912 ait
1122 871 1224 913 manu.

199 944 315 1004 caulem
337 944 455 1020 posuit,
478 943 617 1018 thyrsum
638 942 739 1018 ipsum
762 942 877 1001 scilicet
899 960 959 1017 quo
982 940 1167 1020 erigebatur,
1190 943 1225 1000 ut

200 1034 350 1093 emitteret
371 1033 486 1108 florem,
517 1030 622 1090 deinde
649 1031 750 1107 ipsum
776 1031 880 1090 florem
907 1028 1042 1090 adseruit
1070 1049 1133 1091 esse
1155 1051 1224 1108 pur·

200 1142 328 1200 pureum
351 1124 382 1180 et
404 1123 584 1197 comantem3
613 1140 674 1180 non
702 1119 781 1178 enim
808 1138 887 1180 unus
916 1121 969 1178 aut
991 1121 1155 1198 singularis
1180 1123 1225 1180 est

200 1215 236 1270 ut
257 1230 354 1271 rosae·
367 1213 421 1270 aut
442 1209 514 1285 lilii,
537 1210 590 1271 sed
612 1209 700 1287 qnasi
722 1208 755 1268 in
778 1226 877 1269 comas
898 1229 1049 1286 purpureo
1071 1208 1145 1270 flore
1169 1209 1223 1268 dif-

138 1313 190 1361 415
200 1300 347 1360 funditur.
378 1317 439 1359 soa
455 1300 510 1358 illo
527 1300 601 1374 feris
619 1299 769 1372 incognito
784 1300 883 1373 capris
894 1298 1047 1373 oramina,
1067 1316 1135 1358 curo
1148 1303 1225 1374 tcrpo
1251 1316 1267 1355 a

200 1391 331 1448 uolucres
353 1390 471 1449 haesere
495 1389 633 1463 sapidae:
663 1390 764 1464 tanta,
793 1388 908 1465 inquit,
938 1387 1087 1447 naturalis
1110 1387 1158 1448 vis
1181 1389 1225 1448 est

200 1481 232 1537 in
251 1479 322 1539 feris
341 1478 448 1556 capris,
466 1480 522 1537 hoc
541 1480 588 1537 est
605 1477 762 1554 capreolis,
779 1481 823 1553 ut,
842 1496 909 1536 cum
927 1476 1020 1555 tergis
1034 1477 1113 1537 forte
1132 1477 1224 1556 sagit

199 1570 248 1628 tas
267 1567 449 1645 exceperint,
468 1567 644 1643 confugiant
660 1565 743 1625 illico
763 1565 894 1626 adhunc
911 1566 1047 1641 herbam,
1067 1566 1225 1627 comedant

201 1677 267 1716 eam
290 1660 322 1717 et
343 1656 465 1736 sagittis
484 1657 574 1716 simul
597 1657 628 1715 et
645 1654 819 1716 vulneribus
839 1658 969 1714 careant
1002 1659 1119 1732 quauta
1138 1657 1225 1735 signa

200 1748 288 1806 istius
307 1746 380 1808 data
397 1747 469 1806 sunt
486 1745 608 1822 speciei,
627 1745 713 1804 cuius
731 1763 839 1804 nomen
858 1744 1001 1805 omissum
1020 1746 1078 1804 cstl
1113 1747 1223 1824 quippe
1237 1760 1256 1803 u

201 1839 231 1896 et
253 1837 336 1915 regio
360 1853 498 1913 expressa
528 1838 575 1895 cst
603 1835 635 1893 in
663 1854 724 1910 qua
752 1833 887 1894 nascitur
914 1836 944 1893 et
973 1853 1081 1894 nomen
1112 1835 1222 1896 editum

200 1926 311 1986 montis
334 1927 365 1984 et
386 1925 480 2001 ipsius
499 1922 629 1986 nominis
647 1924 783 2002 signum,
807 1922 928 1998 deinde,
953 1942 1018 1983 cum
1039 1922 1077 1983 ad
1097 1923 1222 2002 descrip-

200 2015 313 2075 tionem
336 2014 484 2092 praedicti
503 2012 648 2093 graminis
671 2013 838 2089 accederet,
861 2013 990 2090 caulem,
1013 2013 1129 2091 inquit,
1152 2015 1223 2075 facit

201 2108 232 2163 et
261 2107 427 2164 comantem
456 2104 559 2164 florem
589 2104 687 2163 colore
716 2122 881 2181 purpureo,
910 2122 1004 2162 mann
1032 2102 1122 2163 debet
1151 2104 1223 2177 tolli,

201 2214 269 2254 cum
287 2195 326 2253 ad
343 2213 415 2254 usus
433 2193 632 2253 remediorum
644 2194 832 2271 procuratur,
849 2192 941 2251 huius
955 2193 1102 2252 virtutem
1118 2208 1255 2271 capraea

201 2284 282 2342 ferae
305 2282 514 2360 prodiderunt,
543 2302 613 2343 nam
636 2283 712 2360 ipsa¹
727 2284 885 2357 curantur,
911 2281 1055 2358 quoniam
1077 2284 1223 2344 noverunt

201 2393 280 2448 eam,
304 2375 335 2432 ct
357 2372 491 2432 naturali
507 2370 657 2433 industria
673 2372 757 2449 ipsae
778 2370 836 2430 sibi
854 2374 993 2448 prosunt,
1016 2390 1086 2430 cum
1105 2372 1222 2451 sagittis

202 2464 393 2540 adpetuntur.
439 2481 562 2540 gramen
591 2461 757 2539 appellavit
783 2480 861 2521 novo
888 2459 1094 2539 usurpationis
1119 2481 1222 2540 genere

202 2553 317 2611 caulem
345 2551 444 2612 dicens
468 2552 555 2628 folia,
583 2554 717 2611 ceterum
740 2570 809 2611 vero
832 2552 952 2610 nomine
979 2548 1168 2610 dictamnum
1194 2553 1221 2611 in

200 2643 322 2719 regione
345 2660 400 2701 sua
423 2639 534 2700 dicitur
557 2641 717 2719 appellari,
744 2640 822 2699 unde
845 2638 984 2700 nonnulli
1006 2639 1049 2699 sic
1072 2641 1222 2716 exponunt
1235 2648 1255 2693 ιι

201 2732 280 2790 hunc
312 2732 423 2804 locum,
458 2734 494 2790 ut
526 2731 667 2790 adserunt
697 2729 867 2807 Vergilium
899 2730 1008 2789 dixisse
1040 2727 1221 2789 dictamnum

202 2821 337 2898 genetrix
356 2819 481 2880 Cretaea
500 2821 598 2896 carpit
621 2818 658 2878 ab
681 2816 751 2892 Ida,
775 2820 856 2895 quod
877 2817 1063 2896 usqueadeo
1087 2838 1149 2879 non
1173 2821 1221 2893 est

200 2912 248 2983 ut,
279 2910 305 2969 si
332 2912 488 2985 sequentia
517 2910 696 2985 coniungas,
726 2906 781 2965 fiat
809 2908 926 2968 vitium.
972 2908 1117 2968 dictamni
1147 2912 1222 2969 enim

202 2999 318 3058 caulem
337 2998 432 3058 dicere
456 2996 572 3072 debuit,
595 3014 655 3054 non
679 2995 865 3056 dictamnum
889 3000 1013 3058 caulem.
1050 2998 1159 3057 melior
1181 2998 1221 3058 est

274 3156 289 3203 3
312 3168 415 3207 messae
435 3150 469 3217 V,
493 3148 543 3203 sed
567 3147 638 3202 Don.
661 3165 745 3204 masse
765 3148 868 3219 legisse
886 3150 1002 3217 interpr.
1023 3147 1220 3217 docet,le

201 3220 281 3274 locus
301 3223 394 3291 periit.
451 3226 467 3275 d
482 3221 578 3291 poscit
589 3218 616 3274 V
634 3222 726 3290 carpit
742 3223 860 3289 propter
877 3235 992 3289 pravam
1013 3221 1220 3277 distinctionem

202 3293 246 3347 ed.
278 3296 280 3363 l
312 3296 429 3349 sursum
447 3292 472 3346 V
491 3290 535 3347 ad.
608 3294 679 3346 tut
701 3308 779 3347 rosor
802 3297 852 3347 out
875 3291 897 3345 a·
918 3290 966 3345 scd
984 3289 1010 3343 V
1027 3300 1059 3347 at
1076 3301 1144 3349 sumt
1160 3312 1182 3350 r.
1196 3310 1219 3348 o.

203 3365 265 3418 lilia
283 3365 329 3419 sed
347 3364 391 3419 ed.
451 3368 485 3418 13
503 3363 674 3431 maaser
687 3362 721 3418 V.
781 3368 814 3417 14
833 3378 867 3417 es
884 3362 1042 3417 culumbae
1055 3363 1081 3417 V
1096 3382 1165 3420 corr.
1180 3364 1219 3420 ed.

203 3440 236 3487 19
255 3434 534 3504 florcthl.cted.
566 3434 569 3503 l
601 3431 1221 3493 mmmoittolutccmvmaecdeoetcolt

202 3523 264 3560 eam
282 3523 333 3560 nos
351 3506 457 3575 partim
475 3522 529 3560 om.
548 3504 652 3574 partim
671 3509 741 3561 mut.
756 3504 800 3560 ed.
873 3508 908 3557 20
927 3512 1096 3573 procuratur
1113 3507 1140 3563 V
1159 3522 1219 3578 pro

198 3583 329 3633 curatum
354 3594 410 3634 csse
432 3577 551 3633 mancis
574 3576 617 3630 ed.
691 3583 726 3633 24
751 3576 838 3631 oliam
857 3573 884 3628 V
907 3577 966 3631 alic
989 3576 1043 3630 cdl
1065 3579 1139 3635 olias
1162 3576 1220 3633 edl'

188 3651 300 3707 caulem
321 3669 383 3708 nos.
410 3651 415 3725 l
439 3649 577 3709 dictum
597 3647 642 3703 ed.
712 3653 748 3703 st
765 3652 903 3715 :moena
921 3647 964 3702 ed.
1038 3653 1072 3703 28
1091 3648 1221 3706 dictamni

179 3725 258 3778 em'm
277 3724 306 3780 V
318 3726 364 3783 ed.
381 3728 459 3800 post.
477 3721 608 3796 corrupit
627 3720 674 3778 ed.
