2725 4150
530 336 758 393 Auunmosx
1087 340 1153 406 339

133 507 211 566 Idas
228 510 317 580 pater
339 511 366 566 et
378 507 483 581 patria
499 507 623 567 Ismara
643 506 731 565 mittit
744 505 917 580 pervectos
933 506 1037 566 sternit
1053 523 1154 566 cases:

134 596 302 673 conpendio
332 614 405 656 usus
435 599 494 671 est,
522 599 559 656 ut
587 595 684 656 omnis
714 595 804 655 simul
833 598 957 673 poneret
988 597 1021 656 et
1051 613 1152 655 eorum

134 686 232 745 exitus
247 685 303 745 sub
317 686 451 763 generali
465 685 682 765 significatione
695 683 847 745 bnnsiret
869 685 995 745 occurit
1001 684 1154 744 Halaesus

133 773 352 848 Auruauaeque
379 792 501 844 manus,
530 775 610 834 subit
640 778 667 833 et
699 774 852 849 Neptunia
880 775 994 848 moles,
1027 774 1154 849 iusiqnis

99 879 114 920 c
134 865 297 938 Messapus
319 864 415 937 equis.-
437 883 491 924 cur
511 863 565 924 isti
587 864 772 924 occursuint
794 863 916 940 dicitur,
939 863 1090 938 aqeoee,
1108 863 1154 923 in·

135 953 216 1029 quit,
243 953 366 1013 teudemt
385 971 466 1013 nuuc
486 953 518 1012 lu'
539 971 619 1013 muse
639 953 701 1012 illi:
732 952 772 1012 nd
797 952 854 1013 hoc
881 953 1059 1014 catervatim
1086 963 1218 1013 contos

134 1041 360 1121 gradiebantur,
369 1041 512 1120 quonium
525 1043 621 1102 ultera
633 1060 705 1119 pers
718 1042 871 1102 nitebatur
883 1041 1011 1103 retinere
1024 1043 1155 1103 solidum

135 1136 247 1207 terrae,
270 1132 367 1192 altere
389 1151 426 1190 ne
448 1132 533 1192 fieret
553 1131 739 1208 prohibebat.
775 1136 902 1191 certatur
924 1131 1024 1192 etum
1039 1133 1074 1192 iu
1089 1133 1154 1206 e'pso

134 1219 304 1280 Ausoniae:
325 1221 399 1281 bene
422 1219 500 1281 dixit
521 1219 613 1280 limen
635 1220 809 1298 provinciae
831 1221 921 1280 finem
937 1221 1030 1281 muris
1049 1223 1081 1282 et
1097 1222 1154 1281 ini·

88 1326 115 1366 ιο
134 1311 213 1368 tium
240 1313 347 1370 terreo.
398 1327 505 1385 utaque
534 1310 683 1370 discordes
712 1311 825 1371 cethem
854 1310 934 1369 ocuti
959 1310 1075 1384 proelia
1103 1328 1155 1370 eeu

135 1400 240 1458 tolluut
266 1400 376 1459 anienis
405 1404 432 1459 et
459 1400 574 1459 uiribus
602 1400 719 1474 aequus:
747 1399 804 1475 sic,
831 1398 945 1477 inquit,
973 1397 1021 1459 illi
1052 1401 1154 1477 aequis

134 1487 250 1548 visibus
263 1490 343 1548 inter
360 1507 392 1548 se
410 1488 642 1564 contendebant,
660 1488 810 1565 quomodo
828 1506 1054 1565 nonnumquam
1071 1490 1155 1549 venti

136 1578 237 1637 animo
259 1597 346 1655 peres
370 1580 402 1637 et
422 1579 493 1638 nisu
515 1577 696 1637 seinvicem
719 1581 866 1638 conentur
888 1577 1050 1638 excludere.
1094 1595 1155 1637 uon

134 1667 442 1740 spuentesque
466 1667 584 1736 nubila,
611 1684 672 1726 noa
697 1684 781 1727 mare
807 1667 893 1736 cedit,
920 1683 1028 1741 auceps
1049 1683 1155 1741 quqssa

88 1769 114 1810 1⁶
135 1756 201 1826 diu,
224 1760 305 1815 stam
325 1757 435 1816 obuiae
452 1757 553 1816 munia
570 1759 686 1816 eontra:
707 1775 769 1816 non
786 1755 845 1816 sibi
862 1755 1034 1816 cedentibus
1057 1756 1154 1816 ventis

135 1864 171 1904 en
199 1863 317 1921 quoque
345 1863 406 1904 non
432 1845 542 1905 cedunt
568 1864 647 1922 quae
672 1845 733 1922 ipsi
758 1845 878 1906 fletibus
906 1845 968 1905 suis
995 1843 1154 1906 saeviendo

135 1935 363 2011 commoverint,
385 1953 457 1993 num
478 1934 583 1994 nubile
605 1953 641 1993 nc
663 1952 759 2009 mure,
782 1935 853 1993 dum
871 1933 1069 1995 tundebantur
1086 1933 1155 1994 eliis

136 2027 168 2084 et
190 2041 206 2083 e
229 2022 346 2084 diverso
366 2022 434 2085 eliis
452 2022 651 2099 sistebantur,
668 2023 832 2085 manebunt
848 2043 909 2086 uno
926 2023 959 2085 in
977 2024 1052 2086 loco.
1083 2024 1217 2085 sauses

135 2114 222 2173 aliter
245 2114 394 2173 Troianae
423 2114 501 2174 actes
530 2115 663 2187 aciesque
685 2114 815 2175 Latinae
838 2118 1028 2174 manat:
1058 2114 1156 2174 haeret

88 2217 114 2256 so
131 2203 208 2277 pede
225 2220 281 2276 pes
303 2203 466 2276 aeneaeque
488 2204 553 2262 oiro
574 2204 636 2262 uir:
657 2202 726 2282 ipss
749 2208 794 2264 est
816 2203 896 2263 enim
919 2204 1073 2263 dimicatio
1096 2203 1155 2262 for·

134 2293 209 2365 tior,
239 2310 307 2351 cum
335 2311 396 2352 non
424 2291 603 2368 missilibus,
633 2292 685 2352 sed
714 2293 824 2371 glsdiis
853 2311 899 2353 res
926 2292 1055 2371 geritur,
1077 2292 1155 2351 bunc

136 2380 300 2440 dimicandi
323 2380 554 2442 obstinationem
575 2402 637 2442 unu
659 2401 750 2444 ceusu
768 2382 910 2456 faciebat,
930 2381 1010 2458 quod
1027 2380 1155 2441 victoris

135 2471 271 2547 partium
291 2469 324 2529 in
347 2489 382 2530 eo
405 2470 574 2546 constnbst,
597 2473 633 2530 ut
654 2471 703 2531 illi
731 2472 938 2549 contingerent
962 2473 1074 2529 terrem
1102 2472 1155 2529 snt

134 2560 182 2618 illi
205 2577 271 2618 eum
293 2561 391 2619 teneri
413 2579 473 2619 non
496 2559 636 2620 sinerent.

88 2662 114 2703 ss
208 2648 251 2707 Ae
274 2653 362 2722 parte
394 2666 428 2708 eu
461 2650 536 2719 alia,
569 2667 629 2722 qua
659 2666 736 2709 saaca
766 2648 896 2708 rotantia
928 2648 985 2707 late
1014 2647 1157 2707 intulerat

135 2742 249 2797 toueas
272 2739 450 2812 arbustaque
472 2739 573 2798 diruta
595 2739 683 2812 ripis,
705 2736 845 2797 Arcadas
867 2738 996 2796 insuetos
1014 2737 1092 2796 acies
1108 2737 1154 2795 e'u-

133 2829 214 2901 ferre
239 2828 384 2901 pedestris
411 2832 445 2887 ut
472 2828 547 2886 uidit
574 2828 678 2887 Pallas
708 2827 797 2886 Latio
827 2827 899 2886 clare
925 2830 1006 2901 lerqa
1028 2827 1216 2901 sequactsoo

135 2934 245 2990 aspera
258 2918 324 2991 quis
340 2920 453 2977 natura
471 2917 526 2975 loci
543 2916 686 2975 dimittere
704 2916 821 2990 quomo
839 2916 935 2975 suasit
951 2933 1047 2989 equos,
1060 2934 1153 2975 cauom

135 3006 213 3080 quod
235 3008 322 3065 rebus
343 3010 435 3066 restat
456 3006 565 3080 eqeue's,
588 3023 668 3064 nuuc
686 3022 785 3079 prece,
808 3022 888 3063 usqae
909 3005 994 3064 dietis
1020 3006 1154 3065 oietutem

88 3116 115 3155 eo
135 3095 268 3155 accendit
280 3097 408 3155 amaris:
421 3096 453 3154 in
468 3095 528 3154 elio
542 3095 642 3154 litoris
655 3095 722 3153 loco
735 3091 877 3153 describit
890 3094 1003 3153 exitum
1015 3093 1154 3154 habuisse

209 3306 224 3355 3
250 3303 380 3357 transiret
401 3300 427 3355 V
454 3301 597 3356 transisset
622 3299 648 3353 R
678 3298 838 3369 (supplente
862 3300 896 3368 r).
962 3300 1103 3354 boelaesus
1129 3298 1155 3351 It

132 3374 260 3457 belaum
285 3390 308 3426 r.
393 3378 411 3427 4
437 3372 515 3456 scebet
536 3371 595 3425 VR.
681 3377 698 3425 o
729 3372 898 3455 occurresiut
1006 3375 1084 3455 3reut
1110 3368 1153 3423 ed.

386 3442 734 3568 u

133 3586 247 3783 Ξὲῖιῖοἶε
270 3591 343 3799 05⁰(
368 3663 420 3784 dio
431 3663 476 3783 nal}
494 3585 834 3729 {genecoffllpeevom
849 3584 905 3711 egb
928 3588 1118 3721 &cumo-seirius
1130 3651 1178 3701 R-

199 3745 261 3783 aaa
297 3771 303 3781 .
405 3747 433 3784 re
478 3774 483 3783 .

985 3830 1043 3887 b‘b*
