2725 4150
191 322 236 386 40
476 316 928 373 sensuimuanenasns.

191 486 280 562 atqui
302 485 407 546 debuit
429 486 490 545 dici
512 489 723 564 sceptrumque
751 505 928 563 sacrumque
955 485 1069 561 tiaran,
1096 488 1132 544 ut
1160 485 1215 544 dat

191 571 369 651 simpliciter
390 578 528 652 poneret:
550 577 607 636 hoc
625 595 662 636 ne
680 575 861 648 silvistum,
884 575 927 636 sic
950 575 1133 636 ordinemus:
1156 575 1214 635 hoc

129 689 133 695 ·
190 664 306 724 Priami
326 668 481 742 gestamen
506 668 571 725 erat
593 667 624 724 et
642 664 717 724 dicit
739 685 815 742 quae
838 665 961 724 fuerunt
981 666 1016 724 in
1038 664 1214 743 gestamine,

191 757 357 831 sceptrum,
378 754 493 831 inquit,
516 757 547 814 et
569 773 653 815 sacer
673 755 784 830 tiaras,
811 755 842 812 et
864 754 922 813 erit
944 755 1063 833 integra
1084 754 1214 814 locutio:

191 844 250 904 fuit
268 864 339 922 ergo
362 846 516 922 gestamen
539 846 702 921 sceptrum,
725 844 828 903 tiaras.
872 844 904 902 in
927 843 1060 904 vestibus
1080 842 1215 902 Iliadum
1247 860 1259 900 s

190 933 368 993 feminarum
408 933 495 991 labor
532 932 694 1010 specialem
734 932 971 1012 designationem
1006 932 1119 1007 tenuit,
1155 933 1214 992 hae

191 1026 293 1082 autem
312 1041 388 1098 quae
406 1022 530 1082 fiierunt
547 1041 639 1080 manu
652 1022 784 1081 Iliadum
802 1023 901 1082 factae
916 1023 1097 1099 perindeque
1113 1020 1215 1081 meriti

190 1112 311 1172 levioris
329 1112 384 1171 sub
403 1111 599 1189 generalitate
618 1111 713 1170 latere
733 1111 911 1186 debuerunt,
934 1111 1006 1171 licet
1024 1111 1213 1171 commenda—

190 1202 282 1260 tionis
319 1201 428 1260 fuisset
464 1200 545 1276 quod
579 1201 625 1258 ait
653 1204 685 1260 et
719 1205 815 1262 vestes
847 1203 1019 1260 nostrarum
1051 1200 1215 1260 mulierum

190 1290 291 1349 labore
310 1289 470 1349 confectas.
504 1290 617 1348 tiaram
636 1290 712 1350 dixit
730 1291 867 1366 pilleum,
892 1307 950 1365 quo
969 1289 1103 1367 Phryges
1122 1292 1214 1349 utun·
1233 1307 1259 1348 ro

190 1380 255 1454 tur,
280 1397 350 1438 oum
377 1377 528 1438 celebrant
551 1397 649 1439 sacra:
677 1379 748 1439 inde
773 1398 889 1439 sacrum
914 1379 1002 1454 dixit,
1034 1380 1105 1455 quia
1129 1380 1215 1456 quod

190 1469 283 1528 sacris
306 1469 432 1527 interest
455 1486 573 1528 sacrum
595 1471 649 1529 est.

128 1569 180 1619 250
264 1558 385 1617 Talibus
412 1557 525 1616 Ilionei
551 1559 636 1617 dietis
658 1558 757 1630 deflua
779 1557 910 1616 Latinus
937 1558 1037 1616 obtutu
1058 1562 1132 1616 leuel
1158 1576 1215 1618 ora

190 1648 306 1720 soloque
330 1647 479 1705 immobilis
500 1647 599 1706 haeret
623 1648 747 1705 iuieutos
774 1646 892 1705 colueus
919 1647 1031 1705 oeulos:
1062 1664 1115 1705 uec
1137 1665 1214 1720 puu-

190 1754 269 1810 pura
305 1753 400 1809 regem
433 1737 515 1809 picta
550 1740 644 1794 mouet
678 1753 731 1794 uec
767 1739 881 1809 sceptra
916 1740 1029 1794 uacuam
1060 1736 1215 1797 Priameia
1234 1751 1259 1793 rs

190 1830 305 1884 tamum
332 1828 473 1897 quamtum
500 1825 534 1883 iu
561 1825 682 1883 conubio
709 1829 798 1884 maiae
825 1825 1009 1898 thalamoque
1030 1829 1164 1884 moretm
1188 1831 1216 1885 et

189 1914 294 1973 celeris
325 1914 430 1972 Fauni
460 1914 549 1973 volvit
580 1914 635 1972 sut
654 1982 656 1989 Ι
667 1917 783 1987 pectore
818 1917 938 1972 sortem:
977 1915 1055 1972 talia
1092 1914 1214 1992 quidem

190 2003 323 2061 Ilioneus
345 2005 502 2062 exsecutus
522 2005 616 2062 estet
639 2022 715 2081 quae
739 2003 847 2062 habuit
865 2003 977 2062 obtulit
998 2023 1136 2080 munera,
1160 2005 1214 2064 sed

190 2092 333 2152 Latinum
362 2093 434 2153 talis
465 2094 559 2153 animi
587 2092 716 2151 intentio
746 2094 857 2168 tenuit,
888 2097 923 2153 ut
951 2097 1071 2169 praeter
1099 2097 1215 2153 terram

190 2181 266 2241 nihil
298 2183 467 2241 attenderet
498 2201 580 2241 more
618 2182 733 2242 scilicet
769 2182 976 2260 cogitantium.
1022 2184 1101 2242 oculi
1133 2184 1215 2243 enim
1233 2200 1260 2240 m

191 2272 289 2348 sparsi
306 2290 360 2347 per
382 2272 480 2331 multa
497 2273 623 2331 trahunt
641 2291 760 2347 quoque
780 2273 913 2331 animum
932 2291 1044 2347 secum,
1068 2292 1146 2348 quae
1165 2293 1213 2333 res

190 2381 295 2421 verum
324 2360 483 2420 consilium
510 2381 571 2420 non
602 2364 703 2437 potest
729 2363 868 2437 reperire.
914 2360 1087 2439 diriguntur
1118 2362 1214 2441 igitur

191 2450 270 2510 oculi
287 2451 319 2509 in
337 2453 462 2525 terram,
485 2451 639 2528 colligitur
656 2452 765 2510 mentis
783 2450 910 2509 intentio
934 2470 969 2507 ex
988 2451 1213 2513 continuatione

189 2542 351 2615 tractatus,
386 2540 541 2616 quaesitus
575 2559 674 2598 rerum
709 2540 804 2598 exitus
838 2539 999 2599 invenitur.
1044 2541 1135 2599 multi
1163 2543 1213 2603 hic

190 2630 308 2688 faciunt
331 2629 535 2705 quaestionem
563 2628 694 2688 dicentes
724 2629 751 2687 si
777 2629 922 2703 intentos,
951 2649 1043 2705 quare
1067 2631 1213 2691 volvens?
1231 2645 1258 2686 as

191 2720 279 2793 quasi
301 2720 366 2777 toto
390 2718 582 2796 cogitationis
604 2718 703 2794 spatio
722 2717 880 2777 inmobiles
904 2719 981 2777 oculi
1004 2720 1101 2777 teneri
1123 2724 1212 2797 potu-

189 2806 291 2880 issent,
311 2806 391 2882 quod
409 2810 455 2867 est
473 2810 577 2866 contra
595 2810 745 2866 naturam.
782 2809 860 2867 certe
879 2810 910 2866 et
923 2808 1000 2866 illud
1015 2810 1213 2884 sentiendum,

190 2895 334 2972 quoniam
356 2897 519 2955 tacitarum
542 2897 759 2974 cogitationum
782 2898 828 2956 est
854 2916 973 2956 movere
1001 2899 1117 2973 oculos,
1144 2918 1212 2959 cum

190 2984 284 3044 animi
307 2987 406 3044 aestus
429 3006 484 3062 per
506 2986 625 3045 diversa
647 2987 816 3063 rapiuntur,
838 2984 884 3044 ita
908 3007 966 3064 quo
990 2987 1060 3047 ierit
1077 2988 1211 3048 redierit-

190 3094 249 3151 que
268 3074 386 3134 animus
406 3075 560 3134 oculorum
584 3076 678 3153 signis
702 3074 857 3135 consuevit
879 3077 1041 3136 ostendere.
1078 3078 1259 3138 intentasse

263 3286 277 3334 1
298 3282 376 3349 atqui
394 3298 448 3334 om.
463 3280 508 3335 ed.
529 3280 533 3351 1
553 3281 649 3335 tiaram
667 3281 718 3335 dot
734 3282 895 3350 siumlieiier
908 3281 1060 3350 peuereiV
1080 3290 1098 3337 i.
1113 3290 1145 3338 ui
1163 3284 1214 3339 aar

190 3368 458 3492 iustitia
474 3352 546 3477 nug
557 3350 859 3478 mittitis
876 3358 937 3477 ²⁴³5*
952 3356 1148 3480 iutuitu·
1167 3355 1211 3480 {t

189 3496 255 3561 post
275 3496 364 3549 tiaras
384 3494 486 3549 lemma
504 3495 589 3549 iliad.
609 3495 663 3550 lab.
682 3501 745 3548 aest.
765 3494 894 3563 interpol.
914 3494 984 3549 edF.
1059 3501 1074 3548 7
1095 3470 1213 3564 perinde

177 3580 239 3629 quo
262 3564 474 3635 Vpem‘udeque
497 3583 547 3620 nos
573 3566 739 3636 perindeque
758 3574 845 3621 esseut
867 3566 910 3619 ed.
985 3570 1018 3620 10
1036 3569 1143 3636 pileum
1166 3569 1211 3625 ed.

166 3636 207 3680 12
221 3636 319 3689 saone
337 3639 455 3695 mmm
475 3637 501 3693 V
522 3639 562 3696 ad
583 3656 668 3697 sacra
689 3638 788 3694 atiiuct
810 3638 855 3692 ed.
927 3642 960 3691 ts
984 3645 1141 3706 prosecutus
1166 3641 1212 3697 ed.

152 3701 192 3747 23
209 3706 320 3759 emam
348 3708 408 3765 Vt.
432 3719 461 3769 ei
478 3712 527 3772 ed.
605 3720 641 3770 24
660 3709 845 3770 tracimmv
865 3715 902 3764 tr.
921 3725 955 3762 oe
972 3709 1018 3762 ed.
