2725 4150
548 354 791 410 muumosm
1114 358 1179 425 517

161 527 263 599 huius,
291 526 405 601 inquit,
433 527 549 602 pectus,
573 542 641 583 cum
663 523 806 583 adversus
828 523 957 599 veniret,
980 525 1072 602 longa
1093 524 1182 585 hasta

161 613 423 674 transverberavit.
469 632 534 673 ecee
557 613 625 672 laus
646 613 746 688 prima
763 611 916 689 bellantis,
934 615 1114 689 praeventus
1137 617 1183 673 est

161 704 257 762 hostis
280 704 444 781 antequam
466 702 566 780 potior
583 702 680 776 fieret,
703 704 881 779 praeventus
905 705 1033 762 estnon
1056 700 1183 778 insidiis,

163 793 214 850 sed
246 792 403 852 velocitate
436 791 592 867 certantis3
628 809 725 867 neque
762 792 843 850 enim
878 790 979 853 videre
1015 789 1183 851 venientem

132 903 143 941 s
161 882 284 959 plagam
297 901 358 941 non
371 881 473 958 potuit
486 882 540 959 qui
553 879 694 940 veniebat
707 878 859 941 adversus.
882 880 1182 942 transverberationis

161 971 330 1031 intellectus
353 972 405 1030 ille
430 973 487 1046 est,
511 974 623 1030 utnon
646 968 741 1028 iotum
759 969 855 1030 levem
878 973 914 1030 ut
932 972 1054 1046 cautus,
1077 969 1130 1030 sed
1147 973 1184 1030 ut

160 1059 323 1137 inprudens
347 1079 382 1119 ao
400 1061 516 1120 nescius
534 1061 634 1119 totum
650 1058 796 1135 receperit
818 1062 946 1136 pectore.
979 1059 1115 1119 ferientis
1134 1060 1184 1120 hie

160 1150 228 1208 laus
252 1153 311 1225 est,
335 1169 413 1226 quae
437 1149 480 1209 sic
503 1148 644 1208 direxerit
661 1149 794 1224 hastam,
812 1151 847 1207 ut
864 1147 1066 1226 praevidendo
1085 1151 1184 1210 caveri

160 1258 221 1297 non
244 1242 353 1316 posset.
399 1239 556 1314 sanguinis
577 1238 627 1296 ille
648 1255 767 1296 uomens
788 1238 868 1297 riuos
891 1239 984 1298 eadit:
1009 1259 1044 1298 ex
1066 1239 1184 1318 ingenti

117 1348 142 1386 ιο
161 1330 241 1387 enim
263 1329 393 1404 pectoris
415 1329 508 1407 plaga
529 1330 613 1387 totus
632 1326 725 1386 semel
742 1326 865 1406 sanguis
883 1327 994 1388 effusus
1013 1331 1066 1388 est.
1099 1333 1184 1401 atque

162 1422 312 1476 eruentem
344 1418 459 1477 mandit
487 1418 609 1476 temtum
635 1417 818 1489 moriensque
847 1433 901 1475 suo
933 1430 968 1476 se
996 1417 1029 1475 in
1064 1417 1184 1476 uulnere

160 1511 272 1565 uersat:
290 1506 430 1566 cadentes
449 1508 529 1565 enim
545 1506 700 1581 repentino
718 1506 782 1565 ictu
800 1506 938 1565 mordent
952 1504 1034 1582 quod
1046 1505 1184 1566 fortassis

161 1597 335 1672 occurrerit3
357 1597 415 1655 iste
437 1597 534 1674 igitur
555 1595 694 1655 mordens
715 1597 827 1654 terram
850 1596 881 1654 et
904 1595 1014 1656 crebris
1031 1595 1089 1654 hoc
1106 1612 1183 1653 mor-

162 1685 243 1746 sibus
273 1686 386 1745 faoiens
414 1685 550 1744 vertebat
579 1703 610 1744 se
640 1687 671 1743 et
699 1685 732 1742 in
762 1703 817 1743 suo
847 1703 878 1744 se
908 1703 1012 1744 cruore
1034 1683 1184 1744 volvebat

117 1797 143 1837 rs
161 1776 217 1833 hoo
241 1774 364 1834 dicendo
389 1775 521 1834 ostendit
539 1794 609 1833 eum
625 1774 691 1833 tam
708 1774 842 1851 graviter
859 1793 1046 1851 percussum,
1068 1775 1103 1833 ut
1120 1773 1185 1833 illio

163 1864 281 1923 caderet
304 1864 357 1923 ubi
380 1864 534 1923 confossus
558 1865 611 1923 est.
662 1862 743 1940 quod
765 1881 836 1922 vero
859 1864 984 1923 adsidue
1006 1863 1185 1923 volvebatur

161 1955 193 2012 in
225 1955 335 2013 vulnus
368 1956 399 2013 et
428 1957 540 2013 terram
572 1951 747 2030 mandebat‚
780 1971 872 2028 quam
902 1953 1056 2032 rigaverat
1087 1971 1184 2029 cruor,

162 2042 326 2122 apparebat
355 2063 424 2102 eum
454 2042 586 2120 aliquem
615 2041 713 2102 adhuc
743 2059 863 2102 sensum
892 2041 1002 2103 doloris
1034 2042 1182 2104 habuisse.

162 2138 224 2191 tum
245 2134 345 2192 Lirim
366 2134 573 2208 Pagasumque
602 2135 706 2206 super:
737 2132 860 2191 Eunaeo
890 2131 1007 2192 addidit
1030 2130 1124 2193 Lirim
1153 2136 1184 2193 et
1194 2138 1246 2188 6⁷0

117 2246 143 2284 ao
161 2223 321 2301 Pagasum.
345 2240 469 2295 quornm
482 2222 710 2291 alten—habenas
728 2222 841 2294 suffuso
859 2221 1006 2281 revebetus
1024 2238 1094 2295 equo
1113 2222 1184 2281 dnm

162 2313 280 2387 colligit,
305 2313 388 2381 alter,
411 2312 482 2371 dum
504 2313 584 2371 subit
601 2315 627 2370 et
645 2312 778 2370 deutrum
797 2310 910 2369 labanti
927 2309 1019 2368 tendit
1035 2310 1183 2380 inermum,

159 2403 334 2475 praeupues
358 2403 529 2475 pariterque
557 2404 657 2459 ruunt.
711 2418 779 2460 cum
808 2398 886 2458 Liris
917 2399 1005 2475 lapsu
1034 2397 1106 2474 equi
1135 2398 1184 2458 de·

162 2494 265 2566 ceptus
294 2490 428 2550 habenas
458 2489 598 2568 colligere
627 2489 787 2563 niteretur,
815 2487 917 2548 omisit
939 2487 1099 2547 tuitionem
1121 2505 1183 2547 cor·

162 2581 243 2654 poris
267 2581 330 2655 sui,
353 2579 502 2657 Pagasas,
526 2598 595 2638 cum
612 2580 699 2655 lapso
718 2576 866 2638 auxilium
883 2578 976 2637 ferret
993 2579 1024 2636 et
1041 2578 1185 2637 inermem

117 2689 143 2728 ss
163 2667 315 2728 dexteram
351 2669 437 2746 lapso
473 2669 642 2747 porrigens,
679 2667 838 2727 discrimen
874 2667 1022 2726 inminens
1059 2668 1184 2743 uterque

162 2758 258 2817 vitare
286 2777 346 2817 non
373 2760 488 2835 potuit,
516 2756 558 2818 sio
585 2758 700 2817 factum
727 2758 773 2815 est
799 2759 835 2816 ut
861 2756 976 2832 pariter
998 2757 1184 2816 necarentur.

162 2849 208 2906 bis
244 2848 328 2906 addit
356 2845 531 2907 Amastrum
566 2846 758 2920 Hippotaden
793 2847 979 2919 sequiturque
1014 2845 1185 2904 incumbens

163 2938 277 2995 eminus
299 2937 402 2996 tastu:
419 2936 593 2996 Amastrum
616 2954 737 3013 quoque
756 2934 939 3012 Hippotadis
962 2934 1058 2993 filium
1076 2934 1185 2993 stravit

161 3028 251 3085 hasta
269 3045 442 3103 percussum
460 3024 637 3103 addiditque
654 3025 702 3084 his
721 3023 776 3102 qui
793 3042 886 3100 supra
905 3023 979 3083 dicti
996 3025 1069 3083 sunt
1087 3024 1184 3082 strati.

236 3185 249 3232 1
265 3177 402 3233 ueneritV
416 3180 484 3233 -e'ret
496 3195 547 3232 nos
561 3179 644 3233 -isset
657 3177 700 3231 ed.
746 3182 937 3245 apraeemtus
946 3175 1019 3231 eatV
1029 3181 1130 3230 estom.
1139 3174 1182 3228 ed.

163 3257 255 3306 bnon
269 3249 402 3319 potuitV
419 3266 476 3305 non
494 3266 548 3304 om.
563 3250 607 3304 ed.
627 3249 719 3373 ,tw
736 3247 763 3302 V
785 3250 852 3317 quia
875 3247 918 3302 ed.
948 3248 951 3318 l
981 3247 1184 3302 transuerbera-

162 3324 247 3377 tionis
260 3320 286 3374 V
303 3324 359 3377 uim
377 3321 442 3376 add.
461 3337 608 3390 perperam
649 3319 805 3389 'stingnens
824 3319 868 3373 ed.
942 3323 957 3371 6
979 3324 1030 3374 aut
1047 3324 1145 3373 cautus
1158 3317 1185 3372 V

163 3393 291 3448 corred.
314 3394 317 3465 l
338 3393 385 3448 aed
399 3391 646 3448 utVntom.ed.
704 3389 900 3445 lbieVbaeo
913 3389 956 3443 ed.
1013 3393 1047 3443 10
1065 3388 1184 3443 semetV

161 3466 246 3520 amul
273 3465 316 3519 ed.
401 3469 432 3519 11
461 3480 489 3519 ee
516 3465 548 3518 in
573 3480 624 3519 esee
647 3462 681 3517 V.
769 3468 802 3516 12
830 3461 903 3531 quod
925 3460 951 3514 V
977 3460 1112 3530 quidquid
1139 3459 1184 3513 sd.

164 3542 197 3591 19
217 3536 338 3591 enan
357 3535 476 3591 Etmaeo
493 3551 544 3589 nos
563 3551 617 3589 om.
632 3534 675 3590 ed.
754 3539 788 3588 20
811 3534 926 3601 suffosso
949 3532 992 3585 ed.
1071 3537 1103 3585 21
1128 3532 1184 3588 cot-

163 3610 229 3678 teqit
250 3607 283 3661 V.
322 3611 325 3679 1
364 3614 390 3662 et
413 3607 538 3662 simmam
560 3606 586 3660 V
611 3623 646 3661 ae
670 3605 697 3660 d.
722 3605 764 3660 ed.
791 3606 820 3659 et
846 3603 975 3673 plerique
1000 3602 1085 3673 Verg.
1108 3601 1183 3657 libri.

163 3686 197 3733 23
224 3681 318 3733 amint
343 3678 386 3733 ed.
463 3684 498 3732 24
523 3683 647 3734 mem
667 3676 694 3731 V
715 3693 782 3730 oorr.
805 3675 848 3730 ed.
922 3679 956 3729 28
981 3674 1139 3744 bsppotadia
1158 3674 1184 3728 V

163 3767 255 3807 errore
274 3750 380 3805 Donati
397 3766 448 3819 pro
466 3748 618 3818 Hippotae.
692 3753 726 3802 29
746 3746 866 3805 stratiV
889 3752 941 3803 str.
958 3762 1017 3802 esse
1034 3746 1086 3799 ed.
