2725 4150
557 353 811 408 mrnmosxn
1129 359 1193 426 621

170 524 333 584 venientem
354 525 497 599 prospicit
522 525 644 591 hostem,
673 523 780 581 incessi
808 539 921 592 moros,
951 524 1029 598 ὶρηῑε
1057 523 1097 583 oct
1124 528 1196 585 moto

171 614 285 683 colore,
304 631 454 688 sosptem
471 613 548 672 acies
567 615 668 672 conto
685 612 828 681 Rototos,
850 612 935 671 notio
952 613 1073 687 opmiao
1092 614 1196 673 Tarni.

171 704 322 778 quantum
344 704 415 763 huic
438 703 520 762 dedit
549 699 745 761 verecundiae
772 704 803 760 et
825 701 973 760 cautelae!
1005 701 1123 780 regine,
1153 703 1196 761 in·

173 792 255 867 quit,
279 810 347 852 cnm
370 812 386 850 e
408 791 495 852 tectis
514 790 577 850 suis
595 790 744 849 bellorum
763 791 951 867 opperiretur
970 794 1108 851 eventus:
1132 810 1198 852 eoce

139 881 323 940 eomiosam
345 882 458 942 fecerat
486 881 583 940 metus
614 882 645 938 et
673 879 743 938 inde
766 879 922 956 spectabat
950 879 1023 957 quid
1045 883 1198 958 gereretm

171 969 204 1028 in
222 988 330 1047 campo
348 971 403 1029 ubi
419 970 487 1046 ipsa
505 969 634 1046 spectari
646 988 708 1028 non
725 971 839 1045 posset,
857 988 917 1028 non
934 968 993 1029 ivit
1011 969 1050 1028 ad
1069 970 1197 1030 alienam

173 1058 309 1134 domum,
327 1060 380 1120 sed
398 1077 455 1120 sua
472 1062 553 1118 tecta
572 1057 752 1118 conscendit.
783 1076 868 1118 amor
889 1077 956 1118 eam
974 1059 1066 1118 talem
1085 1060 1198 1119 fecerat

172 1148 277 1226 generi
298 1151 330 1208 et
359 1151 463 1209 conta
484 1147 608 1208 Aenean
638 1147 730 1206 semel
759 1149 898 1224 suscepta
927 1149 1083 1208 sententia.
1129 1168 1197 1208 cum

172 1238 270 1316 igitur
296 1240 430 1298 demeret
458 1237 559 1298 venire
586 1237 626 1297 ad
651 1236 756 1296 urbem
783 1237 923 1296 hostilem
953 1257 1089 1313 manum,
1119 1257 1197 1314 quae

126 1346 154 1386 ιο
173 1328 324 1387 malorum
345 1328 451 1405 procul
469 1326 561 1386 dubio
583 1326 705 1385 initium
722 1326 826 1400 ferret,
850 1326 988 1386 accedere
1007 1329 1099 1387 etiam
1118 1328 1197 1404 quod

172 1416 375 1491 pulsabantur
391 1418 483 1491 muri,
502 1416 583 1494 quod
596 1415 722 1475 volabat
738 1416 817 1494 ignis
835 1415 867 1474 in
885 1419 980 1491 tecta,
999 1417 1080 1492 quod
1096 1418 1197 1479 nullus

173 1505 313 1566 defensor
345 1505 462 1581 aderat,
495 1504 568 1582 quid
600 1503 685 1564 dabit
717 1505 887 1564 coniectura
917 1507 1064 1565 metuenti
1095 1508 1198 1567 casum

172 1593 269 1654 Turni
291 1594 351 1655 nisi
374 1595 456 1671 quod
477 1595 579 1672 potuit
607 1595 755 1653 moritura
781 1593 912 1654 sentire?
944 1594 1089 1672 quioquid
1119 1595 1198 1655 enim

171 1685 336 1744 metuimus
353 1683 420 1743 fieri
437 1685 470 1743 in
486 1683 609 1744 incertis
622 1684 680 1743 hoc
698 1683 790 1743 etiam
807 1684 885 1744 falso
904 1684 1058 1745 sentimus.
1086 1683 1197 1746 idcirco

128 1792 155 1833 ιι
172 1773 218 1832 ait
239 1773 346 1847 infelice
363 1791 485 1848 mooe
506 1774 641 1832 neronem
667 1773 700 1831 io
730 1775 886 1832 certamine
912 1774 1003 1832 credit
1029 1775 1198 1834 extinctum:

172 1861 323 1922 infelicem
336 1864 412 1921 mire
426 1863 527 1940 posuit
545 1881 623 1938 quae
636 1864 701 1921 tam
714 1862 774 1921 cito
789 1882 867 1938 quae
880 1863 1013 1921 nondum
1027 1863 1199 1924 acciderant

173 1955 308 2011 extrema
326 1952 421 2011 Turni
438 1951 580 2012 sensisset
598 1970 736 2028 quaeque
755 1955 833 2011 esset
850 1953 997 2011 moritura
1015 1952 1084 2012 vivo
1099 1953 1197 2013 adhuc

173 2059 208 2101 eo
228 2059 318 2119 quem
335 2040 480 2121 diligebat
497 2044 533 2101 ut
549 2044 653 2102 mater.
686 2044 713 2101 et
724 2042 819 2101 sabito
832 2045 955 2100 meatem
968 2043 1087 2102 turbata
1100 2043 1197 2104 dolore

173 2148 204 2190 se
234 2148 357 2190 coosooe
386 2132 494 2191 clamat
523 2132 687 2205 cmmemores
716 2135 859 2205 eopotqoe
887 2132 1048 2192 motorum:
1079 2133 1196 2193 subitus
1207 2145 1259 2193 eoo

134 2237 157 2277 eo
174 2220 259 2280 dolor
283 2239 350 2279 cum
373 2220 414 2280 sit
436 2220 542 2281 solitus
572 2220 663 2279 etiam
688 2220 821 2295 quietam
844 2221 980 2297 turbare,
1011 2224 1078 2280 tum
1100 2223 1196 2300 magis

173 2309 332 2369 confundit
354 2327 456 2369 sensus
480 2327 556 2385 quos
587 2327 747 2387 suspensos
770 2310 926 2370 invenerit.
970 2309 1039 2369 inde
1062 2310 1129 2386 plue
1152 2311 1196 2370 in-

174 2398 246 2457 felix
268 2398 354 2458 inani
376 2398 547 2458 coniectura
574 2399 719 2474 conpulsa
746 2402 792 2459 est
819 2402 849 2459 et
871 2399 902 2457 in
929 2398 1085 2476 repentino
1108 2401 1197 2476 male,

174 2487 333 2547 accedente
349 2506 384 2547 eo
399 2487 480 2565 quod
492 2487 605 2547 femina
619 2506 705 2547 sexus
724 2490 773 2547 sui
790 2488 914 2548 levitate
932 2488 1055 2548 turbata
1073 2488 1196 2549 circum-

174 2579 311 2653 spectum
340 2577 497 2636 consilium
524 2577 634 2636 habere
663 2596 725 2635 non
751 2579 861 2654 potuit.
907 2578 1057 2637 clamabat
1079 2596 1110 2638 se
1134 2597 1196 2639 esse

135 2680 158 2721 es
173 2666 322 2725 malorum
352 2667 485 2725 omnium
512 2669 605 2742 caput
627 2686 704 2743 quae
732 2668 808 2727 nihil
837 2667 961 2740 iecerat,
990 2670 1095 2744 utpote
1119 2687 1197 2744 quae

173 2755 285 2814 marito
308 2754 452 2814 incolumi
474 2756 510 2815 de
532 2756 613 2815 filiae
636 2757 752 2832 nuptiis
774 2757 907 2816 iudicare
929 2775 989 2814 non
1009 2756 1122 2833 potuit,
1146 2758 1197 2816 sed

173 2847 296 2903 tantum
317 2863 372 2920 pro
395 2846 489 2903 Turni
511 2845 648 2921 partibus
671 2845 738 2905 nisa
761 2849 866 2905 contra
887 2846 990 2904 mariti
1007 2847 1196 2906 sententiam.

173 2935 290 2993 interea
307 2951 377 2992 mox
395 2952 458 2994 sese
477 2934 516 2993 ad
534 2934 628 2993 animi
646 2934 694 2995 sui
712 2933 862 2994 destinata
880 2934 1029 2995 convertit
1048 2939 1078 2995 et
1096 2939 1197 2996 secuta

174 3026 220 3083 est
233 3021 316 3099 quod
329 3023 436 3082 habuit
449 3027 671 3100 praeparatum.
690 3023 864 3100 prodiderat
877 3024 956 3083 enim
970 3023 1197 3101 dispositionem

135 3124 158 3166 to
174 3130 275 3185 suam,
312 3130 381 3172 oum
416 3112 552 3189 inparem
585 3112 722 3173 iudicans
755 3134 844 3190 quem
880 3113 1021 3189 cupiebat
1055 3134 1197 3193 generum

246 3250 262 3300 ὅ
282 3248 442 3315 expectabat
460 3247 486 3301 V
505 3247 549 3301 ed.
622 3254 800 3317 oeapeeoare
817 3248 843 3302 V
862 3249 905 3302 ed.
980 3254 1013 3303 11
1030 3249 1198 3317 pulsabatur

174 3319 245 3373 mori
263 3317 290 3371 V
311 3320 464 3387 potabatur
486 3320 556 3374 mori
579 3319 622 3373 ed.
697 3325 730 3372 12
754 3321 832 3375 dabit
849 3320 875 3374 V
894 3320 936 3375 ed.
958 3321 1040 3375 tabet
1061 3320 1104 3374 ed.
1123 3321 1196 3387 poet.

174 3390 280 3444 dotat?
301 3388 304 3460 l
324 3390 463 3444 marcidi
481 3390 524 3444 ed.
581 3394 615 3443 20
634 3392 754 3459 quietam
767 3391 793 3445 V
808 3391 861 3445 edI
879 3398 992 3447 olentem
1011 3394 1062 3445 aut
1080 3390 1197 3446 audien-

175 3460 243 3513 dum
262 3462 306 3514 eet
325 3476 359 3514 ex
376 3461 510 3516 lemmate
528 3463 579 3515 aut
597 3462 703 3515 excidit
721 3464 841 3531 qoniam
860 3463 930 3517 edF.
1009 3469 1041 3517 21
1066 3464 1131 3531 poet
1152 3464 1197 3516 io-

174 3532 244 3598 fcli‘c
268 3531 340 3585 mihi
365 3532 480 3600 quidem
505 3533 578 3601 qaod
603 3533 741 3588 excidisse
765 3534 877 3588 videtur
902 3534 937 3589 cf.
961 3539 986 3600 3,
1005 3539 1049 3601 50,
1073 3536 1196 3588 ceterum

174 3603 263 3657 totius
278 3602 334 3657 loci
348 3604 491 3658 sententia
505 3605 714 3658 contortissima
728 3607 779 3660 eet.
825 3610 859 3658 23
873 3606 979 3661 accedit
992 3607 1035 3661 ed.
1082 3610 1115 3658 26
1129 3605 1197 3672 pileis

174 3676 282 3740 aare
296 3673 401 3729 Vcorr.
417 3676 461 3730 ed.
536 3681 570 3730 2⁷
591 3682 675 3735 arao
693 3676 857 3749 portibosV
878 3677 1013 3733 samad.
1076 3681 1119 3727 ‘aa
1134 3690 1214 3727 sem.-

164 3748 223 3796 tum
242 3744 285 3797 ed.
361 3750 397 3799 30
415 3764 479 3805 eum
494 3748 522 3805 V
537 3750 583 3806 ed.
605 3769 671 3809 cam
690 3770 756 3810 nos.
