2725 4150
202 314 268 378 472
485 308 626 365 DONATI
643 309 815 366 INTERPR.
828 308 937 364 VERG.

202 475 286 555 dixit,
300 478 353 540 sed
366 498 421 557 pro
435 479 555 540 vilibus.
587 480 754 539 sternamur
772 476 895 556 campis,
913 498 967 555 per
985 477 1083 538 omnis
1103 496 1234 557 campos

201 569 364 630 iacebimus
387 568 455 630 fusi.
500 568 658 628 inhumata
679 567 843 645 infletaque
864 567 967 643 turba,
996 585 1058 627 non
1079 566 1233 629 habentes

202 661 349 719 solacium
366 657 559 718 lacrimarum
574 660 629 716 aut
644 657 821 718 beneficium
838 656 1018 734 sepulturae.
1051 675 1149 734 quam
1168 658 1234 719 vim

201 749 312 809 habeat
333 747 517 808 humationis
535 745 749 807 detrimentum
766 746 835 807 aliis
854 745 928 806 locis
946 748 1037 823 poeta
1054 746 1233 822 perdocuit:

201 858 275 914 uno,
298 857 366 897 cum
383 837 549 913 Euryalum
571 838 668 896 mater
690 836 804 896 doleret
827 834 958 895 occisum
980 830 1027 915 (93
1040 831 1131 913 485),
1155 836 1233 912 „ali-
1262 853 1273 894 1

200 929 295 1002 tibus,
313 928 426 1005 inquit,
445 927 581 1004 linquere
599 926 671 986 feris
690 927 745 985 aut
762 924 881 1004 gurgite
899 942 1030 984 mersum
1047 924 1132 983 unda
1153 926 1233 987 feret

201 1019 357 1094 piscesque
370 1017 486 1093 inpasti
499 1015 625 1075 vulnera
638 1013 804 1075 lambent“.
832 1014 915 1090 „heu
926 1017 1009 1074 terra
1024 1016 1132 1092 ignota
1148 1016 1232 1076 cani·

201 1107 257 1165 bus
288 1106 357 1164 date
391 1104 503 1182 praeda
532 1103 650 1164 Latinis
684 1104 867 1181 alitibusque
899 1102 979 1164 iaces
1011 1121 1065 1163 nec
1094 1105 1142 1180 te,
1176 1108 1233 1165 tua

201 1197 309 1254 funera
323 1196 420 1252 mater
436 1193 565 1271 produxi
583 1193 715 1271 pressive
735 1194 838 1253 oeulos
856 1196 911 1253 aut
923 1193 1048 1253 uulnera
1061 1191 1126 1252 lavi
1145 1197 1232 1254 veste

201 1281 328 1361 tegeus“
343 1275 431 1364 (haec
445 1282 471 1342 si
485 1283 674 1358 omittantur,
688 1282 728 1342 ad
741 1283 872 1360 corporis
888 1281 1030 1342 iniuriam
1043 1276 1231 1366 pertinent)3
1249 1303 1272 1344 u

203 1373 297 1432 altero
321 1371 456 1432 adseruit
479 1371 552 1449 quid
573 1370 648 1432 mali
677 1372 801 1431 accedat
828 1373 920 1431 etiam
943 1372 1060 1431 animae
1083 1371 1152 1432 eius
1176 1373 1232 1450 qui

202 1464 343 1521 humatus
361 1480 422 1520 non
441 1461 494 1536 sit3
516 1480 577 1520 11011
595 1462 676 1520 enim
693 1461 820 1521 fluvium
837 1459 949 1520 transit
965 1460 1130 1535 infernum,
1151 1462 1232 1523 010110

201 1552 235 1610 in
257 1553 340 1611 sexto
360 1551 438 1610 libro
461 1542 557 1632 (325)
580 1550 692 1609 lectum
715 1568 779 1610 esse
801 1549 991 1609 meminimus
1013 1549 1160 1626 loquente
1185 1550 1230 1612 Si·

202 1641 286 1717 hylle
314 1642 345 1698 et
367 1641 490 1699 Aenean
518 1639 642 1699 docente
669 1640 727 1698 hoc
753 1638 856 1698 modo:
885 1640 981 1714 „haec
1009 1637 1105 1699 omnis
1134 1659 1231 1717 quam

202 1730 298 1792 cernis
321 1731 408 1805 inops
430 1729 647 1805 inhumataque
670 1727 760 1787 turba
783 1729 841 1803 00ος
867 1729 996 1805 portitor
1017 1727 1069 1788 ille
1094 1726 1270 1808 Ghar0n31s

202 1821 236 1880 hi
259 1837 333 1898 quos
356 1819 439 1880 vehit
460 1817 544 1878 unda
566 1818 691 1896 sepulti,
715 1835 770 1876 nec
792 1815 873 1893 ripas
898 1817 987 1877 datur
1008 1816 1178 1880 horrendas
1201 1822 1231 1880 et

202 1928 296 1970 rauca
317 1909 432 1967 fluenta
453 1909 659 1984 transportare
680 1907 765 1984 prius
789 1924 882 1984 quam
904 1907 1023 1966 sedibus
1050 1924 1119 1967 ossa
1143 1911 1229 1986 quie·

202 2001 287 2075 runt,
307 2000 427 2058 centum
446 2000 547 2056 errant
565 2015 658 2056 annos
676 1996 867 2071 volitantque
884 1996 958 2055 haec
976 1997 1068 2057 litora
1086 1997 1231 2059 circum.“

202 2091 259 2149 hae
278 2091 350 2149 sunt
367 2089 592 2147 inhumatorum
609 2106 737 2163 poenae,
755 2087 792 2145 ut
810 2104 912 2145 eorum
930 2105 1056 2164 corpora
1073 2087 1231 2151 lanientur

204 2182 235 2238 et
257 2176 382 2238 diversis
406 2176 582 2237 subiaceant
608 2175 712 2236 bestiis
742 2177 773 2234 et
800 2194 904 2235 eorum
933 2175 1065 2251 animae,
1095 2195 1168 2237 cum
1191 2179 1231 2240 ad
1246 2195 1270 2236 ss

202 2269 314 2328 inferos
337 2264 486 2341 venerint,
510 2266 637 2327 fluvium
659 2264 843 2326 sollemniter
864 2265 991 2324 transire
1018 2284 1078 2325 non
1101 2267 1230 2343 possint

203 2360 277 2417 haec
294 2358 387 2434 paulo
406 2355 535 2433 amplius
550 2357 685 2433 evagati,
708 2354 781 2430 quia
799 2355 883 2414 locus
897 2353 1027 2429 sinebat,
1045 2354 1230 2419 tradidimus

203 2445 309 2521 latius,
328 2447 459 2505 ceterum
478 2444 648 2504 amaritudo
666 2442 794 2504 Drancis
813 2445 869 2503 hoc
888 2445 995 2519 sensit,
1015 2447 1050 2504 ut
1067 2445 1230 2523 perituros,

204 2536 231 2597 si
253 2536 351 2595 adhuc
373 2537 573 2613 pugnaretur,
601 2532 714 2593 diceret
740 2534 895 2595 universos
921 2551 975 2591 1100
1002 2533 1230 2610 superfuturum

203 2625 335 2702 aliquem
353 2621 407 2700 qui
424 2641 525 2683 caesos
545 2622 684 2699 sepeliret
702 2625 757 2682 aut
774 2624 939 2699 plangeret.
971 2623 1059 2682 0000000
1071 2625 1113 2692 tu,
1127 2624 1156 2682 00
1170 2643 1231 2700 qao
1247 2639 1272 2682 11

203 2716 257 2774 tibi
278 2714 336 2781 000,
364 2713 392 2771 si
410 2712 505 2786 patrii
532 2712 603 2786 quid
624 2712 738 2772 Martis
762 2713 864 2782 000000,
891 2711 977 2769 illum
1003 2711 1101 2785 aspice
1126 2719 1231 2775 0000010

142 2804 255 2878 estqui
272 2806 369 2862 vocat:
392 2801 418 2861 si
435 2805 472 2861 tu
488 2801 631 2861 fiduciam
645 2801 723 2880 geris
741 2802 858 2863 roboris
877 2803 908 2861 et
923 2799 1038 2877 generis
1059 2800 1117 2875 tui,
1140 2801 1231 2863 illum

204 2892 292 2952 debes
315 2890 428 2950 intueri
450 2890 547 2950 solum
571 2910 660 2968 quem
678 2890 770 2951 habes
792 2892 825 2949 in
843 2893 897 2949 tua
920 2908 1010 2949 causa
1033 2890 1230 2954 contrarium

277 2981 401 3040 Talibus
433 2980 543 3040 exarsit
574 2980 658 3039 0100000
690 2981 828 3039 violentia
861 2980 969 3049 Turni,
1007 2979 1059 3038 000
1087 2981 1231 3053 gemitum

203 3071 368 3145 rumpitque
386 3069 441 3128 hos
458 3070 517 3127 0000
530 3073 646 3142 pectore
663 3086 760 3128 voces:
783 3068 890 3129 ardens
909 3071 978 3128 ante
996 3069 1094 3146 magis
1116 3070 1232 3131 exarsit
1248 3087 1273 3127 so

204 3161 236 3218 in
259 3157 398 3219 Dranceu
420 3157 532 3217 talibus
556 3157 657 3232 dictis,
684 3158 839 3218 maledicis
863 3158 977 3217 scilieet
1004 3160 1035 3217 et
1059 3157 1231 3237 iniuriosis3

205 3248 285 3326 quod
304 3266 392 3326 aegre
409 3246 552 3324 portabat
569 3247 715 3321 evomuit,
738 3248 835 3325 rupit,
857 3247 970 3323 inquit,
993 3265 1096 3307 vocem
1116 3250 1148 3308 et
1164 3246 1230 3311 imo

238 3421 242 3429 ’
276 3417 452 3472 41000001.
515 3421 530 3470 5
549 3417 731 3472 alitibus-'l
746 3417 867 3473 00000000
885 3415 987 3470 decimi
1006 3415 1072 3471 libri
1090 3418 1164 3486 (009)
1185 3423 1232 3475 eat

204 3488 356 3544 memoriae
375 3504 467 3543 errore
486 3505 550 3542 cum
564 3487 652 3543 altero
667 3488 729 3542 loco
744 3489 933 3543 coniunctum.
990 3494 1023 3541 10
1037 3506 1056 3542 o
1069 3490 1230 3557 0010000011

205 3578 274 3617 0011.
294 3560 339 3615 ed.
413 3565 447 3614 14
464 3576 571 3615 00000000
588 3558 821 3615 001700Αο100
840 3560 982 3614 added
1000 3559 1043 3613 ed.
1112 3564 1145 3614 21
1160 3576 1231 3630 pos·

193 3640 261 3693 sent
289 3631 316 3689 V
342 3634 454 3707 possint
481 3648 533 3689 nos
561 3637 678 3703 possunt
705 3630 748 3685 erl.
831 3636 865 3684 23
893 3631 1009 3686 drances
1033 3630 1059 3685 V
1087 3647 1156 3686 0011.
1181 3633 1230 3691 ed

186 3714 225 3767 26
246 3717 278 3769 tu
299 3727 356 3769 om.
374 3707 408 3769 V.
484 3712 521 3767 11
539 3705 628 3767 turdo
643 3720 699 3777 pto
717 3703 809 3760 Turul
826 3700 925 3756 aar.
