2725 4150
213 336 279 402 582
499 334 641 389 DONATI
657 333 827 389 INTERPR.
842 334 952 392 VERG.

211 521 296 563 verso
320 502 424 562 existit
446 503 526 579 quod
554 501 687 579 aliquem
713 501 844 563 incutiat
868 505 994 579 metum,
1021 523 1083 564 non
1109 524 1233 565 numero

211 592 364 668 praeeedit
381 593 476 653 hostis
500 595 553 652 aut
574 592 689 653 robore.
724 591 867 669 quicquid
886 594 988 669 opinio
1007 593 1234 654 formidolosum

211 683 364 757 sparserat
381 684 501 757 praesto
525 684 571 741 est
593 681 761 742 subiectum
780 681 874 742 oculis
893 682 1013 758 vestris,
1035 685 1136 742 toturn
1155 683 1236 762 quod

210 770 301 830 habet
314 789 384 848 pars
398 773 526 847 utraque
540 771 727 830 substantiae
742 772 876 848 prodidit
888 789 1020 848 campus,
1035 773 1116 848 quod
1130 776 1236 834 eontra

210 861 299 919 fidem
327 879 425 919 rerum
456 862 634 920 oneraverat
655 860 738 920 fama
760 860 940 921 terroribus:
970 861 1094 921 Troiani
1116 863 1236 938 adsunt,

210 949 350 1009 videntur
367 949 513 1024 Arcada,
534 951 567 1008 in
590 953 751 1026 conspeetu
769 952 840 1009 sunt
858 968 931 1027 quos
951 951 1068 1032 fatales¹
1079 952 1237 1029 appellant

211 1042 242 1097 et
254 1041 311 1098 hoo
325 1041 372 1098 est
383 1041 483 1097 totum
498 1039 580 1115 quod
591 1037 710 1099 infensa
719 1039 820 1099 Turno
831 1039 954 1099 Etruria
967 1041 1078 1116 potuit.
1100 1041 1236 1117 proinde,

211 1130 237 1187 si
259 1130 339 1206 regis
364 1129 498 1204 exemplo
520 1122 674 1206 ¹singulare
697 1129 846 1205 placuerit
868 1128 966 1188 subire
985 1132 1153 1206 certamen,
1175 1149 1236 1190 nou

211 1218 270 1277 erit
288 1218 341 1294 qui
359 1217 445 1276 nobis
466 1217 604 1277 omnibus
620 1220 814 1296 pugnaturus
833 1222 977 1277 occurrat.
1010 1222 1064 1278 neo
1081 1239 1130 1277 me
1157 1219 1236 1280 arbi·

209 1306 331 1364 tremini
353 1307 519 1366 utilitatem
533 1307 628 1365 Turni
645 1308 892 1384 commodumque
913 1309 1052 1367 tractare.
1089 1308 1162 1367 felix
1183 1308 1236 1368 ille
1252 1323 1277 1364 1

210 1396 256 1454 est
278 1398 308 1454 et
330 1396 422 1455 habet
443 1395 534 1455 etiam
556 1397 589 1455 iu
610 1395 685 1472 ipsis
705 1396 837 1456 adversis
855 1397 987 1473 positam
1003 1397 1145 1473 ¹laudem,
1168 1417 1235 1474 per·

210 1485 309 1544 veniet
331 1486 371 1544 ad
389 1485 512 1544 deorum
535 1486 719 1546 consortium
741 1486 794 1561 qui
813 1485 870 1546 diis
892 1485 1020 1545 testibus
1043 1490 1236 1565 pugnaturus

147 1586 199 1634 235
210 1579 268 1635 est:
297 1575 347 1633 dle
370 1575 486 1649 quidem
508 1575 550 1634 od
571 1591 708 1648 separes,
732 1592 856 1648 quorum
877 1591 909 1633 se
930 1576 1048 1634 devovet
1069 1577 1146 1645 oris,
1170 1594 1235 1636 sero

209 1664 287 1722 cedet
307 1664 393 1736 famo
415 1665 557 1737 demque
569 1681 627 1738 per
649 1664 839 1736 orc'feretcr,
862 1681 917 1722 nos
931 1665 1035 1739 patric
1053 1666 1166 1724 omisso
1185 1667 1236 1725 do

208 1754 298 1812 micis
315 1770 425 1827 perere
446 1754 581 1827 seperire
611 1770 752 1828 eopencr,
781 1754 836 1827 qod,
856 1770 937 1812 oenc
959 1753 1028 1812 lecti
1051 1754 1236 1815 macedones
1259 1767 1277 1808 1

209 1844 306 1901 oreis:
322 1841 380 1901 erit
392 1841 475 1902 illius
488 1861 543 1918 per
556 1860 643 1901 omne
657 1862 765 1902 aevum
777 1842 971 1921 magnifieum
983 1861 1092 1901 nomen
1105 1862 1236 1922 cumque

209 1933 292 1990 illius
316 1950 425 2008 corpus
448 1931 569 1992 vivendi
585 1931 654 1991 finis
673 1932 850 2006 extinxerit,
872 1933 954 1990 fama
974 1934 1077 1991 tamen
1099 1932 1236 1994 manebit

209 2021 382 2096 incolumis,
404 2039 459 2082 nos
482 2040 553 2081 vero
576 2020 716 2099 sequitur
736 2021 851 2099 proditi
873 2022 953 2099 regis
977 2022 1089 2081 crimen
1112 2023 1143 2082 et
1166 2042 1235 2101 gra-

209 2112 333 2170 vissima
352 2110 501 2170 serviendi
519 2110 668 2187 condici03
689 2130 816 2188 cumque
835 2112 901 2188 ipsa
919 2110 1049 2171 servitus
1066 2112 1108 2171 sit
1124 2111 1234 2173 intole-

209 2198 304 2259 randa
318 2220 372 2277 per
390 2218 463 2275 sese,
477 2200 663 2261 considerate
679 2200 778 2276 qualis
795 2201 919 2278 ingruat
937 2219 1015 2276 quae
1033 2200 1235 2277 proficiscitur
1254 2212 1277 2253 ¹¹

210 2308 228 2348 a
255 2289 406 2367 plurimis,
438 2289 600 2366 inponetur
625 2290 764 2364 insuetis,
793 2291 955 2365 inponetur
983 2290 1124 2368 indignis.
1166 2292 1233 2367 quis

209 2378 346 2438 dominos
360 2380 437 2438 feret
450 2398 526 2455 quos
537 2378 665 2439 victoria
678 2378 794 2439 dederit
807 2377 961 2454 superbos,
969 2380 1074 2453 iratos,
1083 2379 1234 2440 offensos?

210 2469 290 2543 quod
301 2467 491 2527 moderamen
501 2469 614 2544 poterit
627 2468 742 2544 sperari
755 2466 893 2528 servitii?
907 2469 1047 2543 qualesve
1060 2468 1121 2544 ipsi
1135 2469 1233 2529 futuri

209 2560 281 2615 sunt
303 2576 377 2634 quos
401 2557 598 2617 secundarum
619 2576 720 2616 rerum
744 2558 861 2616 elatura
883 2557 1023 2633 superbia
1041 2561 1087 2617 est
1109 2561 1233 2635 etpost

208 2646 436 2705 inimicitiarum
465 2646 548 2707 virus
576 2649 679 2707 secute
707 2645 920 2706 dominationis
949 2645 1135 2707 auotoritas?
1171 2657 1267 2707 nouit

208 2735 270 2793 iam
293 2738 449 2814 exigentur
475 2736 556 2797 iusta
579 2737 615 2796 de
643 2738 737 2797 servis
765 2736 921 2812 obsequia,
958 2736 1011 2795 sed
1038 2736 1074 2795 de
1102 2736 1231 2797 addictis

208 2824 345 2885 hostibus
367 2844 489 2902 poenae.
517 2825 594 2885 mori
612 2829 728 2903 potius,
751 2827 844 2901 cives,
866 2825 987 2903 placeat
1005 2843 1097 2901 quam
1120 2826 1231 2886 servire

208 2914 324 2973 victori.
361 2916 475 2991 patria,
497 2915 612 2992 iuquit,
639 2919 764 2991 amissa,
790 2916 847 2975 hoe
870 2916 916 2974 est
936 2913 1055 2990 perdita
1077 2914 1231 2992 libertate3

208 3003 285 3062 liber
307 3005 386 3062 enim
409 3005 501 3064 habet
516 3006 662 3081 patriam,
686 3024 776 3079 quam
799 3023 859 3064 nou
881 3003 972 3063 habet
992 3022 1110 3079 servus,
1133 3023 1230 3082 usque

209 3092 283 3153 adeo
306 3096 342 3151 ut
364 3095 417 3170 qui
439 3094 558 3171 plenem
584 3094 746 3170 sumpserit
768 3112 786 3151 a
810 3093 930 3153 domiuo
957 3093 1129 3152 libertatem
1158 3093 1230 3155 civi·
1245 3105 1267 3146 ω

216 3272 218 3277 ,
280 3234 296 3281 3
316 3236 445 3297 parserat
464 3228 487 3281 V
507 3243 576 3281 corr.
597 3227 641 3281 ed.
672 3227 675 3295 l
711 3232 750 3281 est
771 3228 889 3284 abacto
909 3227 933 3280 V
956 3234 995 3283 eet
1011 3229 1161 3284 subiectiora
1179 3245 1230 3283 uos

208 3307 247 3354 eet
271 3307 297 3354 et
320 3318 340 3354 e.
368 3300 411 3354 ed.
447 3300 450 3370 l
489 3299 585 3353 vetris
607 3296 633 3348 V
659 3299 761 3352 nocem
788 3298 832 3353 ed.
867 3299 871 3369 l
909 3305 996 3355 totum
1017 3298 1044 3353 V
1071 3306 1131 3355 tum
1158 3299 1229 3355 edF.

207 3376 353 3439 toompoe
366 3371 392 3426 V
406 3387 475 3425 corr.
490 3370 534 3423 ed.
606 3369 778 3424 VHetrdn‘c
794 3372 827 3424 ire
847 3372 972 3425 Tarracon
991 3370 1035 3425 ed.
1103 3375 1138 3425 15
1156 3372 1230 3443 copi·

207 3461 270 3496 ntur
283 3442 316 3496 V.
391 3447 425 3495 18
439 3441 562 3511 proditio
581 3438 624 3493 ed.
699 3445 732 3494 19
750 3440 1051 3496 seciende‘Vcorr.ed.
1078 3441 1081 3513 l
1109 3444 1183 3497 oiri.
1198 3459 1228 3512 p.

207 3530 263 3567 oeae
276 3512 302 3564 V
320 3516 338 3566 d.
354 3530 384 3581 p.
404 3530 432 3568 ee
449 3515 486 3567 eit
503 3511 546 3566 ed.
620 3515 653 3564 21
673 3513 806 3579 plecimie
828 3518 854 3567 et
874 3513 1027 3580 imponitur
1044 3515 1161 3570 meede
1178 3516 1229 3570 im·

199 3586 322 3651 ponitur
340 3585 384 3638 ed.
457 3589 492 3637 23
510 3582 580 3651 ipos
593 3580 618 3633 V
633 3598 703 3636 corr.
719 3584 762 3638 ed.
831 3589 866 3636 24
884 3584 941 3637 sict
958 3585 1150 3654 superscripta
1168 3583 1188 3634 V·
1204 3584 1229 3637 V

192 3658 257 3711 creet
273 3656 316 3711 ed.
383 3661 419 3712 26
438 3651 556 3715 oirueV
574 3653 646 3711 eires
664 3654 709 3711 ed.
772 3658 806 3707 td
825 3652 911 3723 qciV
929 3660 961 3708 ct
978 3657 1026 3722 que·
1045 3672 1114 3712 corr.
1129 3656 1225 3727 edili

180 3731 306 3786 eamme
327 3730 358 3788 V.
