2725 4150
552 335 794 392 Annnmosix
1120 339 1183 405 193

164 507 226 565 tale
250 507 312 566 suis
335 505 513 565 mandatum
536 505 672 580 dederat,
696 507 743 580 ut,
766 503 793 564 si
815 504 919 582 aliqua
937 505 1105 566 emersisset
1123 523 1184 565 oer-

164 595 251 655 tandi
268 595 443 670 accersitae,
461 613 523 653 non
541 594 687 659 auderent
705 596 818 654 struere
837 594 943 669 aciem,
962 612 1022 653 non
1041 593 1185 654 auderent

164 704 230 743 eam
249 703 354 759 eampo
373 685 570 757 committere,
589 684 686 743 solum
700 702 840 761 aggerem
853 686 1011 742 tuerentur
1028 686 1059 742 et
1077 686 1186 759 castra,

165 793 241 850 quae
255 773 447 834 securitatem
460 773 522 833 illis
536 773 657 850 plenam
674 775 828 848 praestare
846 772 1029 850 potuissent,
1042 791 1185 850 magnam

132 863 278 922 sinterea
311 862 484 922 existimans
519 880 582 921 esse
613 861 785 935 victoriam,
815 861 842 921 si
871 879 941 921 suos
973 880 1107 921 remeans
1138 862 1184 920 in·

164 952 288 1012 columis
316 951 473 1012 inveniret.
519 968 598 1025 erpo,
627 951 680 1009 etsi
708 952 840 1023 conferre
860 944 984 1010 manna
1002 951 1102 1024 pndor
1123 952 1186 1010 ira

164 1060 218 1116 qne
246 1045 423 1110 monstrant,
454 1041 582 1100 canant
603 1043 710 1112 portas
736 1044 834 1100 tannen
862 1043 1069 1114 etpraecepta
1090 1040 1228 1114 faces-45

163 1135 234 1190 snat
255 1132 419 1204 armatique
442 1130 523 1188 eoois
542 1132 692 1201 expectant
713 1130 845 1189 tnrribns
871 1130 995 1189 bostem:
1021 1128 1095 1189 duas
1122 1129 1184 1190 illis

163 1221 291 1280 virtutes
319 1220 414 1278 dedit:
442 1237 535 1278 unam
561 1237 598 1277 ne
625 1217 750 1278 inbelles
778 1218 965 1294 viderentur,
992 1218 1120 1278 alteram
1146 1238 1184 1278 ne
1235 1261 1238 1265 «

118 1327 144 1366 10
163 1311 248 1368 iuxta
274 1309 353 1387 regis
384 1310 544 1386 praecepta
570 1307 779 1367 inreverentes.
825 1327 896 1367 nam
923 1327 1057 1386 pugnare
1085 1308 1184 1384 cupie-

163 1400 251 1472 bant,
274 1398 326 1457 sed
344 1398 553 1457 mandatorum
572 1397 823 1474 contemplatione
841 1396 1059 1457 revocabantur
1075 1398 1185 1458 melius

165 1487 367 1547 existimantes
390 1488 536 1563 pudorem
558 1487 635 1545 ferre
663 1505 756 1562 qnam
784 1488 888 1546 contra
915 1487 994 1564 regis
1022 1489 1186 1562 praecepta

164 1578 281 1634 reatum
299 1576 478 1636 temeritatis
497 1578 655 1635 incurrere.
689 1578 872 1653 quapropter
889 1576 1063 1634 munierunt
1080 1578 1183 1652 portas

164 1665 257 1723 firmis
281 1664 413 1726 obicibus
436 1669 467 1725 et
489 1666 600 1725 armati
624 1664 697 1741 quid
719 1665 815 1724 hostis
838 1664 996 1723 moliretur
1015 1664 1183 1724 aturribus

117 1770 145 1810 16
164 1754 405 1830 speculabantur.
455 1756 546 1814 huius
574 1755 727 1831 praecepti
754 1753 846 1812 etiam
874 1752 996 1813 (taicum
1023 1772 1184 1813 memorem

163 1843 256 1903 fuisse
285 1843 376 1903 verba
405 1843 467 1903 eius
498 1843 672 1920 ostenduut3
701 1862 772 1902 nam
802 1843 879 1902 dixit
908 1842 977 1903 date
1006 1844 1081 1918 tela,
1108 1842 1184 1902 ferte

163 1934 289 2006 ferrum,
319 1951 421 1993 muros
451 1932 617 2008 ascendite,
645 1950 706 1991 non
736 1933 814 1991 dixit
843 1951 945 1992 eamus
973 1933 1012 1993 ad
1035 1951 1184 2009 campum,

163 2040 354 2083 occurramus
377 2023 459 2084 hosti
481 2025 512 2082 et
535 2024 685 2083 certamen
707 2021 865 2101 pugnandi
888 2023 1057 2083 subeamus.

235 2113 356 2171 Tarans
369 2117 403 2171 nt
416 2113 588 2172 antevolans
605 2113 724 2171 tardona
736 2117 940 2186 praecesserat
958 2130 1062 2187 aprnen
1079 2113 1184 2186 ripn'ntn'

116 2217 144 2257 so
163 2203 242 2261 lectis
265 2204 392 2274 centnm
415 2203 567 2262 canitatns
590 2206 616 2261 et
636 2203 706 2261 arbi
731 2203 910 2276 inprovisns
937 2202 1031 2271 adest,
1059 2202 1183 2261 naeniis

163 2309 247 2363 anna
266 2292 412 2350 ibracins
430 2292 507 2350 albis
520 2295 621 2364 portat
639 2308 730 2365 eqwns
749 2294 894 2364 oristaqne
911 2292 979 2365 tepet
989 2291 1077 2365 palea
1091 2303 1227 2353 arnecto

162 2382 268 2448 rnbra,
293 2381 389 2453 eeqnis
412 2381 467 2439 erit
487 2398 613 2450 rnecnrn,
636 2382 768 2448 invenes,
793 2382 843 2454 qni
860 2380 980 2453 parans
1001 2381 1034 2437 in
1056 2379 1183 2438 bostem?

163 2487 199 2527 en
223 2470 279 2528 att:
301 2488 361 2527 non
385 2469 505 2528 tardum
527 2468 587 2529 fuit
610 2488 717 2547 agmen
741 2472 795 2529 aut
816 2469 902 2528 tarde
921 2467 1108 2543 ambulabat,
1132 2467 1183 2527 sed

163 2558 376 2633 conparatione
399 2559 521 2617 tardum
544 2558 717 2637 putabatur.
754 2558 873 2618 Turnus
896 2557 989 2631 enim,
1011 2559 1048 2616 ut
1070 2559 1183 2617 ceteros

115 2661 144 2701 25
162 2647 361 2723 praeveniret,
380 2647 476 2707 ductis
496 2667 595 2707 secum
613 2647 766 2724 equitibus
785 2647 894 2725 viginti
912 2645 1024 2721 electis,
1047 2664 1182 2723 egressus

162 2738 278 2796 itineris
308 2736 429 2796 modum
460 2756 519 2813 quo
550 2739 731 2815 congregata
759 2735 922 2796 multitudo
952 2735 1000 2795 vel
1028 2736 1184 2795 consuevit

163 2825 317 2885 ambulare
341 2827 391 2885 vel
413 2828 513 2903 potest
536 2828 661 2887 celerius
684 2824 776 2889 venit.
821 2828 909 2885 tanta
931 2825 1091 2885 maturitas
1114 2824 1183 2900 fuit,

162 2917 199 2973 ut
218 2919 286 2974 ante
305 2915 410 2974 urbem
427 2917 609 2993 improvisus
627 2914 818 2992 apparuisset
836 2934 896 2974 non
914 2915 975 2974 iam
992 2913 1109 2990 itinere,
1131 2913 1183 2974 sed

163 3006 251 3081 quasi
281 3005 412 3081 quodam
440 3006 545 3065 volatu
574 3007 740 3081 pervectus.
793 3023 860 3063 cum
883 3023 953 3064 vero
983 3024 1093 3081 equum
1121 3004 1183 3063 eius

115 3108 144 3147 eo
163 3093 354 3169 describeret,
373 3093 449 3154 dixit
468 3098 559 3172 caput
578 3096 642 3154 eius
661 3095 755 3154 fuisse
774 3094 935 3172 galeatum,
954 3113 1047 3172 quam
1065 3093 1184 3171 galeam

235 3305 251 3352 3
277 3317 337 3354 eam
362 3316 416 3354 om.
438 3300 482 3354 ed.
517 3299 520 3370 t
554 3300 642 3354 solnm
660 3299 686 3352 V
708 3300 756 3355 sed
778 3316 799 3354 s.
822 3300 865 3354 ed.
939 3304 954 3353 t
980 3304 1114 3354 monstrat
1139 3297 1182 3354 ed.

163 3375 178 3422 9
203 3371 312 3425 inbellis
330 3369 363 3425 V.
394 3371 397 3442 l
427 3372 586 3426 uiderentwr
607 3372 747 3438 transpos.
767 3370 838 3426 edF.
911 3375 945 3424 10
962 3371 1144 3425 inreverentes
1157 3368 1183 3422 V

162 3444 346 3497 incumbentes
363 3443 461 3511 tenaci
478 3442 521 3497 ed.
577 3447 611 3496 14
629 3443 756 3497 molietnr
769 3442 795 3495 V
810 3459 879 3497 corr.
894 3442 938 3497 ed.
965 3441 968 3514 t
996 3442 1144 3497 ettnrrr'bns
1157 3440 1183 3494 V

162 3514 293 3568 accedens
319 3515 467 3583 cipitanter
494 3513 538 3568 ed.
612 3518 645 3567 22
671 3519 697 3567 et
722 3515 783 3581 qais
805 3513 838 3567 V.
913 3518 946 3567 23
974 3529 1008 3567 en
1027 3512 1053 3566 V
1075 3514 1116 3567 sic
1138 3511 1182 3566 ed.

163 3589 197 3636 24
216 3586 439 3653 conparationem
452 3584 478 3638 V
493 3601 562 3640 corr.
578 3584 622 3638 ed.
695 3590 729 3638 ‘tt
749 3587 862 3655 opressis
880 3583 923 3638 ed.
992 3589 1026 3638 26
1045 3599 1105 3637 non
1121 3600 1187 3636 enu-

161 3658 249 3710 snern't
267 3656 311 3710 ed.
377 3662 487 3712 aanor
499 3662 591 3727 potest
608 3655 654 3713 ed.
722 3661 757 3713 it
777 3663 926 3729 prouectus
944 3655 994 3710 ab.
1053 3658 1095 3705 ab
1114 3652 1210 3705 celso

156 3732 213 3777 tam
232 3725 257 3776 V
266 3727 408 3794 paleatum
429 3728 472 3784 ed,

193 3828 253 3869 Dan,
263 3831 361 3880 interpr.
372 3834 441 3887 Vera.
458 3841 508 3883 vol.
518 3841 555 3884 11.
1043 3832 1084 3881 m
