2725 4150
549 326 790 382 lsasmosu
1115 330 1180 397 279

163 497 265 556 veniae
287 495 393 555 ornioe
410 488 591 570 sanquineae
608 497 754 570 clipeoque
775 496 917 556 micantia
934 486 1065 570 fnnnina
1081 496 1182 556 mittit:

162 584 341 662 [canescant
362 586 470 657 faeiem
491 585 621 644 incana
642 589 729 660 atqne
750 585 888 645 inmania
913 587 1045 645 membra
1071 587 1243 647 tnrtatitad

162 676 256 734 sabito
287 672 478 750 AeneadaeJ:
509 676 597 734 tanta
627 675 689 734 fuit
716 674 797 735 inter
825 676 938 735 ceteros
968 674 1181 735 dissimilitudo

162 763 270 839 Turni,
302 766 337 822 ut
367 764 456 822 illum
489 764 587 824 forma
618 765 751 842 corporis
784 767 815 824 et
847 781 1000 823 armorum
1032 764 1181 840 qualitate

133 853 261 930 squivis
289 855 392 929 posset
424 870 592 930 agnoscere.
645 853 772 931 denique
804 856 992 931 agnoverunt
1022 851 1182 913 Aeneadae

161 942 269 1002 faciem
299 942 419 1019 qualem
448 961 612 1018 numquam
641 942 781 1003 uiderant
809 945 841 1001 et
868 942 940 1003 licet
968 942 1084 1003 turbati
1113 942 1181 1020 quia
1240 946 1242 951 ⁴

161 1033 241 1093 esset
261 1031 481 1091 intellexesuut.
518 1035 580 1090 tuna
597 1031 760 1091 Pandarus
781 1032 884 1106 inens
907 1033 1011 1092 emicat
1033 1036 1059 1091 ei
1080 1032 1182 1092 martis

160 1125 312 1196 troianas
343 1121 478 1195 fervidas
508 1121 557 1180 ira
589 1122 711 1194 effatur:
741 1121 886 1199 resipiens
915 1121 1073 1182 Pandarus
1105 1120 1183 1182 vidit

161 1231 251 1288 quem
278 1213 348 1270 ante
374 1209 553 1287 nequiverat
578 1228 699 1271 noscere
729 1213 773 1285 et,
803 1212 835 1269 in
864 1211 911 1271 ira
940 1210 1050 1288 perditi
1079 1210 1182 1271 fratsis

119 1313 144 1353 ιο
161 1302 288 1378 positus,
306 1300 475 1378 gratulatus
494 1300 610 1359 hostem
630 1298 766 1359 oblatum
785 1300 824 1359 ad
841 1318 970 1376 poenam
987 1300 1030 1360 sic
1047 1299 1184 1360 instituit

161 1390 260 1466 loqui:
287 1407 348 1448 non
374 1389 445 1448 daec
472 1388 580 1448 dotalis
606 1390 689 1464 reaia
710 1386 838 1448 Amatae
870 1405 922 1447 nec
953 1390 1048 1448 muris
1075 1390 1184 1448 conibet

156 1478 269 1552 patriis
290 1478 388 1536 media
410 1476 514 1538 Ardea
537 1478 680 1538 Pnrnenn.
723 1479 778 1554 sic,
801 1477 915 1552 inquit,
937 1477 1031 1537 fretus
1056 1478 1183 1537 audacia

161 1566 313 1641 consistis,
342 1567 430 1644 quasi
456 1569 487 1626 ie
514 1567 643 1627 Amatae
670 1568 755 1646 regia
781 1566 892 1625 habeat
914 1558 1101 1647 (ioculariter
1126 1566 1183 1626 hoc

162 1657 252 1731 dixit,
275 1657 418 1732 quoniam
436 1655 547 1716 Amata
563 1657 649 1715 illum
668 1655 926 1716 vehementissime
949 1649 1109 1736 diligebat)
1128 1658 1184 1714 aut

118 1757 143 1799 a
161 1747 266 1806 teneat
288 1746 395 1805 civitas
413 1746 524 1822 patrie,
547 1747 660 1823 inqua
682 1747 797 1806 otiosus
816 1763 879 1805 esse
903 1744 1066 1805 consuesti:
1089 1745 1183 1804 nolim

162 1854 241 1895 erres
264 1834 400 1895 ulterius.
445 1839 544 1895 castra
565 1836 688 1895 inimica
709 1835 803 1904 uides,
831 1835 916 1894 nnita
943 1835 1010 1894 dinc
1033 1835 1111 1894 enine
1128 1851 1183 1908 po·

161 1929 265 1984 testas:
293 1926 397 1983 tenent
423 1926 453 1982 te
482 1923 635 1984 obsessum
662 1927 762 1985 castra
790 1943 867 2001 quae
894 1924 1034 1984 inimicus
1060 1923 1184 1984 intrasti

161 2033 216 2075 uec
244 2014 374 2090 aliquem
401 2012 459 2074 tibi
486 2015 599 2074 exitum
626 2013 771 2075 tribuunt.
817 2014 869 2075 octe
897 2015 1053 2075 subridens
1083 2015 1245 2075 sedantes

156 2109 272 2179 pedon
296 2105 431 2163 Tnnnns:
458 2102 591 2164 diversos
620 2106 789 2164 animorum
815 2107 916 2164 motus
940 2106 1068 2183 singulis
1092 2105 1182 2163 dedit.

117 2206 144 2247 ao
161 2193 336 2253 Pandarum
358 2193 435 2252 dixit
457 2193 584 2253 sublatis
607 2193 729 2269 animis,
753 2194 833 2272 quod
856 2195 991 2253 Turnum
1013 2195 1130 2254 teneret
1151 2193 1184 2252 in

162 2286 266 2359 saepto
286 2284 460 2358 castrorum,
474 2285 513 2358 et,
528 2281 608 2359 quod
628 2286 707 2343 esset
720 2283 822 2343 fratris
842 2283 1002 2343 amissione
1022 2284 1183 2357 confectus,

162 2372 246 2432 dedit
273 2373 301 2430 ei
329 2370 489 2450 superbum
517 2391 637 2448 quoque
665 2391 843 2448 sermonem3
873 2372 974 2432 Turno
1003 2372 1184 2448 patientiam

162 2461 284 2535 tn'buit,
311 2461 439 2537 denique
464 2462 527 2520 sine
549 2464 666 2521 tumore
688 2462 798 2521 mentis
821 2460 995 2522 huiusmodi
1018 2479 1183 2520 sermonem

162 2549 306 2609 reddidit:
336 2552 444 2623 incipe,
468 2551 495 2609 si
518 2568 577 2623 qna
600 2552 699 2609 annaio
722 2551 829 2619 cistas,
854 2554 880 2609 ct
902 2566 1018 2609 ansae
1041 2550 1182 2618 dextram,

118 2650 143 2691 2⁶
162 2641 209 2698 iic
231 2641 319 2698 eiiam
345 2641 496 2698 inventam
517 2640 640 2699 Priamo
666 2640 808 2698 narrabis
830 2636 988 2698 Achillem:
1016 2638 1051 2697 de
1073 2636 1184 2698 fiducia

162 2728 351 2788 fortitudinis
374 2727 524 2789 urbanum
548 2730 762 2806 potiusquam
784 2727 1034 2787 contumeliosum
1052 2726 1184 2786 reddidit

162 2820 195 2876 in
221 2817 427 2893 respondendo
451 2835 629 2893 sermonem,
647 2817 762 2876 iocatus
788 2816 880 2875 etiam
904 2818 969 2892 ipse
995 2816 1031 2876 de
1056 2816 1184 2875 nomini-

162 2906 233 2981 bus,
250 2911 286 2966 ut
303 2906 460 2966 Pandarus
481 2906 566 2981 fecit,
588 2907 627 2982 si,
649 2905 762 2983 inquit,
787 2906 979 2982 aliquatenus
998 2910 1053 2967 tua
1071 2908 1184 2967 virtute
1244 2907 1245 2912 ’

235 3082 250 3129 2
279 3083 433 3147 canossami
446 3108 480 3115 -
500 3081 516 3129 3
537 3077 685 3131 Aeneadae
718 3075 797 3130 deest
823 3075 854 3129 in
876 3075 911 3143 V,
939 3076 989 3130 sed
1017 3076 1183 3146 explicatur.

164 3155 179 3202 6
204 3148 314 3215 facilem
329 3147 355 3202 V
372 3149 456 3215 facile
478 3146 522 3202 ed.
545 3148 645 3214 faciem
664 3164 716 3202 nos
735 3147 770 3201 cf.
786 3152 886 3214 1236:
905 3147 975 3202 Don.
995 3149 1113 3203 incisam
1132 3165 1183 3217 pro

163 3236 220 3273 non
241 3219 330 3273 visam
354 3219 467 3286 accipit.
542 3224 557 3271 7
579 3219 683 3273 lemma
702 3236 719 3272 a
737 3225 795 3274 mm
812 3218 953 3288 incipitV
972 3221 1077 3274 tardati
1094 3220 1184 3274 andito

163 3292 311 3345 Aeneadae
337 3290 468 3360 praefixit
492 3289 536 3344 ed.
613 3295 630 3343 8
655 3289 831 3359 aniciensV
852 3289 908 3345 ed:
934 3292 1029 3359 potest
1053 3290 1108 3344 hoc
1132 3306 1183 3359 pro

163 3364 323 3430 resipiscens
358 3362 485 3429 posuisse
521 3362 554 3415 ut
589 3367 760 3417 mnemnnt
795 3378 846 3431 pro
881 3364 1091 3417 consenescant
1123 3366 1183 3427 ⁷15,

164 3449 336 3501 quamquam
360 3432 487 3502 exemplo
511 3447 606 3486 carere
627 3431 748 3487 videtur.
826 3437 860 3488 10
883 3432 1032 3488 obtainsV
1053 3449 1121 3487 corr.
1139 3432 1183 3487 ed.

165 3510 198 3558 13
222 3506 303 3573 qnasi
320 3503 346 3558 V
367 3521 400 3559 ac
420 3506 445 3558 si
468 3503 511 3558 ed.
589 3509 623 3558 14
649 3509 700 3558 ant
723 3510 812 3559 teneat
829 3503 855 3557 V
878 3505 959 3573 qnasi
982 3506 1074 3573 inqnit
1097 3504 1184 3559 inter-

164 3593 223 3645 poe.
244 3574 287 3629 ed.
361 3580 395 3629 15
413 3576 499 3630 nolim
517 3591 589 3631 erres
601 3573 628 3627 V
645 3576 705 3630 noli
722 3591 764 3629 me
781 3592 824 3631 ras
845 3575 899 3629 edI
921 3592 970 3630 nea
987 3578 1094 3631 timeres
1112 3574 1182 3629 edP.

165 3653 199 3701 20
230 3648 339 3702 subiato
366 3648 460 3702 anino
487 3646 530 3701 ed.
617 3651 650 3700 21
677 3647 749 3717 qaod
774 3646 800 3701 V
825 3647 872 3705 ed.
895 3649 1023 3719 quisuis
1046 3649 1195 3715 exsectae.

164 3724 198 3771 aa
215 3720 353 3772 nemn-
367 3723 402 3771 24
419 3717 546 3775 reddidit
563 3720 672 3777 iemeoe
691 3720 765 3778 mut.
784 3719 832 3779 ed.
