2725 4150
425 370 427 375 .
529 322 757 381 mrnmoer
1087 327 1151 394 357

133 493 253 575 magnis
284 497 316 554 et
345 490 462 573 ingenti
492 495 588 571 pretio
615 497 789 555 revocatum
816 495 847 554 et
874 513 934 572 quo
962 493 1060 570 spolia
1086 495 1153 570 ipsa

132 585 294 664 ipsumque
307 585 491 644 momentum
509 603 569 660 quo
586 586 676 661 rapta
694 586 765 644 sunt
782 584 890 644 fuisset
903 583 1047 643 aditurus.
1079 583 1154 643 haec

133 673 328 752 proponendo
351 672 586 751 praenuntiabat
607 677 699 750 poeta
721 691 881 733 evasurum
898 672 991 733 fuisse
1009 672 1153 747 Turnum,

134 765 160 824 si
182 763 326 823 Pallanta
354 781 415 821 non
444 763 619 838 peremisset
647 766 703 823 aut
731 762 831 823 balteo
862 761 925 822 eius
955 780 1015 821 non
1046 762 1154 821 inisset

103 872 115 911 e
134 851 296 914 accinctus.
326 851 443 913 interea
460 850 488 911 si
505 869 683 929 quaeramus
703 870 825 912 oausam
843 850 1009 929 descriptae
1023 850 1153 926 fabulae,

134 961 213 1021 quae
237 961 311 1002 auro
328 940 424 1001 baltei
441 940 600 1001 tenebatur
616 941 768 1018 inpressa,
786 941 870 1000 nulla
889 940 950 1001 alia
968 940 1153 1001 coniecturae

134 1033 273 1092 occurret
288 1028 349 1090 nisi
366 1029 439 1107 quia
457 1032 488 1090 et
504 1031 570 1108 ipse
583 1030 703 1091 Turnus
721 1029 754 1089 in
768 1048 859 1091 causa
873 1048 933 1089 non
946 1048 1154 1090 concessarum

134 1119 311 1198 nuptiarum
334 1121 435 1179 fuerat
456 1121 630 1180 moriturus.
679 1123 712 1179 at
733 1120 804 1180 socii
825 1119 915 1178 molto
935 1120 1045 1194 percita
1067 1120 1154 1180 locri·

132 1211 247 1284 mirque
268 1209 428 1284 inpositum
449 1213 530 1269 emto
551 1209 684 1282 referant
702 1209 844 1269 Pallanta
865 1210 1044 1283 frequentes:
1065 1228 1153 1270 verus

88 1317 115 1357 ro
133 1297 183 1359 bic
206 1300 292 1359 dolor
314 1316 468 1375 expressus
487 1301 546 1374 est,
564 1317 632 1358 oum
649 1298 740 1358 funus
759 1296 907 1357 Pallantis
924 1298 1021 1357 multo
1039 1297 1154 1376 gemitu

134 1391 228 1466 atque
250 1386 436 1448 uberioribus
459 1387 591 1448 lacrimis
613 1388 786 1464 frequentes
809 1385 961 1464 prosecuti
983 1391 1055 1448 sunt
1072 1389 1153 1448 socii.

134 1481 243 1553 scum,
256 1476 370 1553 inquit,
392 1477 538 1537 referunt:
561 1479 695 1553 quantus
718 1478 818 1536 fuerat
840 1476 938 1551 dolor,
964 1479 1001 1536 ut
1023 1495 1082 1552 quo
1106 1477 1154 1535 de·

134 1567 218 1627 tendi
246 1564 405 1626 incolumis
437 1567 515 1625 solet
542 1568 716 1642 portaretrr
744 1566 870 1626 occisusl
920 1582 938 1625 0
965 1565 1047 1625 dolor
1068 1568 1154 1638 mooe

134 1657 224 1716 acm
251 1674 393 1730 mapnooa
421 1655 550 1715 rediture
573 1656 709 1729 paens:
738 1654 798 1716 duo
825 1653 993 1732 proposuit,
1017 1653 1153 1730 utrisque

88 1761 115 1802 ro
133 1745 302 1823 respondit3
325 1743 412 1806 dolor
434 1743 514 1805 enim
536 1743 575 1804 ad
598 1763 758 1822 personam
779 1745 875 1822 patris
898 1745 1042 1821 pertinet,
1065 1744 1153 1804 decus

134 1853 205 1896 vero
229 1834 268 1895 ad
290 1834 465 1893 memoriam
482 1835 604 1909 mortui,
627 1831 680 1911 qui
698 1833 815 1894 dixerat
833 1877 849 1910 ‚‚
855 1836 909 1893 aut
926 1834 987 1893 leto
1004 1831 1154 1912 insignis“

134 1927 166 1984 et
196 1922 249 2001 qui
278 1923 380 1984 scierit
408 1923 522 2001 gloriae
552 1923 631 1999 dari,
659 1923 687 1983 si
715 1924 839 1985 adverso
866 1923 988 1984 vulnere
1011 1923 1101 1983 cadat
1121 1923 1154 1982 in

133 2007 219 2074 bello
243 2012 291 2074 vir
317 2011 413 2072 fortis.
472 2011 600 2090 denique
630 2013 769 2091 sequenti
799 2012 930 2072 dictione
961 2011 1025 2091 ipse
1057 2014 1155 2091 aperit

133 2104 226 2182 poeta
248 2101 321 2181 quid
344 2102 476 2162 adferret
498 2102 643 2178 dolorem,
667 2102 741 2179 quid
764 2104 934 2163 ostenderet
951 2104 1053 2164 decus:
1075 2104 1154 2173 baec,

88 2214 116 2253 so
133 2192 248 2269 inquit,
270 2195 297 2251 te
313 2192 417 2265 prima
439 2192 502 2251 dies
525 2192 596 2251 bello
619 2192 710 2261 dedit,
734 2192 805 2251 baec
827 2192 927 2252 cadem
950 2196 1063 2267 aufert:
1084 2209 1154 2269 pars

134 2285 196 2343 ista
222 2281 354 2358 pertinet
380 2281 419 2342 ad
447 2282 593 2357 dolorem3
621 2281 799 2359 gemendum
826 2282 907 2339 enim
933 2280 993 2341 fuit
1023 2282 1154 2358 optimae

135 2371 201 2450 spei
223 2373 362 2431 iuvenem
384 2371 488 2431 eodem
510 2369 558 2430 die
577 2388 753 2448 oppressum
771 2388 832 2447 quo
851 2370 987 2446 auspicia
1005 2371 1050 2429 est
1068 2370 1155 2429 dimi·

135 2460 264 2521 cationis
285 2461 448 2538 ingressus.
480 2478 546 2520 ecce
569 2460 709 2520 dicuntur
731 2462 832 2536 partes
851 2458 1016 2538 gloriarum
1032 2461 1155 2535 propter

134 2552 284 2610 malorum
307 2549 542 2610 consolationem
563 2552 594 2608 et
616 2551 653 2608 nt
675 2548 852 2609 ostendetur
874 2547 962 2608 decus
985 2545 1062 2607 eius:
1090 2565 1155 2606 curn

89 2659 117 2699 se
135 2644 234 2699 mmm
262 2639 388 2714 ingentis
414 2638 594 2697 Rutilorom
624 2638 734 2711 linquis
766 2654 892 2697 atavos.
945 2637 1014 2711 etsi,
1045 2635 1155 2712 inquit,

136 2728 277 2789 acerbum
299 2731 345 2788 est
368 2727 449 2804 quod
472 2727 618 2802 cecidisti,
642 2726 714 2786 dum
736 2726 855 2787 fortiter
877 2724 966 2801 facis,
988 2724 1032 2785 sio
1053 2728 1154 2785 tamen

134 2817 291 2878 incurristi
304 2817 445 2876 ultimum
463 2817 563 2876 fatum
579 2817 683 2875 multis
701 2814 837 2875 hostibus
855 2816 888 2873 in
902 2833 1041 2875 acervum
1055 2817 1155 2891 strage

135 2908 218 2968 faeta
245 2907 402 2985 congestis.
456 2905 573 2965 addidit
602 2922 724 2965 acervos
753 2905 897 2983 ingentis,
925 2907 961 2964 ut
989 2904 1156 2963 cumularet

209 3146 573 3231 letqreoVItquoed.]
606 3148 670 3216 ipsa
692 3146 814 3216 diemque
836 3144 1156 3215 oderitipasonqueVlt

135 3222 180 3277 ed.
212 3220 337 3289 diemque
367 3219 456 3275 oderit
482 3218 574 3273 delevi
599 3220 633 3272 ut
659 3235 695 3273 ex
721 3218 854 3272 lemmate
884 3217 981 3286 inepte
1012 3217 1154 3272 iteratum.

136 3290 364 3377 toditoaeVlt
381 3307 479 3375 cauno
496 3290 540 3344 ed.
614 3290 852 3360 tproeuottzbot
872 3289 915 3343 ed.
988 3290 1088 3344 laisa
1104 3287 1156 3343 VR

135 3363 289 3491 atati·
317 3368 558 3503 olim
574 3361 814 3489 tibist
827 3365 874 3487 οἱ
887 3358 1156 3488 sittim

134 3507 202 3575 serit
218 3505 273 3560 vlt
294 3506 395 3573 afferat
417 3505 460 3559 ed.
490 3504 495 3577 l
528 3504 647 3573 quidque
664 3504 747 3559 derso
763 3504 887 3560 ostendat
906 3504 951 3558 ed.
1024 3508 1058 3557 20
1081 3502 1158 3558 dedit

136 3596 191 3634 om.
209 3577 243 3632 V,
316 3581 350 3631 21
374 3575 565 3647 tnpeaeoedmn
587 3574 631 3629 ed.
704 3580 738 3629 22
757 3574 937 3647 aceptdffl
959 3576 1078 3644 coaptas
1093 3572 1178 3640 ab&

134 3649 340 3705 dimicationem
354 3648 396 3702 ed.
430 3652 486 3702 124
499 3646 923 3707 malotrfflltmaiorsaaed.
974 3639 1195 3713 attenuast-

130 3726 168 3773 28
182 3719 316 3785 conanti&
330 3717 378 3771 VR
395 3721 528 3777 mebctsb
545 3721 591 3779 sd.
934 3768 937 3776 .
