2725 4150
561 328 744 384 AENEIDOS
759 328 811 384 VH
1176 334 1193 397 7

173 498 287 574 inquit,
310 498 384 557 locis
408 498 491 556 lucos
510 497 618 557 habuit
636 496 720 558 Oirce
739 498 818 558 Solis
836 498 913 572 filia,
931 517 1048 575 semper
1065 498 1195 577 uigilans

174 589 204 646 et
231 585 270 646 ad
296 587 422 647 insidias
447 606 564 665 semper
585 588 716 664 intenta,
744 607 816 649 voce
839 587 989 664 decipiens
1011 590 1196 649 transeuntis

173 679 204 735 et
226 676 351 736 odorato
372 675 485 735 lumine
505 676 689 753 temporibus
708 678 813 738 noctis.
851 696 939 755 quem
957 696 1018 736 non
1036 677 1198 738 delectaret

172 784 262 826 sonus
285 765 368 826 vocis
390 767 423 824 in
446 765 628 825 cantilenam
646 767 790 826 deductae
814 769 845 826 et
866 766 941 826 odor
960 766 1041 827 cedri
1064 766 1196 826 ardentis

144 858 203 915 eet
231 858 352 932 sperata
381 856 532 915 cantantis
561 855 722 915 hilaritas?
766 856 956 930 incendebat,
981 855 1093 932 inquit,
1116 855 1198 915 cedri

171 945 328 1004 materiem
346 945 537 1020 persolidam,
556 965 633 1022 quae
652 945 786 1005 naturali
804 945 936 1005 fomento
954 948 1111 1022 tamquam
1130 946 1195 1005 oleo

171 1033 293 1094 madida
322 1033 461 1094 incendia
492 1036 561 1110 ipsa
591 1034 753 1094 nutriebat.
804 1035 843 1093 ad
874 1035 930 1095 hoc
962 1035 1063 1094 lumen
1094 1034 1197 1093 lanam

171 1122 299 1182 curabat
320 1127 352 1183 et
373 1124 480 1198 telam,
507 1126 543 1182 ut
564 1124 693 1202 pervigil
715 1142 779 1184 esse
809 1123 970 1200 potuisset,
999 1145 1036 1183 ne
1059 1123 1196 1184 fraudem

170 1213 267 1272 ullam
302 1212 421 1272 oblatae
458 1213 624 1272 occasionis
656 1213 817 1273 amitteret.
870 1213 1047 1292 navigantes
1079 1214 1196 1273 interea

130 1317 153 1356 ro
170 1305 355 1378 oportunum
383 1301 549 1378 hospitium
577 1301 639 1361 rati
670 1321 731 1361 non
763 1302 946 1362 iuvabantur
976 1304 1088 1362 auxilio
1118 1322 1195 1362 eom·

170 1393 334 1465 manentis,
358 1389 410 1450 sed
433 1391 502 1450 dolo
526 1390 723 1467 capiebantur
750 1394 781 1450 et
805 1391 920 1451 fraude.
966 1393 1034 1450 hinc
1060 1393 1197 1451 exaudiri
1216 1403 1249 1451 15

168 1481 293 1554 camdus
324 1481 443 1553 iraeque
478 1481 593 1539 iconum
628 1481 727 1540 cincio
764 1485 952 1540 recusantum
985 1484 1010 1539 ct
1042 1499 1110 1542 sero
1141 1483 1195 1541 sub

169 1573 251 1628 nocie
271 1569 430 1628 rudentum
451 1571 642 1644 scotiamque
663 1588 732 1630 sues
755 1574 840 1642 cique
862 1571 896 1628 in
918 1571 1114 1643 praesepibus
1131 1572 1197 1628 ursi

169 1659 284 1718 saeuire
306 1661 335 1718 ct
354 1661 469 1732 furuae
490 1677 665 1734 mwnorunn
688 1661 805 1719 ululare
830 1660 979 1733 luporum,
1008 1676 1079 1733 quos
1106 1659 1196 1717 tomi-

130 1762 152 1803 u
169 1765 242 1806 nunu
265 1765 300 1806 en
322 1749 400 1821 facie
422 1749 478 1807 deu
495 1766 586 1808 sceno
606 1750 774 1822 potentibus
791 1749 888 1808 herbis
905 1750 1044 1808 induerat
1063 1745 1146 1807 Circe
1163 1749 1196 1805 in
1215 1760 1249 1809 20

169 1838 268 1896 cuitus
298 1855 334 1896 uc
362 1840 444 1912 torpa
472 1841 621 1912 ferarum:
671 1837 871 1897 audiebantur
901 1838 971 1898 inde
1003 1839 1133 1916 gemitus
1166 1840 1197 1896 et

170 1926 288 1984 leonum
315 1927 511 1985 irascentium
536 1927 726 2005 ferarumque
752 1928 882 1986 aliarum
906 1928 1077 2006 indignatio
1103 1927 1195 2005 signi-

170 2015 326 2092 ficabatur,
344 2034 404 2075 non
423 2035 500 2093 quas
520 2019 630 2077 natura
647 2018 830 2095 protulerat,
850 2018 902 2077 sed
920 2037 995 2095 quas
1015 2037 1049 2077 ex
1067 2017 1195 2076 homini·

170 2104 225 2165 bus
255 2105 403 2182 pessimae
433 2106 566 2165 fecerant
596 2109 683 2167 artes.
728 2108 775 2167 ira
803 2128 874 2185 ergo
903 2108 998 2167 omnis
1022 2107 1197 2185 exagitabat

132 2209 153 2249 ro
170 2197 200 2253 et
222 2214 314 2255 saeva
337 2197 510 2254 commotio:
549 2196 696 2255 fremebat
718 2197 778 2271 leo,
801 2197 865 2256 ursi
889 2200 979 2273 atque
998 2197 1065 2274 apri
1083 2197 1196 2256 saeuie-

170 2284 244 2343 bant
272 2285 460 2361 captivitatis
490 2284 602 2345 iniuria
631 2287 773 2345 commoti
800 2288 831 2345 et
857 2288 924 2363 lupi
952 2305 987 2344 ex
1015 2304 1106 2345 causa
1129 2286 1196 2362 pari

171 2373 242 2432 diuis
265 2373 432 2433 ululatibus
455 2376 670 2451 personabant,
693 2377 845 2451 postremo
874 2377 970 2435 omnis
996 2395 1056 2434 non
1083 2376 1196 2434 ferocia

170 2463 319 2522 naturalis
346 2463 488 2541 urgebat,
516 2463 568 2523 sed
595 2465 736 2524 factionis
760 2465 913 2525 violentia.
959 2465 1013 2524 hos
1037 2465 1117 2522 enim
1140 2462 1195 2521 dea

170 2569 272 2627 saeva,
296 2570 364 2611 cum
387 2552 475 2611 deam
496 2572 557 2611 nou
580 2556 753 2614 conveniret
776 2555 883 2613 sectari
906 2553 998 2623 mala,
1021 2551 1194 2629 potentibus

126 2654 154 2719 .²⁵
169 2640 269 2700 herbis
294 2640 436 2701 induerat
458 2641 542 2701 Circe
564 2643 598 2701 in
619 2645 723 2703 vultus
747 2662 781 2702 ac
803 2644 890 2721 terga
912 2643 1057 2701 ferarum:
1085 2644 1196 2699 natura

170 2732 300 2805 pessima
323 2733 354 2789 et
376 2734 441 2790 arte
464 2731 606 2791 scientiae
630 2732 786 2791 deterioris
804 2731 952 2792 instructa
971 2751 1006 2790 ex
1023 2730 1195 2790 hominihus

170 2819 247 2879 feras
278 2820 417 2879 effecerat
446 2824 635 2880 commutans
665 2824 697 2880 et
726 2840 831 2880 sonum
860 2821 943 2882 vocis
975 2825 1006 2881 et
1037 2840 1195 2897 corporum

170 2908 290 2968 formas.
327 2927 402 2983 quae
424 2928 461 2968 nc
482 2915 615 2969 uwnstru
633 2912 681 2984 pii
699 2915 872 2984 paterentur
894 2912 969 2969 tatic
992 2912 1082 2969 Troes
1106 2911 1195 2969 delati

169 2998 201 3055 iu
219 3002 326 3072 portus
349 3016 401 3058 nec
424 3000 511 3059 litora
534 3000 603 3058 dira
625 3001 768 3068 subirent,
787 3000 944 3073 Neptunus
962 3002 1056 3059 uentis
1074 3000 1196 3072 iupicoit

239 3228 256 3277 ὅ
275 3224 437 3279 incusdcbat
455 3222 480 3276 V
502 3224 641 3278 incidebat
658 3223 702 3278 ed.
776 3223 962 3292 tpcrsolidus
981 3221 1006 3274 V
1025 3222 1194 3291 persoiiduua

168 3294 270 3348 edan
290 3311 344 3363 per
365 3295 468 3349 solidas
490 3300 598 3349 noctes?
676 3300 692 3347 8
715 3301 747 3350 ut
767 3295 916 3363 percipilcs
937 3296 1097 3362 sepotuissct
1114 3292 1140 3345 V
1163 3300 1195 3346 ut

162 3366 333 3436 peruipiiare
355 3372 448 3434 posset
474 3365 517 3419 ed.
555 3366 558 3431 i
596 3366 698 3432 froude
722 3367 811 3421 ullam
836 3364 862 3418 V
888 3382 956 3419 corr.
981 3366 1025 3420 ed.
1108 3371 1142 3417 14
1169 3371 1195 3418 et

166 3438 273 3502 sumac
287 3437 313 3490 V
331 3454 365 3491 oc
382 3439 403 3503 f.
423 3436 528 3506 Vergil.
543 3436 617 3491 libri.
689 3442 722 3491 15
741 3444 768 3492 ct
783 3438 876 3491 uultus
889 3436 922 3489 V.
989 3442 1022 3490 16
1042 3442 1068 3490 et
1085 3436 1194 3489 iconum

167 3506 239 3563 Vct
255 3524 310 3563 om.
330 3508 373 3563 ed.
453 3513 486 3561 19
506 3509 550 3562 ira
566 3507 590 3561 V
608 3510 650 3563 iia
668 3508 712 3562 ed.
786 3513 820 3560 20
838 3508 971 3575 fremebat
989 3508 1029 3562 leo
1044 3506 1069 3559 V
1087 3507 1194 3562 tenebat

167 3580 258 3634 leones
282 3579 326 3633 ed.
399 3585 433 3633 22
456 3580 561 3647 ferocia
578 3578 605 3632 V
626 3580 732 3649 fiducia
756 3579 800 3635 ed.
873 3584 912 3635 ‘tt
929 3577 1046 3635 deomV
1072 3578 1142 3633 daec
1158 3578 1209 3630 ab.

167 3656 201 3703 2⁷
221 3667 297 3704 noem
311 3650 337 3703 V
350 3667 417 3705 corr.
438 3652 481 3707 ed.
566 3658 600 3710 28
618 3654 755 3726 formaV
777 3672 851 3713 corr.
871 3654 918 3712 ed.
995 3657 1034 3707 ‘ab
1053 3648 1142 3706 uccV
1168 3661 1229 3699 unu

161 3719 258 3783 Vem‘l.
278 3718 351 3776 libzi.
370 3720 383 3792 l
399 3724 482 3781 dinus
503 3728 633 3790 obierant
652 3730 688 3791 V.
