2725 4150
206 352 248 420 18
491 349 941 406 noulnmraneavano.

205 518 344 596 cipienda
366 540 522 598 responsa,
540 541 601 581 non
618 520 702 579 misit
719 520 848 580 alterum
865 539 919 579 nec
937 519 1076 580 adhibuit
1094 519 1223 595 aliquem

205 608 311 686 sacris,
333 611 367 668 in
389 615 476 671 tanta
499 629 591 671 causa
609 611 730 669 tantum
748 609 923 688 diligentiae
942 607 1037 684 dedit,
1054 611 1091 668 ut
1107 609 1223 668 curaret

204 698 346 760 universa
369 719 422 777 per
444 720 475 761 se
498 700 575 759 nulli
596 699 708 759 habens
731 698 833 775 fidem,
855 698 978 775 plenum
999 697 1139 757 exhibens
1160 696 1222 757 offi-

205 788 285 848 cium
320 790 415 866 patris
452 792 483 849 et
517 790 605 868 regis.
664 791 783 848 centum
813 788 963 867 lanigeras
993 786 1139 847 mactavit
1168 786 1223 844 rite

204 877 335 939 bidentis
364 879 557 938 multitudine
588 878 765 937 animalium
796 878 973 954 obsequium
1004 877 1110 954 plenae
1139 893 1224 935 vene·
1255 887 1266 928 ὁ

203 968 330 1028 rationis
359 967 517 1026 ostendens
544 970 575 1027 et
600 969 633 1026 in
657 967 779 1045 negotio
802 967 859 1027 tali
881 986 912 1026 sa
935 965 1074 1026 exhibens
1097 966 1223 1043 largum.

205 1060 297 1134 atque
319 1058 427 1115 harum
449 1056 570 1116 effultus
593 1056 762 1135 tergoribus
786 1058 948 1133 stratisque
971 1056 1090 1115 iaccbat
1108 1055 1224 1116 velleri·

203 1144 273 1204 bus:
310 1164 376 1203 ecce
404 1163 464 1219 quo
491 1148 668 1222 pervenerat
695 1147 828 1224 dignitas
855 1146 935 1224 regis
961 1147 1085 1221 propter
1107 1143 1224 1220 expedi·

203 1233 295 1293 tionis
328 1233 478 1293 effectum:
514 1237 584 1312 post
615 1237 762 1313 plumam,
794 1237 864 1313 post
894 1236 991 1295 vestes
1023 1235 1104 1292 ostro
1135 1236 1224 1309 atque

204 1341 278 1381 auro
310 1322 456 1399 fulgentis
490 1324 607 1400 plebeio
643 1345 726 1385 more
761 1325 858 1384 iacuit
892 1325 925 1382 in
961 1322 1102 1398 pellibus,
1139 1320 1225 1400 gravi
1243 1333 1266 1375 1⁰

160 1426 323 1486 sequaque
346 1430 449 1472 earum
472 1415 562 1475 odore
585 1418 752 1476 contentus.
792 1414 891 1472 subita
908 1429 943 1471 ec
961 1412 1019 1469 aito
1037 1428 1093 1470 eoa
1110 1411 1226 1468 reddita

204 1501 267 1558 luco
290 1503 345 1558 est:
380 1504 510 1577 peractis
533 1504 727 1564 sollemnibus
750 1502 850 1562 subito
870 1502 898 1559 ei
920 1520 956 1559 ex
979 1500 1042 1559 alto
1064 1501 1131 1558 luco
1154 1499 1225 1558 talis

203 1587 322 1648 reddita
340 1594 386 1650 est
403 1611 470 1668 vox,
488 1595 545 1654 hoc
563 1596 610 1653 est
627 1594 713 1653 nulla
730 1610 814 1650 mora
831 1590 1011 1666 interposita
1029 1609 1065 1647 ex
1082 1588 1225 1648 interiore

203 1678 263 1736 luci
294 1681 380 1753 parte
412 1682 484 1741 talis
513 1703 571 1742 vox
603 1682 716 1756 extitit,
749 1699 825 1756 quae
858 1697 1034 1756 suspensum
1064 1678 1226 1737 instrueret

204 1767 416 1828 consulentem.
452 1787 489 1828 ue
502 1776 568 1844 pete
586 1772 718 1829 muubiis
736 1773 839 1828 autam
856 1770 968 1828 souare
981 1768 1111 1838 Latinis,
1126 1784 1142 1826 o
1160 1784 1226 1825 mea
1243 1777 1267 1820 rt

200 1849 366 1930 propcuies,
395 1859 533 1918 thalamis
560 1877 619 1917 uem
645 1859 728 1918 crede
752 1859 887 1930 paratis:
927 1859 1025 1916 sicui
1048 1857 1225 1933 oportunius

203 1947 307 2004 natam
329 1946 448 2025 iungas,
465 1947 518 2023 fili,
538 1948 657 2025 quaeris
679 1947 797 2007 audire:
820 1947 892 2024 fuge
913 1948 1037 2024 nuptias
1056 1965 1130 2023 quas
1152 1946 1225 2005 civis

203 2033 330 2094 Latinus
357 2037 504 2114 exposcit,
526 2057 582 2097 nec
608 2037 785 2098 transducat
807 2036 987 2097 sententiam
1009 2039 1095 2096 tuam
1117 2037 1225 2113 parata

203 2124 382 2185 coniunctio.
424 2129 534 2185 eaterui
560 2129 677 2186 uenient
700 2128 814 2202 perieris
846 2128 934 2203 quasi
956 2126 1042 2186 Italis
1066 2128 1120 2185 aut
1142 2144 1224 2202 pere·

203 2214 297 2291 grinis
320 2215 457 2290 pluribus
480 2216 604 2276 daturus
628 2219 706 2276 esset
728 2216 822 2275 filiam
843 2235 942 2292 suam,
959 2215 1005 2275 ita
1023 2215 1137 2292 plmali
1153 2233 1224 2273 usus
1243 2226 1267 2267 ¹⁰

203 2305 250 2362 est
280 2322 411 2363 numero.
457 2324 517 2364 non
548 2306 594 2365 ita
626 2309 684 2380 est,
716 2305 769 2364 sed
799 2305 878 2364 illud
906 2304 1142 2383 intellegendum
1171 2305 1225 2378 est,

202 2410 347 2468 responsa
376 2395 440 2452 sine
470 2394 667 2472 ambiguitate
696 2413 759 2453 esse
786 2415 846 2454 non
874 2413 970 2470 posse.
1016 2394 1091 2469 noli,
1116 2394 1225 2468 inquit,

203 2482 278 2541 civis
301 2500 421 2558 sperare
444 2503 480 2542 ex
498 2483 608 2560 quibus
625 2504 718 2542 unum
738 2483 852 2561 deligas
871 2484 964 2558 filiae,
983 2483 1035 2542 sed
1053 2483 1225 2560 peregrinos

203 2573 339 2647 expecta,
361 2572 393 2631 in
417 2593 545 2649 quorum
562 2591 686 2631 numero
706 2575 752 2631 est
768 2572 820 2630 ille
840 2574 887 2632 cui
906 2572 994 2631 debet
1010 2574 1090 2631 recte
1108 2570 1225 2630 sociari.

202 2661 253 2732 qui
281 2662 426 2734 saupuiue
455 2665 588 2720 uestrum
616 2679 721 2720 uomere
750 2662 783 2719 iu
810 2666 893 2720 astra
921 2663 1022 2735 feraut
1048 2677 1225 2733 quorumque
1242 2672 1266 2713 π

141 2760 222 2809 10οα
244 2750 335 2821 stirpe
356 2755 472 2821 uepotes
495 2752 595 2809 orama
617 2752 671 2809 sub
689 2751 830 2824 pedibus,
854 2769 913 2825 qua
932 2751 983 2809 Sci
1005 2755 1159 2823 utrumque
1181 2766 1225 2808 re·

202 2853 323 2895 curreus
351 2840 457 2911 aspicit
482 2838 643 2908 Oceanum,
670 2842 799 2913 certique
825 2841 942 2914 repique
965 2841 1118 2899 ridebunt:
1159 2857 1225 2898 ecce

202 2926 322 3001 quantis
355 2923 436 3002 [cum
465 2928 605 2988 laudibus
635 2929 802 3006 repeltitur
829 2949 864 2988 cx
888 2929 1007 2989 Aeneae
1036 2947 1163 3006 persona
1190 2931 1225 2986 ut
1273 2931 1277 2938 '

201 3015 266 3090 ipse
296 3015 406 3075 condat
435 3018 516 3093 quod
547 3019 700 3078 cumulent
728 3019 842 3095 posteri
871 3019 932 3095 sui,
963 3018 1044 3096 quod
1067 3037 1162 3094 usque
1187 3016 1225 3076 ad

202 3104 319 3163 caelum
341 3104 442 3165 levent
465 3109 495 3166 et
517 3106 646 3165 dilatent
668 3108 842 3185 imperando
866 3129 920 3184 per
940 3108 1053 3182 omnia,
1073 3126 1134 3184 qua
1152 3106 1224 3166 solis
1242 3119 1267 3160 cc

273 3316 289 3363 2
308 3311 384 3365 dedit
396 3310 422 3364 V
440 3312 568 3366 adtribuit
586 3312 630 3366 ed.
705 3317 720 3365 3
735 3329 789 3381 pro
807 3330 835 3367 se
854 3312 897 3366 ed.
976 3317 992 3366 t
1015 3313 1172 3381 obsequium
1195 3314 1224 3366 et

200 3383 341 3436 ostendeus
360 3383 472 3436 omed.
523 3383 823 3452 SeapetitiouiaVed.
876 3389 909 3435 16
928 3383 953 3436 si
971 3382 1055 3437 cuiV
1073 3387 1162 3439 sicut
1180 3384 1224 3437 ed.

203 3457 234 3503 19
254 3456 425 3508 matrimonii
442 3456 597 3509 cauiuuctic
616 3455 660 3509 ed.
682 3456 685 3526 1
707 3457 787 3509 ceteri
805 3470 856 3523 pro
873 3455 966 3523 peueri
979 3453 1012 3508 V.
1075 3461 1109 3508 20
1125 3458 1224 3524 piara-

198 3524 257 3576 lius
274 3532 306 3578 at
319 3525 345 3578 V
364 3542 432 3579 corr.
448 3526 491 3580 ed.
542 3531 577 3579 28
595 3526 722 3581 uuumV
740 3528 831 3580 uirum
850 3525 892 3579 ed.
945 3529 979 3577 24
997 3532 1065 3580 recte
1083 3526 1223 3582 sociariV

182 3595 238 3667 tuq
249 3596 322 3655 filia
341 3597 410 3650 add.
429 3598 472 3651 cd.
550 3603 584 3652 27
602 3599 732 3654 videbant
749 3596 782 3652 V.
857 3600 890 3649 28
909 3599 974 3665 post
992 3600 1103 3665 quantis
1121 3599 1223 3652 lacuna

167 3660 342 3731 qarndeerin
368 3667 432 3722 fere
456 3670 638 3743 litterarum,
661 3670 791 3742 sequitur
809 3670 927 3726 titumea
946 3686 1044 3723 aeaeae
1060 3686 1176 3737 pereum
1192 3675 1224 3723 ut

153 3736 219 3784 4088
238 3726 272 3781 V:
291 3737 426 3809 explevi,
451 3746 566 3804 temere
585 3751 661 3804 mut.
676 3747 724 3804 ed.
