2725 4150
555 318 810 374 mnnmosxn
1126 321 1192 387 619

169 499 263 566 quam
286 487 345 548 cito
369 489 424 548 aut
445 488 525 547 unde
546 487 687 548 inventae
711 489 782 547 sunt
805 487 902 546 scalae
924 506 1001 564 quae
1024 487 1117 546 muris
1142 487 1192 546 ad·

168 578 374 638 moverenturl
397 579 452 637 aut
473 596 565 654 quam
586 577 709 654 repente
731 576 811 655 ignis
830 576 983 653 apparuit!
1013 578 1086 636 haec
1109 579 1194 636 extra

168 685 272 726 muros
286 665 476 745 gerebantur,
488 665 598 743 incipit
616 664 870 743 perturbationem
886 665 1018 726 civitatis
1033 683 1193 743 exponere:

169 757 342 816 asarmot
355 755 410 815 alii
427 756 468 815 ad
480 760 597 830 portos,
621 775 658 815 ne
677 758 797 815 evectae
815 755 912 815 facilis
930 755 1082 833 ingressus
1100 756 1194 815 hesti-

136 844 225 906 ebus
249 846 364 905 darent
398 845 568 920 prtnosoae
590 845 751 913 trucidant,
779 845 835 904 hoc
863 847 909 904 est
935 844 1004 904 illos
1027 844 1082 921 qui
1103 843 1194 922 primi

168 933 423 1014 ingrediebantur.
458 935 574 1007 ferram
596 935 651 993 olii
672 937 805 1008 torqueat
830 938 857 993 ot
881 935 1054 993 obumbrant
1076 933 1194 994 oollae

169 1025 249 1084 tolie:
267 1022 432 1084 divisermt
445 1023 545 1084 officia
558 1022 763 1099 subveniendi
781 1042 910 1100 namque
928 1023 998 1082 aliis
1017 1023 1193 1083 curantibus

169 1115 274 1190 portas
297 1112 351 1173 alii
372 1112 501 1172 missilia
521 1113 583 1172 tela
599 1113 784 1189 torquebant
800 1114 888 1172 tanta
910 1113 1010 1188 eopia,
1032 1115 1068 1172 ut
1090 1112 1192 1173 obum-

170 1202 293 1262 bratum
306 1201 423 1262 caelum
439 1201 537 1262 videri
554 1221 615 1261 nen
627 1204 738 1277 posset.
770 1204 833 1275 ipso
849 1203 924 1260 tator
933 1203 1048 1276 primos
1060 1202 1194 1261 dootrom

124 1292 306 1351 retardabat
329 1292 470 1351 manaem
491 1290 611 1351 Aeaeos
636 1308 802 1366 mopooqoe
824 1292 941 1350 moueat
960 1308 1027 1350 ooco
1047 1291 1255 1351 admonere

170 1384 349 1454 testatam
370 1380 438 1440 door
463 1381 570 1440 itesam
591 1398 623 1439 se
645 1380 686 1440 od
704 1381 821 1454 proelio
843 1381 917 1455 copi,
948 1381 993 1439 bis
1014 1382 1076 1439 lom
1098 1381 1194 1440 Italos

169 1470 273 1539 boob,
295 1470 368 1529 baec
389 1470 484 1529 altera
500 1470 620 1544 foedera
641 1471 756 1545 rwopa':
778 1489 846 1529 cum
868 1469 930 1529 tela
951 1471 1015 1528 tam
1036 1470 1194 1529 innumera

170 1579 185 1618 e
204 1559 300 1618 muris
312 1558 489 1635 iacerentur,
508 1578 577 1618 cum
592 1558 653 1619 fusi
666 1562 736 1619 ante
750 1561 853 1635 portas
868 1558 965 1635 aliqui
979 1559 1194 1635 occubuissent,

169 1647 289 1708 Aeneas
312 1648 410 1708 adhuc
433 1666 464 1708 se
489 1648 657 1708 benivolum
681 1647 790 1709 Latino
819 1647 1021 1723 monstrabat,
1050 1647 1194 1707 tendebat

125 1757 151 1798 rs
168 1739 315 1797 inermem
337 1737 504 1810 dexteram,
536 1738 617 1814 quod
647 1738 707 1796 fuit
739 1738 860 1815 signum
888 1736 1018 1797 nolentis
1047 1757 1193 1816 pugnare,

169 1827 352 1903 loquebatur
382 1827 476 1886 etiam
506 1846 618 1905 magna
644 1845 717 1887 voce
746 1825 850 1885 Latini
879 1826 1096 1886 incusationem
1124 1847 1192 1904 pro·

169 1934 306 1994 sequens.
338 1917 476 1995 generale
494 1917 551 1977 beo
568 1919 627 1992 est3
649 1936 710 1976 non
733 1915 814 1974 enim
834 1915 1003 1992 specialiter
1021 1917 1098 1976 dixit
1117 1935 1193 1993 quae

170 2006 339 2066 contineret
355 2004 512 2082 prolixitas
535 2006 617 2067 vocis
641 2009 672 2065 et
694 2006 858 2065 clamorum
880 2004 1072 2084 magnitudo:
1096 2006 1192 2083 suspi-

170 2098 233 2156 cari
250 2099 354 2155 tamen
372 2095 477 2172 aliqua
494 2115 653 2173 pessumus
671 2113 727 2173 pro
745 2114 872 2173 persona
890 2094 1050 2171 loquentis.
1073 2095 1193 2155 sienim

130 2204 155 2244 sc
170 2184 298 2246 Latinus
321 2189 461 2246 constans
479 2184 588 2245 fuisset
608 2185 641 2244 in
660 2184 834 2244 ordinandis
852 2183 933 2243 filiae
951 2184 1079 2260 nuptiis,
1102 2188 1129 2245 si
1146 2187 1194 2245 tet

171 2274 304 2335 adversio
327 2276 405 2334 esset
427 2274 614 2349 emendatus,
637 2293 698 2333 nen
720 2273 874 2333 veniretur
898 2274 936 2333 ad
953 2274 1036 2334 talin.
1073 2294 1193 2353 magna,

170 2365 284 2441 inquit,
311 2382 397 2437 voce,
425 2363 514 2423 aliter
536 2366 647 2441 quippe
669 2363 754 2441 loqui
780 2382 841 2422 nen
865 2363 967 2422 debuit
994 2364 1047 2440 qui
1069 2366 1192 2441 cogente

171 2454 216 2512 ira
244 2457 275 2513 et
302 2455 452 2530 strepente
479 2453 724 2529 perturbatorum
753 2453 888 2512 tumultu
918 2451 1059 2529 cupiebat
1086 2452 1193 2512 audiri.

171 2542 340 2603 testabatur
362 2545 464 2602 autem
487 2542 570 2616 deos,
595 2542 648 2620 qui
670 2542 727 2602 soli
751 2544 952 2601 humanarum
975 2541 1192 2619 cogitatienum

135 2644 156 2687 a
171 2631 257 2711 gnari
281 2632 366 2706 sunt,
393 2631 523 2693 invitum
546 2650 609 2693 sese
636 2632 717 2690 inter
738 2630 827 2690 initia
855 2631 887 2688 in
916 2634 1066 2690 certamen
1089 2631 1192 2707 exisse,

171 2722 300 2781 invitum
312 2722 423 2780 iterum
439 2721 514 2800 cogi.
537 2722 618 2781 iusta
631 2722 706 2780 haec
720 2720 891 2799 obiurgatio
905 2721 977 2795 fuit3
995 2721 1094 2796 prime
1113 2720 1194 2779 enim

170 2810 228 2888 ipsi
251 2813 412 2886 coeperant
433 2810 561 2889 bellum,
583 2810 644 2886 ipsi
667 2811 759 2870 etiam
781 2828 900 2869 rursum
922 2809 1065 2869 facientes
1088 2811 1193 2869 contra

171 2899 317 2960 humanas
341 2902 372 2958 et
390 2898 508 2961 divinas
530 2900 625 2978 leges,
652 2901 824 2976 rumpentes
847 2900 956 2958 iterum
979 2897 1109 2957 foedera.
1146 2916 1192 2959 oa·

171 2991 264 3048 oritor
286 2988 414 3063 trepidos
435 2990 512 3048 inter
532 2989 681 3049 discordia
704 2990 790 3048 avis:
818 2988 998 3048 discordiam
1026 2988 1102 3046 dixit
1129 2987 1192 3047 ani·

133 3087 156 3129 ⁸⁰
170 3098 287 3139 morum
311 3077 464 3138 dissimilis
487 3081 587 3138 motus
611 3081 642 3138 et
664 3097 723 3137 non
747 3078 806 3137 sibi
828 3076 1049 3137 consentientis.
1085 3077 1194 3153 incipit

243 3220 257 3267 1
286 3220 363 3268 cente
385 3213 411 3267 V
438 3216 565 3268 inventae
597 3213 640 3267 ed.
728 3217 743 3265 3
772 3228 904 3281 exponere
929 3212 955 3266 V
982 3212 1120 3267 ostendere
1148 3212 1192 3266 ed.

171 3292 187 3338 4
215 3291 320 3341 raedae
344 3284 370 3338 V
397 3291 509 3353 opertae
537 3284 579 3337 ed.
608 3285 757 3352 effractae?
839 3288 854 3336 9
882 3284 974 3338 cidere
996 3282 1022 3336 V
1050 3299 1119 3337 corr.
1148 3282 1191 3336 ed.

172 3361 205 3410 10
232 3357 361 3412 tendebat
386 3357 515 3411 immam
543 3354 587 3426 (cf.
613 3356 674 3424 311)
700 3354 726 3408 V
752 3354 933 3409 confirmatur
959 3354 1192 3423 interpretatione

170 3429 220 3483 acb
238 3429 348 3483 mosaic
366 3428 453 3482 tondit
473 3427 517 3481 ed.
537 3429 566 3481 et
584 3427 668 3496 Verg.
688 3426 762 3481 libri.
836 3431 868 3479 11
890 3427 942 3481 iter
960 3442 988 3481 se
1003 3425 1030 3479 V
1046 3427 1193 3481 inreritum

171 3499 252 3554 edFI
269 3515 298 3554 sc
314 3499 433 3553 taciturn
449 3498 492 3552 ed.
507 3500 579 3567 post.
645 3503 677 3552 12
697 3503 755 3552 tom
773 3514 827 3552 om.
843 3497 886 3552 ed.
917 3496 920 3568 l
948 3496 1130 3552 iaoooaoreV
1147 3499 1193 3551 ia-

169 3588 286 3625 aroncro
304 3569 348 3624 ed.
366 3572 487 3625 tenos.
547 3574 580 3623 13
599 3571 720 3625 iacerem
739 3570 781 3623 ed.
843 3575 875 3623 16
895 3567 1016 3624 etiomV
1034 3571 1107 3624 caim
1126 3569 1190 3640 ed}

171 3642 343 3697 incusatione
356 3640 383 3694 V
396 3657 465 3696 corr.
480 3641 523 3695 ed.
591 3646 624 3695 19
640 3639 826 3711 pomomcsV
844 3640 968 3696 dirimas
985 3641 1034 3694 ed.
1098 3646 1137 3691 ‘tt
1151 3658 1198 3693 ue

169 3719 277 3766 metor
292 3712 318 3765 V
332 3714 437 3768 reniret
455 3714 498 3768 ed.
576 3719 611 3769 2⁵1
631 3731 734 3772 careas
754 3713 800 3771 ed.
