2725 4150
556 356 810 412 lnnnmosxn
1128 358 1193 426 559

171 544 295 586 causam
317 528 348 585 et
370 527 561 585 coniunctum
584 544 653 585 cum
670 543 725 586 sue
743 525 911 602 periculum
928 524 1075 603 depellere
1094 524 1193 603 cupie

169 615 238 691 bat,
262 615 434 676 decreverat
452 615 563 693 quippe
580 614 669 674 illum
687 617 829 674 eventum
846 615 1017 674 certaminis
1039 614 1124 692 sequi
1142 615 1194 691 qui

170 706 337 780 excepisset
354 707 385 763 et
403 705 545 764 Turnum
578 705 693 774 Preme,
711 721 768 778 per
784 704 847 763 hoe·
859 721 907 778 epo
926 707 952 762 te
970 704 1118 773 lacrimae,
1138 721 1194 778 per

169 794 199 852 si
221 795 287 868 qcte
308 792 436 854 Amatae
458 795 553 868 tanqit
573 794 665 852 henos
687 794 836 852 animum:
857 793 970 852 habent
992 793 1112 872 singula
1134 793 1193 853 vir·

138 884 267 942 stutem
290 901 385 944 suam.
422 884 666 943 commemoratio
690 883 769 941 enim
792 883 823 941 in
846 881 943 959 primo
968 883 1097 957 nominis
1120 901 1193 941 non·

169 973 289 1031 nullum
311 971 376 1032 veri
398 972 509 1032 amoris
531 974 681 1032 monstrat
704 971 863 1031 adfectum.
900 992 955 1048 per
976 971 1031 1031 has
1053 972 1193 1031 lacrimas

170 1080 232 1136 non
253 1062 409 1122 referentis
437 1065 483 1122 est
508 1081 580 1137 vox,
608 1061 660 1122 sed
688 1060 934 1136 demonstrantis;
962 1061 1059 1121 maior
1081 1061 1194 1138 quippe

170 1151 327 1210 oculorum
341 1170 432 1228 quam
446 1150 562 1211 aurium
576 1150 649 1211 fides
668 1153 721 1210 est.
752 1154 883 1210 ceterum
898 1149 925 1209 si
938 1151 1071 1210 dolorem
1084 1151 1193 1210 mentis

170 1240 333 1316 adsereret,
357 1242 500 1318 quoniam
523 1240 694 1300 inocculto
719 1241 777 1315 est,
804 1239 943 1299 dubitare
967 1240 1003 1299 de
1026 1259 1060 1298 eo
1084 1245 1193 1316 posset,

127 1332 339 1389 reremaneret
359 1331 499 1390 incertus.
532 1329 674 1389 lacrimae
696 1347 768 1390 vero
788 1329 899 1388 doloris
922 1328 1059 1404 nuntiae,
1082 1330 1194 1389 doloris

168 1417 297 1494 indices,
320 1419 432 1479 doloris
450 1420 542 1478 testes
561 1420 592 1477 et
610 1422 682 1478 tune
698 1419 826 1478 maxime
846 1420 985 1478 certiores
1009 1437 1077 1478 eum
1090 1438 1193 1479 vocem

170 1527 206 1568 ac
229 1508 320 1569 verba
342 1508 548 1584 praeveniunt.
584 1508 727 1568 lacrimae
749 1507 879 1583 probant
907 1509 980 1585 quid
1003 1510 1127 1586 geratur
1147 1508 1192 1566 iu·

168 1599 263 1658 terius
283 1601 314 1657 et
332 1597 494 1657 ostendunt
511 1597 608 1657 cordis
627 1598 779 1674 animique
796 1599 955 1657 tormenta.
993 1616 1061 1676 ego,
1083 1597 1193 1675 inquit,

168 1691 214 1762 te,
236 1689 293 1747 hoe
316 1689 363 1747 est
385 1706 439 1765 ego
464 1705 540 1763 quae
563 1688 594 1745 te
616 1686 754 1763 plurimis
772 1688 918 1762 praetuli,
937 1705 992 1765 ego
1013 1706 1090 1764 quae
1109 1690 1139 1746 te
1157 1689 1193 1745 ut

127 1793 150 1835 rs
168 1776 266 1836 filium
284 1776 391 1854 diligo,
415 1796 470 1855 ego
490 1795 566 1853 quae
588 1779 618 1835 te
637 1777 741 1836 mariti
757 1777 818 1834 mei
838 1775 974 1836 sensibus
992 1775 1114 1851 tradidi,
1137 1795 1192 1853 ego

169 1885 248 1942 quae
279 1869 310 1925 te
342 1867 441 1941 prima
474 1885 617 1943 generum
646 1865 721 1941 dixi,
751 1867 781 1924 te
814 1867 977 1942 optimum,
1008 1868 1039 1925 te
1069 1865 1193 1944 dignum

167 1956 250 2015 filiae
272 1956 380 2014 virum.
426 1955 453 2014 si
475 1955 569 2014 animi
590 1954 639 2014 tui
660 1956 845 2031 reciprocam
866 1974 982 2014 mereor
1004 1955 1113 2030 vicem,
1141 1955 1192 2013 ad-

166 2047 257 2106 mitte
280 2045 355 2122 quid
378 2043 484 2105 dicam.
524 2061 591 2118 spes
613 2048 645 2103 tu
667 2061 747 2104 nunc
768 2062 832 2104 aaa
854 2047 997 2115 senectae,
1025 2049 1057 2104 tc
1079 2045 1193 2119 repetes

166 2136 309 2194 mamae:
337 2137 371 2193 tu
398 2134 479 2194 idem
504 2152 566 2193 una
594 2152 662 2211 spes
690 2135 815 2193 miserae
846 2134 1007 2195 senectutis
1029 2154 1127 2209 meae,
1157 2137 1193 2193 tu

120 2242 148 2283 ac
167 2224 331 2302 singularis
349 2225 479 2303 requies,
498 2243 553 2283 nee
571 2226 616 2283 est
635 2224 696 2282 elia
714 2224 834 2302 praeter
851 2226 891 2282 te.
918 2224 1006 2282 decus
1023 2225 1192 2296 imperium-

167 2330 224 2387 que
237 2314 343 2373 Latini
365 2317 392 2372 te
409 2330 513 2388 peaes,
536 2314 570 2371 tc
592 2317 619 2371 te
640 2314 737 2372 omem
755 2313 859 2371 domm
876 2313 1021 2372 inclinata
1038 2314 1192 2372 recumbit:
1276 2339 1278 2346 v

168 2405 380 2463 ornamentum
401 2402 498 2462 nostri
520 2403 651 2461 nominis
674 2405 705 2461 et
727 2403 844 2480 generis
867 2404 903 2460 tu
926 2420 971 2477 es,
996 2402 1027 2460 in
1051 2404 1080 2461 te
1105 2421 1191 2461 omne

167 2492 287 2570 pondus
310 2494 430 2551 nostrae
448 2491 634 2568 posteritatis
656 2490 812 2551 incumbit.
846 2492 903 2550 hoe
924 2490 992 2550 ideo
1016 2492 1088 2568 quia
1111 2492 1191 2568 quod

165 2582 347 2642 inclinatum
371 2583 432 2657 est,
459 2582 491 2639 ni
515 2582 626 2640 auxilio
649 2580 817 2640 sustinetur
839 2581 977 2655 alterius,
1003 2599 1073 2639 mox
1096 2582 1191 2656 cadet,

118 2688 147 2729 ss
167 2672 196 2731 si
219 2670 416 2730 subtrahatur
438 2689 497 2747 quo
520 2670 617 2729 fertur
643 2672 674 2729 et
700 2670 825 2749 regitur.
870 2688 940 2747 ergo
969 2670 1094 2729 cavebat
1118 2670 1191 2729 haec

167 2780 206 2819 ne
236 2779 303 2820 eum
332 2760 434 2819 Turno
465 2759 584 2820 caderet
613 2759 696 2836 quod
726 2779 786 2819 non
818 2760 882 2819 sine
915 2758 1097 2819 adminiculo
1127 2759 1190 2819 eius

167 2851 291 2928 poterat
320 2849 491 2926 perdurare.
536 2849 611 2909 haee
641 2848 766 2908 dicendo
796 2847 927 2907 ostendit
956 2866 987 2907 se
1016 2848 1094 2907 illud
1123 2867 1190 2908 sua·

168 2958 270 2999 surram
293 2959 331 2997 ne
354 2957 385 2998 se
408 2938 556 3017 singulari
578 2958 699 3016 pugnae
723 2938 929 2998 committeret.
964 2940 1054 3014 atque
1077 2940 1113 2996 ut
1134 2939 1191 2998 hoc

166 3029 275 3088 melius
299 3028 497 3105 conprobaret
518 3046 594 3104 puro
618 3027 737 3087 adfectu
758 3027 947 3102 descendere,
970 3045 1077 3086 causae
1096 3027 1191 3086 Turni

116 3136 146 3176 eo
168 3136 257 3177 suam
279 3135 400 3194 quoque
424 3117 580 3177 coniunxit
602 3116 702 3176 dicens
729 3135 822 3175 unesm
846 3134 909 3185 ore,
941 3117 1046 3175 desiste
1068 3135 1190 3175 manem
1210 3126 1243 3175 60

168 3208 342 3267 committere
365 3208 502 3266 Teucras:
529 3227 637 3282 uuum,
667 3206 782 3266 seilicet
804 3205 886 3282 quod
913 3205 1012 3265 fuerat
1038 3207 1137 3266 solum
1160 3209 1191 3265 et

241 3400 257 3448 6
276 3396 553 3450 coenmeraorattccem
566 3393 593 3447 V
610 3397 666 3451 -tio
685 3395 729 3449 ed.
748 3396 803 3450 -tic
821 3396 893 3449 enim
912 3410 970 3449 nos.
992 3393 996 3467 l
1017 3396 1049 3448 ta
1062 3393 1190 3462 prich

165 3468 200 3522 iet
215 3467 307 3535 primo
325 3482 376 3519 nos
390 3467 482 3535 primo
500 3466 544 3520 ed.
602 3471 617 3519 9
636 3468 768 3536 ecoctam
781 3465 807 3518 V
825 3484 887 3521 eum
906 3465 948 3519 ed.
975 3467 978 3538 l
1000 3471 1093 3535 poscet
1105 3464 1131 3517 V
1145 3466 1189 3519 ed.

161 3555 195 3608 p.
215 3542 260 3592 et?
335 3543 370 3591 14
388 3553 402 3591 e
419 3553 436 3592 o
453 3554 523 3606 pace
540 3544 566 3592 te
582 3543 710 3592 tet-15
728 3538 835 3593 madidi
853 3554 906 3591 om.
922 3537 965 3590 ed.
1043 3542 1075 3590 16
1096 3538 1190 3605 prima

164 3626 296 3680 penarum
314 3609 377 3663 diei
433 3608 559 3677 conupit
576 3608 620 3663 cd.
689 3614 724 3662 24
743 3611 775 3664 tc
792 3610 899 3664 auxilio
912 3608 938 3661 V
956 3611 988 3664 eet
1006 3625 1074 3663 aue.
1091 3607 1189 3733 editp

164 3682 338 3737 sustineatur
355 3679 425 3734 edF.
486 3685 519 3733 27
536 3681 684 3750 perducere
697 3680 723 3733 V
737 3681 891 3749 perdurare
910 3680 953 3735 ed.
1016 3686 1048 3734 31
1069 3697 1151 3749 wem

165 3752 242 3823 qaod
260 3750 304 3806 ed.
323 3750 368 3822 (cf.
387 3751 461 3821 quod
477 3768 528 3820 pro
547 3769 630 3820 quam
647 3770 672 3807 v.
689 3752 741 3822 39).
