2725 4150
470 399 474 406 .
573 345 757 404 mauros
775 347 814 401 ix
1140 348 1202 416 197

183 527 314 579 inserere
337 519 380 593 et,
406 519 444 576 ut
465 517 577 596 maiore
604 516 662 576 fide
686 515 875 592 consisteret,
901 515 969 576 vult
991 514 1088 576 videri
1109 515 1204 575 Musis

183 606 417 686 suggerentibus
439 606 575 682 posuisse
597 606 765 666 veritatem.
800 605 908 682 incipit
932 605 994 664 iam
1016 604 1102 680 loqui
1124 603 1206 681 quod

183 697 283 758 veluti
312 696 416 756 Musae
447 696 572 774 rogatae
604 694 779 755 docuerunt
833 699 959 767 tempore
988 711 1044 766 qao
1071 694 1249 767 pamamso

183 787 316 862 Pbrppa'a
337 785 487 859 formabat
512 785 546 844 in
571 784 633 844 ida
654 782 774 844 Aeneas
800 783 923 844 classem
945 786 972 842 et
989 784 1090 858 pelapc'
1107 786 1206 856 petere

153 890 166 930 s
185 876 248 936 atta
264 876 399 949 parabat
421 874 490 948 ipsa
507 874 594 934 dcam
610 873 707 947 fertur
721 874 853 948 penaria
870 872 1047 948 Berecyntia
1063 889 1206 946 mapamn

183 964 304 1031 accitas
329 964 376 1023 bis
404 963 511 1037 adfata
536 962 650 1023 lavem:
681 965 801 1040 tempus
830 965 860 1023 ot
886 961 987 1022 locum
1009 963 1041 1021 et
1062 979 1228 1040 personas*

185 1055 215 1114 et
243 1073 308 1112 rem
336 1053 452 1130 posuit,
484 1052 591 1129 quibus
623 1053 786 1112 maximam
817 1049 973 1112 relationis
1002 1050 1091 1110 fidem
1120 1050 1206 1126 fecit3

183 1145 258 1203 tune
280 1142 359 1203 enim
381 1161 488 1202 verum
510 1142 680 1202 ostenditur
702 1141 830 1216 laetum,
857 1159 925 1200 eum
950 1139 1062 1201 dicitnr
1085 1139 1206 1217 quando

184 1232 318 1292 extiterit
340 1235 372 1292 et
393 1230 447 1290 ubi
469 1232 500 1289 et
523 1231 630 1307 quibus
654 1229 865 1289 adnitentibus.
903 1229 1013 1306 Itaque
1030 1228 1206 1290 memoriam

139 1335 168 1376 ro
183 1320 285 1399 tangit
306 1321 390 1381 illius
413 1319 557 1396 temporis
581 1339 640 1397 quo
662 1337 850 1398 regressurus
869 1318 986 1378 Aeneas
1009 1338 1045 1378 ex
1067 1319 1206 1379 litoribus

185 1411 304 1488 patriae
334 1428 405 1470 suae
434 1409 559 1487 navigia
588 1408 803 1488 praeparabat,
833 1409 912 1469 sicut
940 1407 973 1467 in
1000 1408 1098 1484 prima
1121 1411 1206 1486 parte

184 1499 269 1560 tertii
286 1499 358 1559 libri
376 1490 427 1580 (5)
449 1498 563 1557 dictum
585 1501 632 1559 cst
653 1498 861 1574 „classemque
884 1496 939 1557 sub
962 1497 1030 1573 ipsa
1048 1495 1206 1557 Antandro

184 1591 217 1648 et
242 1588 393 1667 Pbrygiae
420 1588 562 1648 molimur
583 1587 735 1648 montibus
762 1585 867 1647 Idao“.
910 1604 971 1645 non
998 1588 1100 1663 posset
1127 1586 1207 1646 enim

184 1678 245 1738 nisi
268 1677 395 1739 navibus
413 1677 532 1756 fugere,
554 1695 632 1753 quae
649 1676 716 1754 ipso
735 1680 870 1753 tempore
888 1694 949 1734 non
967 1676 1097 1735 fuerunt.
1130 1674 1208 1736 dixit

140 1779 167 1821 ra
184 1770 318 1844 tempus,
336 1766 413 1826 dixit
431 1767 531 1828 locum
549 1769 579 1826 et
596 1765 726 1842 speciem
744 1765 819 1825 facti
832 1767 863 1825 ot
876 1763 953 1824 dixit
970 1765 1060 1841 plena
1078 1765 1207 1824 auotori-

184 1859 263 1933 tate3
285 1857 441 1916 manifeste
463 1856 543 1915 enim
565 1856 723 1916 constabat
745 1854 869 1914 Aenean
891 1855 1016 1933 navigia
1036 1853 1207 1914 fabricasse.

185 1946 239 2006 ubi
258 1945 298 2005 ad
315 1965 380 2006 eam
397 1948 516 2022 partem
532 1946 616 2005 venit
634 1963 712 2022 quae
731 1946 763 2003 in
783 1945 865 2005 caelo
884 1946 916 2003 et
932 1945 1013 2004 inter
1033 1943 1104 2006 deos
1123 1946 1208 2023 gesta

186 2034 350 2112 dicebatur,
368 2034 413 2096 ait
429 2037 498 2112 ipsa
511 2034 601 2095 deum
614 2034 711 2095 fertur
724 2034 860 2113 genetrix
873 2033 1052 2112 Berecyntia
1065 2053 1208 2114 magnum

185 2125 310 2186 vocibus
332 2124 380 2185 his
403 2125 509 2185 adfata
530 2124 646 2185 Iovemz
676 2126 752 2184 haec
774 2123 841 2202 quis
865 2123 1002 2186 audivit?
1035 2124 1116 2201 quis,
1139 2143 1208 2184 cum

140 2230 168 2271 ro
187 2214 365 2290 dicerentur,
382 2212 542 2274 interfuit?
569 2215 637 2289 quis
656 2213 793 2274 aseendit
810 2212 948 2273 eaelum?
975 2213 1023 2273 vel
1043 2213 1111 2290 quis
1129 2213 1208 2288 inde,

186 2306 222 2363 ut
250 2304 387 2377 referret,
419 2301 591 2363 descendit?
627 2303 707 2363 solas
739 2303 842 2363 Musas
874 2320 1032 2379 possumus
1067 2302 1209 2362 arbitrari

184 2392 354 2453 insinuasse
372 2392 515 2471 Vergilio,
534 2394 566 2452 et
583 2393 727 2468 quoniam
745 2391 837 2452 etiam
855 2392 899 2451 sic
917 2393 1037 2467 poterat
1055 2390 1209 2451 aestimari

186 2481 366 2557 fabulosum,
380 2482 425 2542 ait
438 2483 506 2559 ipsa
520 2481 608 2540 deum
622 2481 720 2541 fertur
733 2480 869 2559 genetrix
878 2480 1056 2557 Berecyntia
1064 2498 1207 2557 magnum

186 2570 310 2633 vocibus
328 2571 375 2631 bis
394 2571 500 2630 adfata
516 2570 627 2630 Iovem.
664 2571 769 2644 fertur,
786 2569 896 2646 inquit,
914 2569 1016 2628 locuta
1040 2568 1078 2627 ad
1095 2568 1208 2644 Iovem,

141 2674 168 2715 sc
186 2662 335 2721 incertum
357 2661 471 2738 posuit,
489 2659 562 2736 quia
578 2679 683 2720 verum
702 2659 772 2719 seiri
789 2677 849 2718 non
867 2658 976 2735 potuit.
1010 2658 1085 2716 haec
1107 2659 1209 2717 autem

186 2750 280 2811 fuisse
309 2752 514 2809 memorantur
540 2748 633 2809 verba
666 2748 863 2826 postulantiss
908 2747 961 2816 da,
991 2751 1072 2816 acte,
1098 2748 1209 2820 petenti

132 2833 138 2845 ’
186 2837 282 2916 [gaad
309 2844 361 2900 taa
388 2857 461 2899 cara
484 2855 596 2911 parcas
623 2838 729 2897 domito
757 2841 783 2896 te
805 2838 901 2911 poscit
929 2834 1083 2912 opopa:
1113 2837 1209 2896 mixta

187 2929 280 2988 dictio
311 2928 423 2989 habens
457 2928 667 2987 auctoritatem
699 2926 819 3002 matris,
852 2926 965 2986 habens
997 2927 1028 2985 ot
1058 2926 1208 3004 poscentis

185 3016 330 3078 blandam
343 3036 456 3078 vocem.
482 3017 522 3076 da
536 3016 615 3076 onim
629 3035 697 3075 oum
711 3016 753 3075 sit
765 3015 961 3093 imperativus
975 3014 1091 3089 modus,
1108 3018 1209 3092 potest

141 3120 169 3161 eo
187 3107 342 3167 ostendere
369 3106 509 3167 fiduciam
536 3106 684 3184 parentis,
712 3105 788 3165 dixit
814 3107 898 3179 nate,
926 3106 1008 3181 quod
1034 3123 1142 3164 nomen
1170 3105 1209 3163 ad

186 3196 358 3273 inpetrandi
382 3214 502 3256 causam
524 3196 599 3255 satis
622 3194 798 3272 abundeque
819 3196 986 3271 supererat,
1009 3196 1145 3253 secutum
1163 3197 1209 3253 est

187 3283 316 3363 petenti,
343 3286 379 3345 ut
407 3285 527 3345 facilius
556 3286 721 3344 mereretur
749 3283 906 3361 postulans
930 3302 1007 3359 quae
1033 3282 1134 3341 iubere
1159 3282 1207 3342 de·

186 3375 302 3434 buerat
340 3376 371 3433 et
392 3374 449 3433 hoc
470 3373 571 3451 ipsum
593 3372 681 3448 facit,
710 3374 798 3451 quasi
825 3373 906 3431 dicat
933 3371 1010 3431 nihil
1036 3371 1208 3449 negandum

259 3526 462 3582 beecbintbia
475 3524 509 3580 V.
583 3530 617 3579 14
635 3527 702 3594 qaia
715 3524 799 3580 Ved.
818 3540 966 3595 paeones.
1035 3529 1067 3577 22
1087 3525 1169 3579 ctione
1182 3523 1209 3577 V

188 3598 392 3654 acaedam.
411 3596 455 3653 ed.
474 3598 546 3665 post.
618 3601 652 3650 25
670 3596 800 3651 eiramV
817 3614 911 3652 cerasa
928 3596 974 3651 ed.
1041 3601 1075 3649 ‘m
1097 3595 1217 3664 quod-

191 3669 307 3740 Olympo
325 3668 404 3723 deest
419 3669 450 3723 in
466 3668 497 3737 V,
517 3668 568 3725 sed
587 3667 757 3741 explicatur.
813 3667 1088 3729 pseusennes.
1135 3669 1179 3717 bx
1195 3678 1240 3715 se-

182 3746 273 3793 canam
291 3738 454 3796 Vaeaurum
473 3742 517 3797 ed.
595 3749 632 3802 33
651 3745 787 3819 factatV
807 3746 855 3805 od.
