2725 4150
540 323 804 380 luminosum
1123 327 1187 393 123

163 498 320 561 secantem,
345 495 496 552 cnerntens
519 495 653 568 Vbntris,
677 494 757 553 coeto
777 494 966 567 erratissimus
988 494 1095 551 annis.
1127 511 1188 553 non

164 582 347 661 adroganter
369 582 472 661 tetigit
493 583 597 643 laudes
617 602 696 656 suas,
714 582 766 642 sed
784 584 963 656 neccssarie;
986 581 1090 641 debuit
1109 583 1187 641 enim

164 673 282 731 Aeneas
296 671 464 731 multifario
479 672 567 733 modo
583 674 650 750 quis
664 672 716 731 illo
731 676 810 732 esset
828 670 1021 731 consiliorum
1038 670 1187 730 bonorum

163 762 422 822 commodissimus
446 762 667 822 demonstrator
690 762 844 821 evidenter
866 760 1034 835 attendere,
1060 762 1096 819 ut
1118 779 1186 820 con·

133 866 146 907 s
163 851 295 912 siderate
314 853 468 910 tantorum
488 854 610 911 auctore
629 850 779 911 dictorum
801 850 906 909 fideret
928 868 1000 910 vcra
1022 867 1086 910 esse
1109 868 1187 926 quae

163 939 283 1000 viderat
301 942 391 1015 atque
416 939 539 1001 auribus
563 944 740 1017 sumpserat.
772 941 819 999 tric
841 940 912 999 miti
934 956 1047 1013 moene
1070 940 1232 998 domnsrot

162 1030 212 1090 hic
241 1029 299 1101 ait,
327 1048 506 1104 someron,
533 1031 583 1090 hic
611 1029 795 1090 domicilium
823 1030 932 1103 habeo,
959 1030 1008 1088 hic
1036 1028 1112 1087 dixit
1134 1027 1188 1086 ubi

162 1118 354 1195 loquebatur.
407 1120 491 1178 celsis
516 1124 605 1193 capnt
632 1120 757 1178 urbibus
786 1120 857 1177 enit:
886 1118 1046 1197 originem,
1077 1118 1187 1195 inquit,

163 1227 235 1268 vero
260 1210 290 1265 et
313 1210 406 1283 caput
428 1208 508 1268 inter
531 1210 662 1269 excelsas
685 1207 768 1268 urbis
790 1207 894 1267 habeo.

119 1313 146 1353 ιο
235 1298 334 1364 Dicit,
359 1297 463 1356 deinde
486 1298 554 1357 loen
576 1300 687 1369 flnctus
709 1315 740 1356 se
762 1298 893 1356 condidit
914 1298 972 1355 atto
995 1298 1188 1369 innectens:

162 1386 254 1445 rediit
281 1385 319 1444 ad
345 1387 446 1445 sedem
472 1387 627 1464 propriam
655 1405 802 1463 aquarum
830 1385 979 1462 profundo
1008 1385 1188 1461 submersus,

163 1496 232 1536 cum
255 1494 290 1533 ea
308 1476 475 1550 complesset
493 1496 571 1553 quae
589 1476 765 1537 instruendo
783 1476 848 1534 viro
866 1476 989 1534 fuerant
1010 1476 1187 1534 necessaria.

162 1583 221 1624 non
240 1563 364 1623 Aenean
387 1584 562 1638 sornnnsqne
583 1567 715 1639 retinnit:
737 1565 814 1624 nihil
837 1564 961 1624 celerius
984 1563 1045 1622 dici
1067 1564 1115 1624 vel
1139 1563 1187 1622 de·

163 1653 254 1715 scribi
283 1653 397 1730 potuit,
427 1658 462 1714 ut
490 1655 614 1714 Aenean
642 1655 884 1732 expergefactum
914 1656 945 1713 et
973 1655 1091 1712 noctem
1118 1670 1186 1711 con·

119 1758 145 1798 is
163 1746 317 1820 sumptam
350 1762 412 1803 esse
448 1747 630 1804 monstraret
665 1747 845 1820 tantumque
882 1743 1006 1801 Aenean
1043 1741 1186 1800 dormisse

164 1836 313 1910 quantum
337 1831 386 1890 dei
409 1834 635 1893 commonitioni
658 1835 780 1893 tuffeeit.
826 1832 927 1911 potuit
955 1832 1035 1891 onim
1061 1831 1126 1890 fieri
1153 1833 1188 1889 ut

164 1925 234 1981 ante
257 1923 354 1981 lucem
377 1924 477 1982 media
500 1928 586 1983 nocte
610 1923 774 2002 vigilasset.
820 1921 952 1981 reddidit
978 1924 1069 1998 poeta
1092 1921 1186 1981 totius

163 2011 260 2071 noctis
279 2010 441 2071 rationem:
460 2012 492 2070 in
510 2013 608 2090 prima
627 2016 713 2091 parte
732 2012 874 2091 vigilavit
887 2012 1005 2072 Aeneas
1024 2013 1186 2088 occupatus

164 2103 244 2161 curis
266 2101 449 2178 ingentibus,
468 2103 576 2162 dehinc
598 2105 752 2163 transacto
775 2122 836 2161 non
858 2121 952 2179 parvo
972 2102 1071 2178 spatio
1090 2101 1186 2160 noctis

119 2204 146 2244 ao
165 2189 299 2249 eiusdem
334 2191 457 2251 dormiit
493 2194 670 2252 necessitate
706 2193 841 2251 naturali
877 2193 1047 2268 conpulsus.
1107 2191 1188 2266 quod

164 2280 265 2355 ipsum
294 2279 413 2339 videtur
443 2300 503 2340 uon
533 2282 596 2342 sine
626 2282 749 2340 numine
778 2284 985 2357 procuratum,
1015 2284 1051 2338 ut
1078 2279 1186 2339 divinis

167 2367 318 2426 adfatibus
343 2370 454 2429 instrui
476 2375 578 2447 posset
601 2375 631 2431 et
652 2373 716 2430 iam
739 2371 871 2430 securior
892 2370 986 2429 reddi.
1032 2369 1079 2427 tas
1107 2368 1188 2426 enim

166 2476 225 2516 non
257 2457 318 2516 fuit
347 2463 383 2518 ut
412 2480 480 2519 cum
507 2461 653 2539 vigilante
677 2461 749 2520 deus
771 2461 952 2535 loqueretur.
999 2457 1070 2515 dum
1092 2457 1188 2534 igitur

164 2547 258 2606 tantis
287 2548 375 2606 rebus
405 2548 578 2624 instruitur,
609 2552 709 2610 totum
731 2550 826 2608 noctis
854 2550 972 2623 tempus
996 2545 1111 2605 effluxit
1133 2565 1188 2605 nec

118 2647 145 2688 ²⁵
162 2639 318 2696 transacta
336 2640 381 2697 est
398 2639 472 2698 hora
487 2660 548 2716 qua
565 2641 676 2699 Iunoni
693 2639 793 2698 iussus
812 2638 912 2696 tuerat
925 2638 997 2696 vota
1010 2635 1187 2711 persolvero.

162 2728 257 2801 snreit
284 2731 310 2785 et
333 2727 454 2786 aetherii
480 2734 615 2801 spectans
642 2729 768 2788 orientia
795 2729 866 2786 solis
893 2727 1008 2785 tnrninc
1029 2725 1084 2783 rite
1107 2726 1188 2784 eoois

161 2818 276 2875 nndnrn
295 2816 330 2874 ete
348 2818 469 2886 flumine
481 2819 595 2890 nntrnis
609 2819 733 2878 snstinet
746 2835 782 2876 ac
796 2818 865 2875 totis
879 2816 1003 2889 effnnrtit
1016 2815 1057 2874 ed
1070 2815 1187 2874 aethera
1198 2819 1231 2868 ‘10

162 2923 261 2964 noces:
285 2905 429 2981 quoniam
452 2912 630 2984 consumpta
648 2909 749 2966 fuerat
766 2925 834 2980 nox,
853 2905 983 2965 surrexit
1001 2906 1032 2963 st
1050 2907 1186 2980 spectans

163 2997 264 3052 ortum
291 2994 392 3071 ipsum
420 2996 504 3072 solis,
528 2997 584 3057 hoc
612 3001 658 3057 est
685 2998 820 3070 intuens,
842 2998 992 3055 recentem
1014 2996 1128 3053 undam
1151 2994 1187 3053 de

119 3095 145 3134 ⁸0
162 3083 285 3142 flumine
309 3083 405 3159 ipsius
425 3087 553 3145 fautoris
577 3088 637 3162 sui,
660 3085 799 3145 manibus
818 3086 944 3145 sustulit
961 3088 992 3144 et
1010 3085 1081 3143 talis
1100 3102 1186 3143 voces

236 3224 250 3270 1
276 3219 394 3275 cernteos
412 3220 445 3275 V.
519 3226 535 3274 2
559 3222 710 3291 adroqonte
725 3219 751 3273 V
773 3237 841 3274 corr.
862 3219 905 3274 cd.
936 3219 939 3291 Ι
973 3219 1143 3273 necessariae
1161 3216 1187 3268 V

162 3290 222 3343 -rio
242 3289 285 3342 ed.
360 3297 375 3343 6
399 3293 506 3347 videret
521 3292 547 3346 V
568 3293 716 3348 audieerat
733 3291 776 3346 ed.
808 3292 811 3363 Ι
840 3297 946 3346 snserat
960 3289 986 3343 V
1003 3295 1125 3344 senserat
1142 3288 1187 3343 ed.

163 3360 199 3414 cf.
220 3365 244 3426 7,
260 3365 320 3414 505.
391 3363 527 3419 9neroV
544 3366 604 3432 fero
623 3364 666 3419 ed.
696 3364 699 3436 Ι
727 3365 813 3418 celsas
831 3362 875 3417 ed.
940 3367 973 3414 12
992 3362 1031 3416 ad
1048 3363 1187 3415 instmeen-

162 3433 229 3485 dnm
248 3434 338 3486 eirnni
357 3435 401 3489 ed.
471 3441 504 3488 16
523 3437 629 3503 sufficit
642 3434 668 3488 V
685 3435 811 3502 sufficere
825 3435 920 3503 potnit
937 3432 980 3485 ed.
1053 3437 1086 3484 22
1106 3432 1187 3498 offec-

161 3505 237 3559 tibns
255 3502 280 3555 V
301 3503 344 3558 ed.
371 3506 516 3572 adfatibus
540 3523 591 3560 nos
617 3506 652 3562 cf.
674 3511 717 3560 35.
749 3506 752 3577 Ι
782 3513 839 3561 tan
860 3504 885 3557 V
908 3507 965 3558 iani
990 3519 1041 3556 nos
1067 3519 1120 3556 om.
1142 3501 1186 3556 ed.

162 3581 198 3629 24
216 3576 332 3629 instrnit
349 3577 393 3631 cd.
420 3578 422 3649 Ι
450 3584 540 3632 tntnni
553 3577 586 3632 V.
660 3582 694 3631 25
713 3579 816 3632 innone
829 3575 862 3629 V.
939 3579 973 3627 26
993 3575 1082 3644 snryit
1099 3574 1187 3629 aetne-

161 3648 214 3702 riis
228 3645 262 3700 V.
325 3652 358 3701 27
378 3648 411 3703 de
430 3665 484 3702 om.
499 3649 543 3704 ed.
566 3649 569 3720 Ι
589 3647 873 3716 sustinet—effundit
885 3646 911 3700 V
928 3645 1188 3713 anteiit-effudit

162 3719 207 3773 ed.
228 3720 273 3787 (ex
290 3717 544 3790 interpretatione).
618 3726 651 3774 29
670 3723 703 3776 otc
721 3721 835 3791 (inminse
853 3734 911 3776 om.
924 3717 972 3773 ed.
