2725 4150
518 335 770 391 aarumosvu
1090 339 1153 405 107

136 506 319 565 ettrtstibas
347 507 437 578 effera
463 506 604 576 flammis,
630 523 719 579 paam
745 504 841 580 magiis
868 506 960 578 effuso
983 506 1157 565 aradasamt

134 596 279 670 saapaiae
304 612 435 669 papaoe:
463 594 572 654 habere
600 593 759 654 videbatur
784 593 839 653 illa
867 595 999 671 aliquem
1021 612 1156 671 sensum3

133 704 204 744 nam
236 686 356 743 tantum
384 683 561 743 mutabatur
586 683 619 742 in
646 683 801 743 fremitum
828 685 858 744 et
884 684 917 742 in
943 685 1093 759 flammas,
1121 687 1156 744 ut

134 777 199 834 visa
222 773 400 834 erudelitate
423 791 553 833 creseere
571 776 738 849 putaretur.
776 777 808 832 at
829 774 920 832 levem
942 774 1066 846 clipeata
1088 775 1156 833 sab·

134 865 202 923 latis
225 863 362 922 coraibus
384 862 421 922 10
444 880 518 922 aare
545 863 720 936 tasipaibat,
749 863 811 921 tam
840 864 930 922 saetis
956 864 1063 932 obsita,
1093 862 1156 922 tam
1166 872 1218 922 ‘190

134 954 196 1022 bos,
216 955 421 1027 aryamentaaa
437 953 554 1026 irpeas,
573 955 601 1010 et
617 955 713 1011 eustos
730 952 856 1025 siralais
868 951 970 1026 Arpos
989 952 1157 1024 caelataque

133 1059 250 1102 amnem
272 1041 402 1113 faueas
423 1044 512 1114 poter
538 1040 672 1099 Inachus
698 1058 793 1099 arao:
823 1041 981 1119 descripsit
1008 1044 1100 1117 eaput
1126 1043 1157 1100 et

133 1132 252 1209 galeam
273 1130 381 1205 Turni,
405 1129 478 1189 dicit
501 1129 575 1205 quid
597 1129 721 1189 haberet
738 1130 771 1187 in
794 1129 898 1205 clipeo.
936 1149 1075 1208 expressa
1091 1129 1156 1190 illio

132 1220 193 1280 fuit
210 1220 245 1278 Io
268 1219 401 1278 nondum
419 1221 537 1278 armata
558 1218 709 1293 cornibus,
732 1220 795 1278 iam
817 1221 919 1278 tamen
942 1221 1034 1280 saetis
1058 1219 1156 1280 obsita

133 1314 164 1368 et
193 1308 279 1369 bovis
311 1326 418 1384 eorpus
450 1308 622 1384 ostendens3
652 1327 708 1368 neo
736 1307 837 1385 Argus
870 1309 935 1367 illie
964 1308 1074 1384 debut,
1102 1310 1156 1386 qui

133 1401 235 1459 eustos
253 1397 365 1475 virgini
388 1398 542 1474 adpositus
565 1398 679 1473 firerat3
702 1398 733 1456 et
754 1397 883 1457 Inachus
905 1399 994 1473 pater
1016 1399 1081 1457 eius
1104 1399 1156 1458 ad·

133 1488 215 1547 ditus
228 1486 387 1546 videbatur
403 1489 509 1546 ornata
523 1506 596 1546 auro
609 1503 687 1545 urna
703 1487 813 1545 flumen
828 1487 979 1562 quoddam
993 1485 1155 1546 effundens

131 1577 296 1649 insequitur
309 1577 427 1635 nimbus
436 1576 583 1649 peditam:
606 1575 712 1635 ducem
723 1575 858 1634 Turnum
876 1575 1057 1652 sequebatur
1073 1575 1155 1651 pedi·

130 1668 199 1725 tum
217 1665 390 1724 multitudo.
427 1666 607 1738 clipeataque
624 1667 691 1725 totis
709 1666 831 1740 aomina
849 1665 1012 1724 deasaatar
1029 1665 1156 1736 campis:

132 1757 249 1831 quanta
267 1753 431 1814 multitudo
450 1756 570 1814 scutata
585 1754 721 1831 peditam
739 1754 809 1831 fuit,
827 1773 919 1831 quam
938 1773 1007 1814 eum
1024 1753 1154 1814 latitrdo

131 1845 232 1920 campi
265 1862 325 1903 non
357 1845 490 1920 caperet,
522 1844 718 1920 densabatur,
750 1847 785 1904 ut
816 1843 958 1904 sustineri
992 1844 1154 1920 potuisset!

131 1934 303 2008 Arptaaqaa
329 1934 424 2005 pubes
454 1931 671 2006 Aaraaaaeqae
702 1951 824 2003 manas,
856 1933 963 1993 Ratali
993 1937 1155 2005 veteresque
1165 1940 1217 1990 ‘195

130 2023 235 2083 Steaat
257 2027 284 2082 et
304 2021 457 2082 Saeraaae
480 2023 558 2082 acies
583 2027 609 2082 et
630 2023 706 2096 ptati
727 2027 812 2083 soata
833 2023 954 2094 Labici,
978 2024 1029 2097 aar·
1050 2023 1153 2094 saltas,

132 2114 282 2182 Tiberine,
316 2116 380 2171 taos
409 2129 584 2185 suorumque
611 2113 735 2172 Numici
761 2114 831 2172 titas
858 2118 948 2173 araat
974 2114 1156 2185 Ratatosqaa

131 2205 262 2262 exerceat
290 2218 404 2260 eomas
433 2201 514 2260 collis
543 2200 753 2275 Circaeumque
780 2203 896 2277 tapam,
927 2204 992 2275 qais
1019 2202 1156 2277 luppiter

130 2291 268 2350 Aaaara's
298 2292 380 2369 arvis
402 2291 554 2364 praesidet
583 2295 609 2350 et
637 2292 729 2350 atrioli
758 2292 892 2365 paradeus
921 2292 1053 2350 Feronia
1083 2292 1155 2351 laea.
1165 2297 1217 2347 800

131 2399 190 2454 aaa
212 2380 341 2440 Saturae
363 2380 438 2439 iacet
459 2384 527 2439 atra
548 2380 638 2454 pates
662 2380 833 2455 petraeque
854 2397 911 2453 per
937 2381 1015 2438 imas
1042 2381 1156 2454 qaaerit

130 2471 185 2529 iter
208 2470 296 2528 uallis
324 2473 410 2542 atque
431 2470 465 2527 ia
491 2486 574 2528 mare
604 2469 738 2528 conditur
771 2469 881 2544 Ufens:
910 2486 1012 2527 omnes
1039 2469 1092 2528 isti
1120 2488 1154 2527 ex

131 2558 257 2619 diversis
280 2559 355 2618 loeis
378 2560 410 2617 et
431 2558 604 2637 regionibus
628 2560 803 2636 congregati
822 2576 888 2617 oum
903 2557 1004 2615 Turno
1023 2558 1154 2616 fuerunt.

202 2649 269 2707 Hos
286 2665 376 2721 saper
395 2648 512 2707 aduerat
528 2648 632 2707 Volsca
650 2648 687 2706 de
702 2652 785 2723 perata
800 2645 929 2706 Camilla
947 2663 1051 2721 wmea
1064 2663 1155 2721 apeas

132 2739 260 2810 equitum
293 2742 320 2796 et
344 2738 475 2808 floreatis
508 2754 575 2797 aare
606 2741 752 2806 satanas,
786 2736 935 2796 bellatrix:
971 2753 1060 2811 super
1090 2736 1216 2812 hos,805

130 2826 245 2903 inquit,
267 2829 370 2885 tantos
389 2845 424 2885 ao
441 2828 507 2885 tam
528 2828 701 2885 innumeros
719 2825 803 2885 venit
821 2828 852 2885 et
869 2823 996 2885 Camilla
1013 2824 1155 2885 bellatrix

131 2916 166 2975 de
176 2917 357 2976 Volscorum
376 2919 473 2994 gente.
502 2918 606 2976 tantus
628 2915 688 2975 fuit
711 2933 796 2973 amor
812 2914 886 2974 belli
902 2916 935 2973 in
954 2916 1036 2974 omni
1053 2915 1154 2992 Italia,

130 3008 219 3064 tanta
242 3006 383 3065 adversus
397 3005 521 3064 Aenean
536 3008 713 3065 cunctorum
726 3003 919 3080 conspiratio,
936 3007 1040 3064 tantm
1058 3008 1154 3065 metus

130 3096 162 3153 in
185 3094 346 3168 universis,
369 3097 406 3153 ut
428 3094 521 3154 etiam
543 3094 656 3153 femina
675 3093 881 3154 multitudinis
905 3093 966 3153 dux
987 3113 1048 3153 non
1070 3094 1153 3153 dubi-

203 3308 220 3355 2
239 3303 359 3356 itta-3
373 3299 534 3355 mutabatur
552 3316 605 3353 om.
626 3299 773 3368 sequentia
791 3302 860 3355 mut.
880 3299 924 3355 ed.
961 3292 964 3299 ’
998 3302 1013 3352 5
1032 3299 1154 3368 tusique·

132 3373 178 3427 bat
204 3372 238 3426 V.
312 3378 328 3425 8
356 3372 437 3426 babet
463 3371 506 3425 ed.
582 3377 614 3424 11
642 3373 761 3441 oirpiae‘s
788 3371 831 3425 ed.
906 3376 940 3424 14
965 3371 1097 3425 densatur
1118 3369 1152 3424 V.

132 3451 165 3497 17
193 3451 294 3500 veteres
320 3450 471 3511 ueteresque
493 3441 527 3496 V.
601 3447 635 3496 18
662 3442 822 3498 Sarrhaaae
850 3442 893 3497 ed.
972 3446 1006 3494 19
1031 3447 1096 3495 taus
1118 3439 1152 3495 V.

132 3522 165 3569 20
184 3518 353 3584 utrocumque
367 3514 401 3568 V.
474 3519 507 3567 21
528 3516 645 3585 arsamis
657 3513 692 3567 V.
766 3519 799 3567 23
823 3530 874 3582 pro
897 3512 1154 3581 atque-coutitur

131 3590 241 3654 partem
255 3585 498 3655 interpretationis
513 3585 645 3640 aberrans
660 3584 773 3653 scripsit
787 3583 820 3639 V.
885 3590 918 3639 nt
937 3590 1031 3639 taatos
1047 3584 1162 3638 bosam

122 3661 289 3778 {putaueras
298 3658 354 3780 Vit.
369 3674 405 3712 ae
421 3663 479 3713 tam
497 3660 515 3715 i.
533 3657 587 3715 OU
606 3658 655 3735 qai
669 3676 685 3717 a
698 3658 818 3717 diuersis
834 3659 908 3717 loeis
923 3660 1118 3715 ooaueueruat
1131 3652 1184 3706 eb.

174 3746 205 3780 m
224 3745 275 3780 om.
297 3745 313 3781 θ
334 3770 339 3780 ,
