2725 4150
543 312 784 370 arumnosxr
1105 317 1171 383 433

153 486 302 544 causant
324 484 389 543 eius
412 484 517 543 mortis
546 485 699 542 auctorem
721 484 918 559 persequetur
940 482 1027 543 fortis
1051 482 1172 543 dextera

152 575 214 632 tua.
251 572 402 650 intellegis
426 575 505 631 enim
529 571 634 631 debere
651 573 683 631 te
700 573 757 631 hoc
774 572 904 646 meritis,
926 573 961 630 ut
979 573 1081 648 perte
1104 591 1171 634 oon·

151 662 254 740 tingat
276 663 411 720 Turnum
433 662 534 722 videre
556 663 751 739 prostratum.
787 662 843 720 hoc
866 660 968 722 Pallas
987 660 1094 738 exigit,
1115 661 1172 722 hoc

153 771 207 828 ego
226 751 449 811 infelicissimus
462 754 556 827 pater.
585 751 643 811 erit
655 751 844 811 commodum
857 749 966 811 vixisse
979 753 1049 828 post
1066 749 1171 825 filium,

120 841 178 899 ssi
201 841 255 900 sub
279 842 370 901 armis
392 839 454 901 tuis
477 841 596 901 Turnus
620 840 777 900 occumbat
803 842 833 899 et
856 841 996 900 lacrimas
1020 857 1102 900 meas
1126 839 1172 900 iu·

151 930 259 990 teritus
279 933 341 990 eius
360 934 517 990 consumat
534 934 565 991 et
582 931 691 1007 tergat.
727 933 814 989 cacat
834 930 881 989 hic
903 930 956 989 tibi
977 929 1058 990 sotus
1079 930 1234 1001 forte-18⁰

151 1037 263 1091 noeque
286 1020 379 1078 beas:
408 1019 576 1081 reddendae
598 1018 815 1080 vicissitudinis
838 1020 937 1079 locum
959 1019 1059 1078 solum
1079 1018 1172 1078 istum

150 1108 209 1166 tibi
226 1127 354 1169 vacuum
376 1109 499 1168 fortuna
522 1110 666 1169 servavit:
690 1110 812 1185 expecto
837 1110 977 1169 eventum
999 1111 1090 1184 atque
1113 1110 1172 1167 exi-

151 1201 218 1255 tum
239 1197 320 1257 necis
342 1197 469 1257 hostilis.
505 1216 566 1257 non
587 1199 665 1258 vitoe
684 1199 799 1272 yocdic
822 1215 930 1271 quaero
952 1215 1005 1258 aec
1026 1198 1090 1272 fae,
1121 1197 1172 1257 scd

105 1309 133 1347 ro
149 1289 238 1358 cocto
265 1287 364 1344 monis
386 1287 520 1360 perferre
546 1288 601 1347 sab
623 1288 713 1348 imos:
740 1307 837 1364 neque
867 1289 947 1347 enim
974 1286 1171 1346 delectatione

151 1373 227 1433 lucis
250 1373 338 1433 istius
361 1374 430 1435 vivo
458 1378 513 1435 aut
534 1377 581 1435 fas
609 1378 655 1436 est
682 1395 834 1451 superesse
864 1377 1003 1437 orbatum
1030 1377 1087 1436 tali
1109 1376 1171 1437 filio

151 1466 282 1540 patrem,
305 1463 357 1523 sed
374 1466 410 1522 ut
426 1465 551 1525 nuntius
569 1463 609 1525 ad
626 1465 738 1524 inferos
752 1485 876 1543 pergam
896 1484 930 1524 ac
944 1464 1079 1525 Pallanti
1096 1466 1171 1524 refe·

150 1573 215 1612 rom
244 1554 381 1628 optatam
409 1553 446 1611 ab
474 1554 559 1613 hoste
587 1556 741 1630 sumptam
768 1572 830 1614 esse
855 1553 1030 1614 vindictam.
1066 1554 1172 1613 vivant

151 1641 260 1718 quibus
278 1641 444 1701 iucundum
462 1644 508 1702 est
525 1643 639 1718 vivere,
657 1643 764 1703 vivant
782 1644 913 1719 quinon
931 1641 1044 1701 habent
1061 1640 1093 1700 in
1107 1643 1172 1702 vita

105 1753 131 1793 re
151 1732 232 1807 quod
244 1731 405 1810 plangant,
423 1732 529 1792 vivant
545 1731 653 1807 quibus
672 1731 780 1791 desunt
801 1733 953 1791 tormenta
976 1749 1052 1807 quue
1070 1731 1172 1790 viven-

149 1823 190 1880 tis
214 1822 390 1880 excmcient.
422 1821 498 1880 mihi
515 1822 634 1880 tantum
657 1823 764 1896 optata
786 1820 960 1895 succedant,
982 1823 1018 1879 ut
1040 1819 1103 1879 filio
1125 1839 1170 1880 re·

149 1911 245 1969 feram
254 1911 424 1970 confossum
432 1910 545 1972 virtute
554 1908 683 1986 hospitis
692 1909 835 1971 Turnum.
858 1910 1006 1988 egoillius
1015 1911 1171 1970 interitum

149 2001 177 2058 ei
195 2001 332 2060 nuntiem
351 2001 435 2059 cuius
454 2018 546 2059 causa
563 1999 639 2057 mori
652 1999 754 2076 potius
768 1999 848 2060 malo
863 2019 955 2079 quam
968 1998 1170 2060 miserabilem

148 2090 244 2149 vitam
266 2090 386 2169 iugibus
404 2108 523 2150 servare
542 2087 708 2149 tormentis.
740 2088 822 2166 quod
839 2089 916 2149 dixit
937 2109 1028 2166 supra
1046 2092 1170 2165 meritis,

104 2199 131 2238 so
149 2184 240 2239 vacat
265 2181 315 2240 hic
341 2179 398 2238 tibi
424 2179 505 2239 solus
529 2178 727 2255 fortunaeque
751 2178 847 2253 loeus,
875 2198 936 2238 non
963 2179 1001 2241 ab
1030 2199 1064 2239 eo
1090 2181 1170 2256 quod

149 2271 195 2327 est
218 2271 357 2329 meritum
381 2271 413 2328 et
434 2267 542 2328 merita
560 2268 737 2342 declinavit,
760 2267 812 2328 sed
833 2268 873 2327 ad
890 2287 1032 2344 personas
1050 2269 1171 2328 rettulit

149 2358 187 2417 ab
216 2377 250 2417 eo
274 2358 355 2435 quod
382 2361 428 2417 est
454 2359 503 2417 hic
529 2358 668 2432 meritus,
699 2358 735 2416 ut
761 2355 899 2417 feminini
927 2356 1042 2435 generis
1070 2359 1111 2417 sit
1140 2360 1171 2416 et

148 2447 243 2507 faciat
268 2449 323 2506 hus
350 2448 473 2507 meritas
500 2465 643 2525 personas
674 2448 728 2507 aut
754 2445 914 2507 masculini
937 2446 1053 2523 generis
1077 2449 1108 2506 et
1129 2447 1171 2505 sit

148 2537 195 2595 his
218 2536 333 2596 meritis
356 2536 539 2611 hominibus,
562 2555 623 2595 nou
640 2539 742 2596 temen
765 2537 882 2615 generis
905 2534 1017 2610 neutri,
1040 2537 1076 2594 ut
1096 2536 1170 2595 haec

102 2644 129 2684 25
147 2627 257 2684 merita
285 2624 384 2685 ethis
411 2627 526 2686 meritis
549 2625 662 2686 dixisse
689 2625 835 2686 videatur.
882 2624 1037 2685 Terentius
1062 2617 1169 2705 (Andr.

150 2716 179 2786 3,
203 2715 232 2788 5,
258 2707 313 2795 15)
338 2716 393 2775 sic:
419 2714 515 2792 „quid
536 2713 705 2774 meritus‘?“
728 2714 799 2775 huic
822 2714 903 2775 dioto
925 2732 1101 2789 responsum
1124 2717 1170 2775 est

148 2802 321 2877 „crucem“.

219 2890 342 2951 Aurora
354 2894 467 2952 intereo
479 2894 595 2952 miseris
608 2892 782 2952 mortalibus
798 2892 909 2952 abnam
923 2893 1065 2952 molent
1078 2893 1170 2952 lucam

147 2982 278 3053 referees
300 2999 390 3055 opera
413 2987 498 3057 etque
521 2983 649 3042 labores:
670 2982 774 3042 multis
792 2981 866 3042 locis
885 2984 975 3059 poeta
993 2982 1168 3042 lucescentis

103 3089 129 3129 eo
148 3070 212 3129 dies
233 3070 382 3148 describit,
396 3072 432 3131 de
445 3071 583 3132 noctibus
597 3073 678 3131 tacet
691 3071 847 3132 consulens
861 3070 1005 3131 brevitati
1019 3070 1168 3146 dictionis,

219 3284 236 3331 4
255 3284 314 3332 crat
333 3278 376 3332 ed.
445 3282 461 3332 8
480 3294 597 3333 caccum
616 3294 670 3332 om.
686 3278 730 3332 ed.
796 3282 828 3331 13
847 3278 921 3332 hoste
935 3276 961 3330 V
979 3279 1013 3333 cb
1032 3278 1105 3333 hoste
1124 3278 1167 3333 ed.

148 3355 181 3403 19
205 3349 252 3404 hic
275 3349 346 3403 Don.
369 3351 474 3405 meritis
497 3366 560 3404 cum
583 3348 767 3418 sequentibus
788 3348 957 3418 coniungere
975 3349 1100 3415 videtur,
1119 3349 1168 3403 sed

146 3421 259 3475 videtur
276 3421 473 3476 tantummodo
491 3419 584 3475 verbis
602 3427 686 3476 cacat
708 3422 761 3475 etc.
784 3420 815 3474 in
834 3435 945 3474 cassum
965 3420 1084 3486 additis,
1103 3438 1168 3473 nam

147 3493 263 3561 interpr.
282 3493 346 3562 ipsa
369 3509 434 3547 eum
456 3494 489 3545 ut
511 3508 597 3560 supra
617 3493 721 3547 meritiis
739 3492 776 3545 ad
793 3498 928 3562 cautoque
944 3494 1072 3561 patrique
1090 3507 1168 3546 revo-

148 3580 225 3618 casse
246 3564 337 3618 docet.
401 3568 436 3617 20
453 3563 538 3619 tabeo
551 3562 578 3616 V
595 3564 631 3619 ab
649 3579 680 3618 eo
699 3563 742 3618 ed.
807 3568 840 3617 22
860 3563 933 3633 qaod
950 3569 991 3617 cet
1006 3564 1054 3616 icis
1069 3564 1183 3615 meuse

146 3635 172 3688 V
191 3636 235 3689 ed.
309 3641 343 3690 26
365 3636 471 3690 mentio
488 3634 514 3689 V
535 3636 649 3691 meritus
667 3634 731 3691 edil
756 3634 922 3691 seeundum
935 3632 1082 3689 'latentis
1092 3630 1208 3681 lucum

140 3723 195 3757 neo
212 3705 409 3771 explicationis
425 3705 612 3764 Donatiause
633 3709 706 3766 ordo
726 3708 813 3767 aliud
828 3709 962 3779 patitur.

182 3808 242 3848 Don.
251 3809 348 3859 interpr.
358 3812 426 3864 Verg.
442 3816 490 3859 vol.
499 3816 535 3862 H.
1030 3814 1072 3861 ᾖ
