2725 4150
542 319 769 376 musmosx
1099 322 1164 390 297

146 489 271 551 arbitrio
300 492 363 550 tuo.
414 491 442 550 si
470 490 555 550 nulla
585 493 628 550 est
656 490 736 565 reuio
762 490 884 550 Teucris
915 507 1004 564 quum
1035 489 1084 550 det
1113 493 1166 550 tud

146 581 273 640 couiuuc
309 579 401 638 detra:
437 578 509 640 dum
544 579 777 656 inpersonaliter
811 579 947 659 loquitur
982 582 1013 639 et
1045 578 1165 656 oblique
1184 589 1219 640 45

145 670 295 729 malorum
317 669 451 745 ipsorum
472 669 575 745 pulsat
597 671 763 744 auctorem,
790 668 912 728 tandem
939 669 1035 729 nimia
1053 668 1165 730 doloris

146 761 324 819 necessitate
343 759 488 836 conpulsa
506 761 553 818 est
570 759 607 817 ut
620 756 659 818 ad
673 759 738 818 eius
752 758 912 834 specialem
927 757 1166 836 designationem

115 848 348 922 cdescendoret,
378 866 434 907 usa
463 849 557 908 tantis
587 846 807 908 subtilitatibus
838 846 968 923 consilii,
999 850 1036 907 ut
1065 846 1166 925 ipsum

146 937 250 996 Iovem
272 937 417 997 nonnullo
440 937 555 1014 pudore
578 935 781 996 confunderet.
815 936 974 997 nonenim
992 936 1068 997 dixit
1089 936 1165 997 Iuno

145 1028 219 1086 haec
255 1029 309 1108 aut
339 1043 423 1086 soror
454 1028 522 1102 tua,
553 1026 605 1086 sed
636 1044 714 1085 uxor
743 1029 799 1086 tua
830 1025 992 1103 commisit,
1024 1029 1061 1086 ut
1088 1028 1167 1086 esset

146 1114 279 1175 criminis
301 1114 423 1174 mulieri
444 1116 491 1176 fas
514 1133 578 1175 esse
601 1119 706 1175 contra
727 1114 830 1175 mariti
852 1115 954 1176 venire
976 1116 1165 1177 sententiam.

146 1207 172 1265 si
200 1206 332 1279 tantum,
361 1205 475 1280 inquit,
506 1205 581 1264 dura
611 1207 657 1264 ost
685 1222 761 1263 uxor
789 1206 856 1279 tua,
885 1208 922 1265 ut
947 1206 1042 1265 omnis
1070 1208 1165 1266 terras

101 1311 128 1350 ro
147 1295 272 1372 deneget
301 1294 435 1368 Teucris,
466 1311 522 1368 per
556 1310 685 1363 euersae,
722 1294 843 1368 pendor,
875 1295 1027 1367 sumentia
1059 1294 1166 1354 Troiae

146 1384 260 1443 excidia
288 1384 424 1442 obtestor:
449 1402 545 1442 unum
572 1383 678 1443 saltem
705 1383 796 1442 liceat
818 1381 999 1459 desiderare,
1023 1383 1103 1458 quod
1126 1383 1167 1443 sit

144 1474 260 1532 miseris
289 1471 322 1531 in
351 1475 439 1532 tanta
468 1471 640 1532 calamitate
663 1471 789 1546 solacio,
818 1475 855 1532 ut
885 1470 926 1532 sit
957 1472 1003 1532 fas
1034 1490 1166 1532 remeare

146 1563 284 1622 Troianis
303 1580 428 1638 eamque
445 1560 557 1621 iterum
573 1564 674 1638 potere
693 1560 825 1638 patriam
842 1580 896 1638 per
913 1559 999 1621 cuius
1018 1559 1166 1620 excidium

145 1653 222 1711 iuro.
256 1651 380 1728 aequius
399 1654 444 1710 est
461 1651 509 1710 his
527 1650 627 1710 videre
647 1650 770 1711 cottidie
790 1668 881 1726 qnam
903 1650 1052 1729 plangant
1074 1669 1165 1726 quam

102 1755 127 1795 ιε
145 1742 241 1818 perire
270 1740 335 1799 illie
362 1739 416 1799 ubi
445 1739 499 1799 sub
530 1741 609 1800 falsa
637 1741 834 1817 promissione
863 1741 1030 1800 versantur.
1082 1739 1167 1799 liceat

146 1831 288 1890 dimittere
315 1830 352 1888 ub
381 1830 473 1889 ermis
499 1830 672 1890 incolumem
699 1827 877 1899 Aemuimu,
906 1829 991 1889 liceat
1016 1845 1167 1904 smeresse

145 1924 290 1993 nepotem:
318 1919 495 1995 plurimum,
527 1918 640 1996 inquit,
674 1918 844 1978 arbitrabor
874 1937 922 1978 mo
953 1920 1097 1978 meruisse
1130 1919 1166 1978 de

145 2011 245 2086 patre,
273 2010 299 2068 si
327 2007 458 2086 supersit
483 2008 625 2068 innocens
648 2027 755 2087 nepos,
778 2007 804 2068 si
826 2009 854 2067 ei
876 2008 1060 2068 Rutulorum
1083 2028 1167 2070 arma

146 2100 303 2176 contingat
325 2099 459 2157 evadere.
504 2096 622 2158 Aeacus
644 2116 718 2159 sume
739 2100 845 2174 iuuetis
867 2100 991 2158 iactetur
1016 2100 1050 2158 iu
1076 2100 1166 2159 uudia

101 2202 127 2243 so
146 2193 172 2247 et
194 2205 405 2261 quamcumque
426 2188 507 2247 cium
530 2188 641 2247 dederit
661 2190 785 2261 fortuma
807 2192 960 2263 sequutus
987 2187 1023 2247 de
1047 2188 1166 2248 Aeneae

144 2277 281 2354 partibus
309 2280 408 2351 taceo,
435 2276 514 2336 ferat
540 2278 591 2335 ille
618 2277 773 2337 fortunam
800 2296 899 2353 suam,
921 2278 1051 2337 iactetur
1073 2279 1166 2337 etiam

145 2386 224 2425 nunc
240 2386 294 2443 per
312 2368 417 2445 ignota
434 2365 537 2443 pelagi
556 2369 594 2441 et,
608 2368 682 2442 quia
694 2366 840 2443 iniquitas
854 2366 1003 2442 aequitati
1016 2366 1166 2441 successit,

144 2456 259 2515 incerta
286 2476 340 2533 pro
369 2456 458 2515 certis
485 2457 629 2531 expectet.
674 2457 751 2515 dunc
777 2459 869 2530 tepere
892 2459 918 2513 et
944 2456 1028 2515 dirue
1050 2456 1166 2514 oubam
1185 2462 1219 2513 50

144 2546 304 2605 subducere
329 2561 463 2619 puuuue:
489 2544 612 2619 faciam,
641 2545 755 2620 inquit,
785 2543 848 2603 sine
876 2543 998 2603 crimine
1025 2562 1079 2621 pro
1102 2544 1165 2603 filio

100 2650 126 2691 as
144 2654 210 2694 meo
234 2635 315 2710 quod
337 2652 460 2711 possum
483 2653 609 2710 eumque
633 2633 809 2693 subtraham
831 2631 926 2693 bellis.
964 2651 1029 2692 ecce
1052 2632 1166 2693 indicat

144 2723 303 2783 consilium
341 2741 443 2782 suum:
482 2728 524 2782 est
555 2722 715 2791 Amathus,
756 2726 798 2781 est
829 2722 906 2781 celsa
940 2722 1013 2780 miii
1043 2722 1166 2796 Pupius

144 2818 230 2885 utque
269 2811 394 2887 Gutture
431 2812 605 2885 iduliueque
636 2812 754 2871 domus:
783 2811 810 2870 si
841 2829 970 2888 nsquam
996 2812 1024 2870 ei
1055 2811 1166 2871 morari

144 2921 205 2961 non
237 2901 358 2976 sinitur,
382 2901 470 2980 deget
497 2903 529 2959 in
556 2920 622 2961 meo
649 2902 680 2960 et
711 2903 846 2960 materno
876 2899 941 2959 iure
971 2901 1034 2960 sine
1069 2902 1165 2961 cuius-

145 3011 236 3067 quam
281 2991 420 3050 molestia
462 2991 644 3067 perfruetur,
682 2989 806 3049 habebit
850 2992 965 3070 remota
1010 3009 1166 3050 nemorum

217 3143 312 3198 1ulla
325 3142 384 3198 VR.
462 3142 607 3197 ttuudem
625 3158 678 3196 om.
694 3142 737 3196 ed.
815 3143 923 3197 ttuuti
939 3142 1101 3198 subtilitatis
1113 3143 1166 3197 VR

144 3217 186 3269 ·is
205 3216 283 3269 -ibus
301 3231 351 3269 nos
370 3231 407 3268 -u
425 3220 467 3269 -te
485 3213 528 3268 ed.
609 3214 779 3269 duouuuiio
793 3212 951 3283 pudiR
974 3230 1001 3268 u.
1019 3215 1125 3283 pudere
1142 3232 1164 3269 r.

143 3285 454 3355 uouuulluspudered.
520 3290 667 3340 dautem.
682 3286 726 3340 ed.
791 3286 950 3341 Serimim's
963 3283 1079 3341 VR·eu
1097 3285 1163 3357 ed}

144 3359 254 3412 mulieri
271 3358 317 3423 fas
335 3356 387 3411 VR
404 3358 527 3411 mulieris
545 3358 592 3413 cui
608 3357 689 3423 nefus
707 3357 751 3412 ed.
782 3356 785 3428 t
820 3362 887 3412 esset
899 3355 951 3409 VR
969 3356 1012 3411 ed.
1032 3374 1087 3412 ease
1105 3373 1164 3411 nos.

146 3436 178 3483 11
198 3428 352 3483 iaceatVR
371 3429 509 3483 liceuted.
565 3433 598 3481 12
618 3428 815 3483 cteitVRed.
829 3434 895 3483 uta.
910 3443 970 3481 nos.
1026 3433 1059 3482 13
1074 3434 1166 3497 petere

144 3500 196 3553 VR
218 3502 309 3555 cidere
332 3500 375 3554 ed.
450 3505 484 3553 14
502 3500 612 3555 cottidie
625 3499 677 3552 VR
697 3500 818 3570 quotidie
836 3499 880 3554 ed.
955 3505 987 3553 1'1
1002 3516 1043 3555 me
1062 3515 1116 3553 om.
1130 3499 1164 3553 R.

145 3576 179 3624 20
197 3574 283 3626 uitem
301 3572 334 3625 R.
408 3576 442 3624 23
461 3576 579 3640 expectet
593 3569 645 3625 VR
663 3572 795 3641 cupressit
812 3571 856 3626 ed.
885 3569 888 3641 Ι
916 3587 991 3641 opere
1008 3570 1035 3624 R
1054 3587 1124 3625 corr.
1142 3588 1167 3624 r.

145 3649 179 3696 25
199 3644 276 3697 bettio
289 3641 341 3696 VR
358 3660 377 3697 a
391 3642 459 3697 bello
473 3642 516 3697 ed.
590 3648 625 3699 26
639 3644 752 3715 Paphos
771 3642 817 3699 ed.
889 3647 925 3698 ut
947 3642 1121 3699 assummum
1137 3638 1190 3689 ad.

143 3719 178 3766 28
193 3716 256 3767 siue
272 3730 324 3767 om.
340 3713 382 3768 ed.
440 3719 476 3769 29
488 3716 655 3787 perfruitur
666 3716 724 3776 VR
737 3724 818 3777 qm
836 3733 893 3774 mg
911 3731 976 3773 m
994 3712 1144 3781 Vim
1159 3703 1214 3755 eu.
