<?xml version="1.0" encoding="UTF-8"?>
<!DOCTYPE html PUBLIC "-//W3C//DTD XHTML 1.0 Transitional//EN"
    "http://www.w3.org/TR/xhtml1/DTD/xhtml1-transitional.dtd">
<html xmlns="http://www.w3.org/1999/xhtml" xml:lang="en" lang="en">
 <head>
  <title>
</title>
<meta http-equiv="Content-Type" content="text/html;charset=utf-8" />
  <meta name='ocr-system' content='tesseract 3.04.00' />
  <meta name='ocr-capabilities' content='ocr_page ocr_carea ocr_par ocr_line ocrx_word'/>
</head>
<body>
  <div class='ocr_page' id='page_1' title='image "./tibericlaudidon00georgoog_0448.png"; bbox 0 0 2725 4150; ppageno 0'>
   <div class='ocr_carea' id='block_1_1' title="bbox 552 274 1183 346">
    <p class='ocr_par' dir='ltr' id='par_1_1' title="bbox 552 274 1183 346">
     <span class='ocr_line' id='line_1_1' title="bbox 552 274 1183 346; baseline 0 -17"><span class='ocrx_word' id='word_1_1' title='bbox 552 274 736 330; x_wconf 69' lang='lat' dir='ltr'>resumes</span> <span class='ocrx_word' id='word_1_2' title='bbox 753 274 795 329; x_wconf 92' lang='lat' dir='ltr'>x1</span> <span class='ocrx_word' id='word_1_3' title='bbox 888 305 891 311; x_wconf 86' lang='lat'>-</span> <span class='ocrx_word' id='word_1_4' title='bbox 1116 280 1183 346; x_wconf 83' lang='lat'>439</span> 
     </span>
    </p>
   </div>
   <div class='ocr_carea' id='block_1_2' title="bbox 119 443 1246 3201">
    <p class='ocr_par' dir='ltr' id='par_1_2' title="bbox 163 443 1183 788">
     <span class='ocr_line' id='line_1_2' title="bbox 163 443 1183 526; baseline 0.004 -26"><span class='ocrx_word' id='word_1_5' title='bbox 163 444 275 500; x_wconf 80' lang='lat' dir='ltr'>meritis</span> <span class='ocrx_word' id='word_1_6' title='bbox 297 446 440 501; x_wconf 78' lang='lat' dir='ltr'>sustentat</span> <span class='ocrx_word' id='word_1_7' title='bbox 456 445 549 516; x_wconf 78' lang='lat' dir='ltr'>famu</span> <span class='ocrx_word' id='word_1_8' title='bbox 560 444 702 515; x_wconf 78' lang='lat' dir='ltr'>tropacis:</span> <span class='ocrx_word' id='word_1_9' title='bbox 725 445 811 503; x_wconf 89' lang='lat' dir='ltr'>erant</span> <span class='ocrx_word' id='word_1_10' title='bbox 828 444 861 526; x_wconf 87' lang='lat' dir='ltr'>in</span> <span class='ocrx_word' id='word_1_11' title='bbox 877 444 941 504; x_wconf 86' lang='lat' dir='ltr'>illa&#39;</span> <span class='ocrx_word' id='word_1_12' title='bbox 954 443 1183 522; x_wconf 84' lang='lat' dir='ltr'>congregatione</span> 
     </span>
     <span class='ocr_line' id='line_1_3' title="bbox 165 531 1183 611; baseline 0.006 -23"><span class='ocrx_word' id='word_1_13' title='bbox 165 532 302 590; x_wconf 86' lang='lat' dir='ltr'>nonnulli</span> <span class='ocrx_word' id='word_1_14' title='bbox 316 532 367 607; x_wconf 91' lang='lat' dir='ltr'>qui</span> <span class='ocrx_word' id='word_1_15' title='bbox 383 532 479 590; x_wconf 85' lang='lat' dir='ltr'>Turni</span> <span class='ocrx_word' id='word_1_16' title='bbox 492 532 595 592; x_wconf 83' lang='lat' dir='ltr'>favore</span> <span class='ocrx_word' id='word_1_17' title='bbox 610 531 797 592; x_wconf 87' lang='lat' dir='ltr'>ducerentur.</span> <span class='ocrx_word' id='word_1_18' title='bbox 828 533 980 592; x_wconf 76' lang='lat' dir='ltr'>faciebant</span> <span class='ocrx_word' id='word_1_19' title='bbox 992 534 1049 593; x_wconf 92' lang='lat' dir='ltr'>hoc</span> <span class='ocrx_word' id='word_1_20' title='bbox 1062 535 1183 611; x_wconf 89' lang='lat' dir='ltr'>reginae</span> 
     </span>
     <span class='ocr_line' id='line_1_4' title="bbox 164 620 1183 698; baseline 0.003 -19"><span class='ocrx_word' id='word_1_21' title='bbox 164 622 276 697; x_wconf 85' lang='lat' dir='ltr'>gratia,</span> <span class='ocrx_word' id='word_1_22' title='bbox 305 621 389 680; x_wconf 91' lang='lat' dir='ltr'>cuius</span> <span class='ocrx_word' id='word_1_23' title='bbox 412 639 520 681; x_wconf 91' lang='lat' dir='ltr'>nomen</span> <span class='ocrx_word' id='word_1_24' title='bbox 543 621 649 681; x_wconf 92' lang='lat' dir='ltr'>umbra</span> <span class='ocrx_word' id='word_1_25' title='bbox 672 620 803 698; x_wconf 86' lang='lat' dir='ltr'>quadam</span> <span class='ocrx_word' id='word_1_26' title='bbox 825 621 911 682; x_wconf 89' lang='lat' dir='ltr'>illam</span> <span class='ocrx_word' id='word_1_27' title='bbox 935 621 1118 682; x_wconf 72' lang='lat' dir='ltr'>extenuabat</span> <span class='ocrx_word' id='word_1_28' title='bbox 1139 624 1183 682; x_wconf 93' lang='lat' dir='ltr'>in·</span> 
     </span>
     <span class='ocr_line' id='line_1_5' title="bbox 164 709 1183 788; baseline 0.002 -20"><span class='ocrx_word' id='word_1_29' title='bbox 164 709 290 785; x_wconf 84' lang='lat' dir='ltr'>vidium,</span> <span class='ocrx_word' id='word_1_30' title='bbox 309 712 340 769; x_wconf 90' lang='lat' dir='ltr'>et</span> <span class='ocrx_word' id='word_1_31' title='bbox 358 709 485 770; x_wconf 91' lang='lat' dir='ltr'>eundem</span> <span class='ocrx_word' id='word_1_32' title='bbox 498 710 598 770; x_wconf 89' lang='lat' dir='ltr'>virum</span> <span class='ocrx_word' id='word_1_33' title='bbox 619 711 810 771; x_wconf 86' lang='lat' dir='ltr'>sustentabat</span> <span class='ocrx_word' id='word_1_34' title='bbox 828 711 1053 788; x_wconf 86' lang='lat' dir='ltr'>aliquantulum</span> <span class='ocrx_word' id='word_1_35' title='bbox 1071 713 1183 788; x_wconf 89' lang='lat' dir='ltr'>superi-</span> 
     </span>
    </p>

    <p class='ocr_par' dir='ltr' id='par_1_3' title="bbox 134 798 1185 1235">
     <span class='ocr_line' id='line_1_6' title="bbox 134 798 1185 877; baseline -0.002 -14"><span class='ocrx_word' id='word_1_36' title='bbox 134 800 223 863; x_wconf 80' lang='lat' dir='ltr'>eeris</span> <span class='ocrx_word' id='word_1_37' title='bbox 246 798 389 876; x_wconf 89' lang='lat' dir='ltr'>temperis</span> <span class='ocrx_word' id='word_1_38' title='bbox 412 800 495 860; x_wconf 89' lang='lat' dir='ltr'>fama</span> <span class='ocrx_word' id='word_1_39' title='bbox 517 802 548 859; x_wconf 91' lang='lat' dir='ltr'>et</span> <span class='ocrx_word' id='word_1_40' title='bbox 570 819 711 860; x_wconf 89' lang='lat' dir='ltr'>numerus</span> <span class='ocrx_word' id='word_1_41' title='bbox 729 801 930 877; x_wconf 89' lang='lat' dir='ltr'>tropaeorum.</span> <span class='ocrx_word' id='word_1_42' title='bbox 972 800 1133 861; x_wconf 88' lang='lat' dir='ltr'>obumbret</span> <span class='ocrx_word' id='word_1_43' title='bbox 1155 805 1185 861; x_wconf 92' lang='lat' dir='ltr'>et</span> 
     </span>
     <span class='ocr_line' id='line_1_7' title="bbox 164 889 1184 967; baseline 0.002 -20"><span class='ocrx_word' id='word_1_44' title='bbox 164 890 314 948; x_wconf 88' lang='lat' dir='ltr'>sustentat</span> <span class='ocrx_word' id='word_1_45' title='bbox 337 908 479 967; x_wconf 87' lang='lat' dir='ltr'>magnam</span> <span class='ocrx_word' id='word_1_46' title='bbox 506 890 539 948; x_wconf 89' lang='lat' dir='ltr'>in</span> <span class='ocrx_word' id='word_1_47' title='bbox 561 889 656 948; x_wconf 82' lang='lat' dir='ltr'>Tmmi</span> <span class='ocrx_word' id='word_1_48' title='bbox 678 889 815 966; x_wconf 86' lang='lat' dir='ltr'>partibus</span> <span class='ocrx_word' id='word_1_49' title='bbox 839 890 1078 966; x_wconf 79' lang='lat' dir='ltr'>desperationem</span> <span class='ocrx_word' id='word_1_50' title='bbox 1101 909 1184 951; x_wconf 88' lang='lat' dir='ltr'>men·</span> 
     </span>
     <span class='ocr_line' id='line_1_8' title="bbox 165 977 1185 1058; baseline 0.001 -20"><span class='ocrx_word' id='word_1_51' title='bbox 165 980 275 1054; x_wconf 81' lang='lat' dir='ltr'>strant3</span> <span class='ocrx_word' id='word_1_52' title='bbox 306 997 375 1036; x_wconf 87' lang='lat' dir='ltr'>nam</span> <span class='ocrx_word' id='word_1_53' title='bbox 403 978 563 1038; x_wconf 88' lang='lat' dir='ltr'>obumbrat</span> <span class='ocrx_word' id='word_1_54' title='bbox 585 978 662 1038; x_wconf 90' lang='lat' dir='ltr'>nihil</span> <span class='ocrx_word' id='word_1_55' title='bbox 685 977 818 1039; x_wconf 85' lang='lat' dir='ltr'>validum</span> <span class='ocrx_word' id='word_1_56' title='bbox 844 979 1007 1058; x_wconf 82' lang='lat' dir='ltr'>significat,</span> <span class='ocrx_word' id='word_1_57' title='bbox 1034 981 1185 1041; x_wconf 85' lang='lat' dir='ltr'>sustentet</span> 
     </span>
     <span class='ocr_line' id='line_1_9' title="bbox 165 1067 1184 1145; baseline 0.002 -19"><span class='ocrx_word' id='word_1_58' title='bbox 165 1069 265 1126; x_wconf 88' lang='lat' dir='ltr'>autem</span> <span class='ocrx_word' id='word_1_59' title='bbox 292 1068 408 1126; x_wconf 88' lang='lat' dir='ltr'>nullam</span> <span class='ocrx_word' id='word_1_60' title='bbox 434 1067 636 1127; x_wconf 82' lang='lat' dir='ltr'>substantiam</span> <span class='ocrx_word' id='word_1_61' title='bbox 663 1069 832 1129; x_wconf 80' lang='lat' dir='ltr'>securitatis</span> <span class='ocrx_word' id='word_1_62' title='bbox 857 1069 1005 1145; x_wconf 81' lang='lat' dir='ltr'>admittit3</span> <span class='ocrx_word' id='word_1_63' title='bbox 1037 1089 1108 1129; x_wconf 91' lang='lat' dir='ltr'>nam</span> <span class='ocrx_word' id='word_1_64' title='bbox 1131 1068 1184 1128; x_wconf 86' lang='lat' dir='ltr'>ubi</span> 
     </span>
     <span class='ocr_line' id='line_1_10' title="bbox 165 1155 1185 1235; baseline 0.003 -20"><span class='ocrx_word' id='word_1_65' title='bbox 165 1155 281 1232; x_wconf 90' lang='lat' dir='ltr'>aliquid</span> <span class='ocrx_word' id='word_1_66' title='bbox 303 1161 350 1216; x_wconf 90' lang='lat' dir='ltr'>est</span> <span class='ocrx_word' id='word_1_67' title='bbox 372 1156 452 1232; x_wconf 92' lang='lat' dir='ltr'>quod</span> <span class='ocrx_word' id='word_1_68' title='bbox 474 1177 528 1233; x_wconf 89' lang='lat' dir='ltr'>per</span> <span class='ocrx_word' id='word_1_69' title='bbox 555 1175 586 1216; x_wconf 91' lang='lat' dir='ltr'>se</span> <span class='ocrx_word' id='word_1_70' title='bbox 609 1160 690 1216; x_wconf 86' lang='lat' dir='ltr'>stare</span> <span class='ocrx_word' id='word_1_71' title='bbox 712 1176 773 1216; x_wconf 91' lang='lat' dir='ltr'>non</span> <span class='ocrx_word' id='word_1_72' title='bbox 795 1158 904 1235; x_wconf 80' lang='lat' dir='ltr'>possit,</span> <span class='ocrx_word' id='word_1_73' title='bbox 932 1158 1121 1220; x_wconf 82' lang='lat' dir='ltr'>adminiculis</span> <span class='ocrx_word' id='word_1_74' title='bbox 1145 1160 1185 1218; x_wconf 88' lang='lat' dir='ltr'>ad</span> 
     </span>
    </p>

    <p class='ocr_par' dir='ltr' id='par_1_4' title="bbox 121 1247 1184 1683">
     <span class='ocr_line' id='line_1_11' title="bbox 121 1247 1184 1325; baseline 0.003 -19"><span class='ocrx_word' id='word_1_75' title='bbox 121 1270 146 1308; x_wconf 78' lang='lat' dir='ltr'>ro</span> <span class='ocrx_word' id='word_1_76' title='bbox 164 1248 281 1321; x_wconf 90' lang='lat' dir='ltr'>tempus</span> <span class='ocrx_word' id='word_1_77' title='bbox 300 1247 411 1305; x_wconf 88' lang='lat' dir='ltr'>fultum</span> <span class='ocrx_word' id='word_1_78' title='bbox 431 1248 618 1306; x_wconf 86' lang='lat' dir='ltr'>sustentatur</span> <span class='ocrx_word' id='word_1_79' title='bbox 631 1249 662 1306; x_wconf 92' lang='lat' dir='ltr'>et</span> <span class='ocrx_word' id='word_1_80' title='bbox 678 1249 808 1325; x_wconf 80' lang='lat' dir='ltr'>regitur,</span> <span class='ocrx_word' id='word_1_81' title='bbox 827 1267 905 1325; x_wconf 90' lang='lat' dir='ltr'>quae</span> <span class='ocrx_word' id='word_1_82' title='bbox 923 1250 950 1308; x_wconf 90' lang='lat' dir='ltr'>si</span> <span class='ocrx_word' id='word_1_83' title='bbox 968 1248 1103 1309; x_wconf 90' lang='lat' dir='ltr'>detracta</span> <span class='ocrx_word' id='word_1_84' title='bbox 1121 1250 1184 1309; x_wconf 86' lang='lat' dir='ltr'>fue·</span> 
     </span>
     <span class='ocr_line' id='line_1_12' title="bbox 164 1334 1184 1413; baseline 0.006 -21"><span class='ocrx_word' id='word_1_85' title='bbox 164 1335 238 1410; x_wconf 84' lang='lat' dir='ltr'>rint,</span> <span class='ocrx_word' id='word_1_86' title='bbox 269 1334 350 1394; x_wconf 87' lang='lat' dir='ltr'>eadit</span> <span class='ocrx_word' id='word_1_87' title='bbox 373 1338 404 1394; x_wconf 91' lang='lat' dir='ltr'>et</span> <span class='ocrx_word' id='word_1_88' title='bbox 426 1335 576 1395; x_wconf 84' lang='lat' dir='ltr'>desertum</span> <span class='ocrx_word' id='word_1_89' title='bbox 601 1336 721 1396; x_wconf 85' lang='lat' dir='ltr'>auxiliis</span> <span class='ocrx_word' id='word_1_90' title='bbox 743 1339 841 1397; x_wconf 87' lang='lat' dir='ltr'>terrae</span> <span class='ocrx_word' id='word_1_91' title='bbox 864 1339 1072 1413; x_wconf 78' lang='lat' dir='ltr'>prosternitur.</span> <span class='ocrx_word' id='word_1_92' title='bbox 1118 1357 1184 1398; x_wconf 89' lang='lat' dir='ltr'>ecce</span> 
     </span>
     <span class='ocr_line' id='line_1_13' title="bbox 164 1425 1184 1504; baseline 0.003 -21"><span class='ocrx_word' id='word_1_93' title='bbox 164 1426 302 1500; x_wconf 83' lang='lat' dir='ltr'>exposuit</span> <span class='ocrx_word' id='word_1_94' title='bbox 332 1425 405 1501; x_wconf 89' lang='lat' dir='ltr'>quid</span> <span class='ocrx_word' id='word_1_95' title='bbox 437 1426 478 1484; x_wconf 87' lang='lat' dir='ltr'>sit</span> <span class='ocrx_word' id='word_1_96' title='bbox 509 1426 626 1503; x_wconf 79' lang='lat' dir='ltr'>fragor3</span> <span class='ocrx_word' id='word_1_97' title='bbox 657 1426 831 1503; x_wconf 85' lang='lat' dir='ltr'>strepebant</span> <span class='ocrx_word' id='word_1_98' title='bbox 862 1427 942 1489; x_wconf 90' lang='lat' dir='ltr'>enim</span> <span class='ocrx_word' id='word_1_99' title='bbox 973 1430 1074 1504; x_wconf 83' lang='lat' dir='ltr'>partes</span> <span class='ocrx_word' id='word_1_100' title='bbox 1107 1446 1184 1503; x_wconf 89' lang='lat' dir='ltr'>quae</span> 
     </span>
     <span class='ocr_line' id='line_1_14' title="bbox 164 1513 1183 1591; baseline 0.005 -20"><span class='ocrx_word' id='word_1_101' title='bbox 164 1514 289 1573; x_wconf 86' lang='lat' dir='ltr'>diversis</span> <span class='ocrx_word' id='word_1_102' title='bbox 313 1515 421 1573; x_wconf 89' lang='lat' dir='ltr'>studiis</span> <span class='ocrx_word' id='word_1_103' title='bbox 448 1513 634 1590; x_wconf 73' lang='lat' dir='ltr'>nitebantur,</span> <span class='ocrx_word' id='word_1_104' title='bbox 662 1533 697 1574; x_wconf 92' lang='lat' dir='ltr'>ex</span> <span class='ocrx_word' id='word_1_105' title='bbox 725 1535 853 1591; x_wconf 88' lang='lat' dir='ltr'>quarum</span> <span class='ocrx_word' id='word_1_106' title='bbox 880 1516 1020 1576; x_wconf 87' lang='lat' dir='ltr'>conflictu</span> <span class='ocrx_word' id='word_1_107' title='bbox 1046 1518 1078 1574; x_wconf 90' lang='lat' dir='ltr'>et</span> <span class='ocrx_word' id='word_1_108' title='bbox 1099 1516 1183 1576; x_wconf 85' lang='lat' dir='ltr'>vario</span> 
     </span>
     <span class='ocr_line' id='line_1_15' title="bbox 165 1603 1116 1683; baseline 0.004 -23"><span class='ocrx_word' id='word_1_109' title='bbox 165 1623 197 1661; x_wconf 88' lang='lat' dir='ltr'>ac</span> <span class='ocrx_word' id='word_1_110' title='bbox 216 1604 332 1663; x_wconf 87' lang='lat' dir='ltr'>diverso</span> <span class='ocrx_word' id='word_1_111' title='bbox 352 1603 568 1664; x_wconf 89' lang='lat' dir='ltr'>sententiarum</span> <span class='ocrx_word' id='word_1_112' title='bbox 585 1606 670 1663; x_wconf 91' lang='lat' dir='ltr'>motu</span> <span class='ocrx_word' id='word_1_113' title='bbox 688 1623 815 1682; x_wconf 89' lang='lat' dir='ltr'>magnus</span> <span class='ocrx_word' id='word_1_114' title='bbox 834 1605 938 1683; x_wconf 85' lang='lat' dir='ltr'>fragor</span> <span class='ocrx_word' id='word_1_115' title='bbox 956 1604 1116 1664; x_wconf 85' lang='lat' dir='ltr'>oriebatur.</span> 
     </span>
    </p>

    <p class='ocr_par' dir='ltr' id='par_1_5' title="bbox 121 1693 1246 2130">
     <span class='ocr_line' id='line_1_16' title="bbox 121 1693 1246 1768; baseline 0 -16"><span class='ocrx_word' id='word_1_116' title='bbox 121 1713 146 1752; x_wconf 84' lang='lat'>15</span> <span class='ocrx_word' id='word_1_117' title='bbox 235 1693 301 1750; x_wconf 87' lang='lat' dir='ltr'>Hos</span> <span class='ocrx_word' id='word_1_118' title='bbox 323 1694 399 1753; x_wconf 78' lang='lat' dir='ltr'>inter</span> <span class='ocrx_word' id='word_1_119' title='bbox 415 1696 523 1762; x_wconf 81' lang='lat' dir='ltr'>motus,</span> <span class='ocrx_word' id='word_1_120' title='bbox 547 1694 641 1753; x_wconf 81' lang='lat' dir='ltr'>medio</span> <span class='ocrx_word' id='word_1_121' title='bbox 659 1694 693 1751; x_wconf 80' lang='lat' dir='ltr'>iu</span> <span class='ocrx_word' id='word_1_122' title='bbox 710 1695 856 1768; x_wconf 69' lang='lat' dir='ltr'>flagrante</span> <span class='ocrx_word' id='word_1_123' title='bbox 873 1694 999 1754; x_wconf 79' lang='lat' dir='ltr'>tumultu</span> <span class='ocrx_word' id='word_1_124' title='bbox 1018 1711 1078 1755; x_wconf 84' lang='lat' dir='ltr'>cccc</span> <span class='ocrx_word' id='word_1_125' title='bbox 1096 1712 1185 1768; x_wconf 83' lang='lat' dir='ltr'>super</span> <span class='ocrx_word' id='word_1_126' title='bbox 1193 1704 1246 1752; x_wconf 77' lang='grc'>211</span> 
     </span>
     <span class='ocr_line' id='line_1_17' title="bbox 163 1782 1185 1858; baseline 0.004 -19"><span class='ocrx_word' id='word_1_127' title='bbox 163 1784 267 1840; x_wconf 78' lang='lat' dir='ltr'>moesti</span> <span class='ocrx_word' id='word_1_128' title='bbox 280 1800 390 1856; x_wconf 70' lang='lat' dir='ltr'>magna</span> <span class='ocrx_word' id='word_1_129' title='bbox 403 1782 556 1842; x_wconf 81' lang='lat' dir='ltr'>Diomedis</span> <span class='ocrx_word' id='word_1_130' title='bbox 571 1785 608 1843; x_wconf 87' lang='lat' dir='ltr'>ab</span> <span class='ocrx_word' id='word_1_131' title='bbox 626 1784 699 1842; x_wconf 76' lang='lat' dir='ltr'>urbe</span> <span class='ocrx_word' id='word_1_132' title='bbox 713 1783 800 1857; x_wconf 74' lang='lat' dir='ltr'>lopati</span> <span class='ocrx_word' id='word_1_133' title='bbox 814 1800 957 1857; x_wconf 81' lang='lat' dir='ltr'>responsu</span> <span class='ocrx_word' id='word_1_134' title='bbox 973 1784 1088 1858; x_wconf 73' lang='lat' dir='ltr'>ferunt:</span> <span class='ocrx_word' id='word_1_135' title='bbox 1105 1782 1185 1843; x_wconf 89' lang='lat' dir='ltr'>inter</span> 
     </span>
     <span class='ocr_line' id='line_1_18' title="bbox 163 1871 1185 1948; baseline 0.006 -21"><span class='ocrx_word' id='word_1_136' title='bbox 163 1871 232 1946; x_wconf 88' lang='lat' dir='ltr'>hos,</span> <span class='ocrx_word' id='word_1_137' title='bbox 259 1871 373 1946; x_wconf 87' lang='lat' dir='ltr'>inquit,</span> <span class='ocrx_word' id='word_1_138' title='bbox 400 1874 499 1932; x_wconf 90' lang='lat' dir='ltr'>motus</span> <span class='ocrx_word' id='word_1_139' title='bbox 527 1891 601 1948; x_wconf 88' lang='lat' dir='ltr'>quos</span> <span class='ocrx_word' id='word_1_140' title='bbox 625 1890 718 1948; x_wconf 87' lang='lat' dir='ltr'>supra</span> <span class='ocrx_word' id='word_1_141' title='bbox 740 1871 910 1948; x_wconf 77' lang='lat' dir='ltr'>descripsit,</span> <span class='ocrx_word' id='word_1_142' title='bbox 941 1893 1043 1934; x_wconf 88' lang='lat' dir='ltr'>eorum</span> <span class='ocrx_word' id='word_1_143' title='bbox 1070 1874 1185 1933; x_wconf 88' lang='lat' dir='ltr'>scilicet</span> 
     </span>
     <span class='ocr_line' id='line_1_19' title="bbox 164 1960 1184 2036; baseline 0.005 -18"><span class='ocrx_word' id='word_1_144' title='bbox 164 1961 267 2036; x_wconf 89' lang='lat' dir='ltr'>quiex</span> <span class='ocrx_word' id='word_1_145' title='bbox 281 1960 409 2036; x_wconf 92' lang='lat' dir='ltr'>publicis</span> <span class='ocrx_word' id='word_1_146' title='bbox 423 1960 557 2021; x_wconf 87' lang='lat' dir='ltr'>cladibus</span> <span class='ocrx_word' id='word_1_147' title='bbox 572 1962 692 2021; x_wconf 86' lang='lat' dir='ltr'>fuerant</span> <span class='ocrx_word' id='word_1_148' title='bbox 705 1962 808 2036; x_wconf 83' lang='lat' dir='ltr'>fracti,</span> <span class='ocrx_word' id='word_1_149' title='bbox 825 1961 960 2023; x_wconf 87' lang='lat' dir='ltr'>adcrevit</span> <span class='ocrx_word' id='word_1_150' title='bbox 974 1962 1056 2022; x_wconf 89' lang='lat' dir='ltr'>aliud</span> <span class='ocrx_word' id='word_1_151' title='bbox 1069 1964 1184 2023; x_wconf 90' lang='lat' dir='ltr'>malum</span> 
     </span>
     <span class='ocr_line' id='line_1_20' title="bbox 165 2050 1183 2130; baseline 0.006 -22"><span class='ocrx_word' id='word_1_152' title='bbox 165 2050 244 2126; x_wconf 91' lang='lat' dir='ltr'>quod</span> <span class='ocrx_word' id='word_1_153' title='bbox 259 2050 425 2110; x_wconf 86' lang='lat' dir='ltr'>cumularet</span> <span class='ocrx_word' id='word_1_154' title='bbox 438 2051 537 2112; x_wconf 89' lang='lat' dir='ltr'>clades</span> <span class='ocrx_word' id='word_1_155' title='bbox 550 2051 697 2112; x_wconf 89' lang='lat' dir='ltr'>inventas.</span> <span class='ocrx_word' id='word_1_156' title='bbox 724 2051 885 2130; x_wconf 85' lang='lat' dir='ltr'>flagrante,</span> <span class='ocrx_word' id='word_1_157' title='bbox 902 2053 1015 2129; x_wconf 85' lang='lat' dir='ltr'>inquit,</span> <span class='ocrx_word' id='word_1_158' title='bbox 1033 2054 1183 2114; x_wconf 85' lang='lat' dir='ltr'>tumultu:</span> 
     </span>
    </p>

    <p class='ocr_par' dir='ltr' id='par_1_6' title="bbox 120 2139 1184 2578">
     <span class='ocr_line' id='line_1_21' title="bbox 120 2139 1183 2220; baseline 0.005 -22"><span class='ocrx_word' id='word_1_159' title='bbox 120 2160 146 2198; x_wconf 84' lang='lat' dir='ltr'>eo</span> <span class='ocrx_word' id='word_1_160' title='bbox 163 2140 273 2217; x_wconf 89' lang='lat' dir='ltr'>flagrat</span> <span class='ocrx_word' id='word_1_161' title='bbox 296 2139 438 2216; x_wconf 87' lang='lat' dir='ltr'>quicquid</span> <span class='ocrx_word' id='word_1_162' title='bbox 461 2141 493 2201; x_wconf 83' lang='lat' dir='ltr'>vi</span> <span class='ocrx_word' id='word_1_163' title='bbox 517 2140 639 2201; x_wconf 89' lang='lat' dir='ltr'>maioris</span> <span class='ocrx_word' id='word_1_164' title='bbox 658 2141 770 2201; x_wconf 89' lang='lat' dir='ltr'>doloris</span> <span class='ocrx_word' id='word_1_165' title='bbox 790 2142 969 2201; x_wconf 88' lang='lat' dir='ltr'>accenditur.</span> <span class='ocrx_word' id='word_1_166' title='bbox 998 2162 1063 2203; x_wconf 89' lang='lat' dir='ltr'>ecce</span> <span class='ocrx_word' id='word_1_167' title='bbox 1082 2162 1183 2220; x_wconf 85' lang='lat' dir='ltr'>super:</span> 
     </span>
     <span class='ocr_line' id='line_1_22' title="bbox 165 2230 1183 2309; baseline 0.006 -24"><span class='ocrx_word' id='word_1_168' title='bbox 165 2248 230 2288; x_wconf 88' lang='lat' dir='ltr'>ecee</span> <span class='ocrx_word' id='word_1_169' title='bbox 253 2230 406 2288; x_wconf 87' lang='lat' dir='ltr'>nonnullis</span> <span class='ocrx_word' id='word_1_170' title='bbox 424 2230 497 2289; x_wconf 89' lang='lat' dir='ltr'>locis</span> <span class='ocrx_word' id='word_1_171' title='bbox 517 2230 591 2306; x_wconf 90' lang='lat' dir='ltr'>quid</span> <span class='ocrx_word' id='word_1_172' title='bbox 605 2231 753 2309; x_wconf 87' lang='lat' dir='ltr'>significet</span> <span class='ocrx_word' id='word_1_173' title='bbox 770 2231 974 2308; x_wconf 82' lang='lat' dir='ltr'>exposuimus3</span> <span class='ocrx_word' id='word_1_174' title='bbox 996 2252 1066 2292; x_wconf 85' lang='lat' dir='ltr'>nem</span> <span class='ocrx_word' id='word_1_175' title='bbox 1086 2234 1183 2308; x_wconf 89' lang='lat' dir='ltr'>inopi-</span> 
     </span>
     <span class='ocr_line' id='line_1_23' title="bbox 164 2320 1184 2399; baseline 0.004 -24"><span class='ocrx_word' id='word_1_176' title='bbox 164 2320 268 2376; x_wconf 87' lang='lat' dir='ltr'>natum</span> <span class='ocrx_word' id='word_1_177' title='bbox 292 2320 487 2394; x_wconf 87' lang='lat' dir='ltr'>praenuntiat</span> <span class='ocrx_word' id='word_1_178' title='bbox 509 2320 624 2379; x_wconf 88' lang='lat' dir='ltr'>malum</span> <span class='ocrx_word' id='word_1_179' title='bbox 647 2323 678 2380; x_wconf 90' lang='lat' dir='ltr'>et</span> <span class='ocrx_word' id='word_1_180' title='bbox 696 2338 788 2399; x_wconf 83' lang='lat' dir='ltr'>grave</span> <span class='ocrx_word' id='word_1_181' title='bbox 807 2322 881 2379; x_wconf 90' lang='lat' dir='ltr'>satis</span> <span class='ocrx_word' id='word_1_182' title='bbox 902 2323 937 2380; x_wconf 88' lang='lat' dir='ltr'>ac</span> <span class='ocrx_word' id='word_1_183' title='bbox 955 2322 1127 2395; x_wconf 84' lang='lat' dir='ltr'>vehemens,</span> <span class='ocrx_word' id='word_1_184' title='bbox 1150 2324 1184 2380; x_wconf 90' lang='lat' dir='ltr'>ut</span> 
     </span>
     <span class='ocr_line' id='line_1_24' title="bbox 164 2401 1183 2487; baseline 0.006 -23"><span class='ocrx_word' id='word_1_185' title='bbox 164 2401 209 2483; x_wconf 81' lang='lat'>(2,</span> <span class='ocrx_word' id='word_1_186' title='bbox 221 2405 301 2485; x_wconf 83' lang='lat'>203)</span> <span class='ocrx_word' id='word_1_187' title='bbox 320 2426 409 2484; x_wconf 85' lang='lat' dir='ltr'>„ecce</span> <span class='ocrx_word' id='word_1_188' title='bbox 432 2410 533 2468; x_wconf 90' lang='lat' dir='ltr'>autem</span> <span class='ocrx_word' id='word_1_189' title='bbox 556 2410 669 2487; x_wconf 85' lang='lat' dir='ltr'>gemini</span> <span class='ocrx_word' id='word_1_190' title='bbox 688 2429 706 2469; x_wconf 89' lang='lat' dir='ltr'>a</span> <span class='ocrx_word' id='word_1_191' title='bbox 724 2409 843 2469; x_wconf 84' lang='lat' dir='ltr'>Tenedo</span> <span class='ocrx_word' id='word_1_192' title='bbox 862 2409 1030 2486; x_wconf 87' lang='lat' dir='ltr'>tranquilla</span> <span class='ocrx_word' id='word_1_193' title='bbox 1048 2429 1102 2486; x_wconf 88' lang='lat' dir='ltr'>per</span> <span class='ocrx_word' id='word_1_194' title='bbox 1120 2410 1183 2470; x_wconf 92' lang='lat' dir='ltr'>alta</span> 
     </span>
     <span class='ocr_line' id='line_1_25' title="bbox 164 2489 1183 2578; baseline 0.003 -23"><span class='ocrx_word' id='word_1_195' title='bbox 164 2489 316 2576; x_wconf 87' lang='lat' dir='ltr'>(horresco</span> <span class='ocrx_word' id='word_1_196' title='bbox 334 2490 478 2578; x_wconf 81' lang='lat' dir='ltr'>referens)</span> <span class='ocrx_word' id='word_1_197' title='bbox 501 2499 645 2559; x_wconf 88' lang='lat' dir='ltr'>inmensis</span> <span class='ocrx_word' id='word_1_198' title='bbox 664 2498 786 2560; x_wconf 89' lang='lat' dir='ltr'>orbibus</span> <span class='ocrx_word' id='word_1_199' title='bbox 806 2517 918 2577; x_wconf 83' lang='lat' dir='ltr'>angues</span> <span class='ocrx_word' id='word_1_200' title='bbox 937 2498 1116 2558; x_wconf 89' lang='lat' dir='ltr'>incumbunt</span> <span class='ocrx_word' id='word_1_201' title='bbox 1133 2518 1183 2576; x_wconf 91' lang='lat' dir='ltr'>pe·</span> 
     </span>
    </p>

    <p class='ocr_par' dir='ltr' id='par_1_7' title="bbox 119 2579 1184 3201">
     <span class='ocr_line' id='line_1_26' title="bbox 119 2579 1183 2667; baseline 0.003 -24"><span class='ocrx_word' id='word_1_202' title='bbox 119 2585 256 2662; x_wconf 72' lang='grc' dir='ltr'>1511ςοιι</span> <span class='ocrx_word' id='word_1_203' title='bbox 284 2589 315 2645; x_wconf 90' lang='lat' dir='ltr'>et</span> <span class='ocrx_word' id='word_1_204' title='bbox 342 2579 387 2667; x_wconf 81' lang='lat'>(2,</span> <span class='ocrx_word' id='word_1_205' title='bbox 404 2580 483 2667; x_wconf 85' lang='grc'><strong>526)</strong></span> <span class='ocrx_word' id='word_1_206' title='bbox 511 2606 599 2662; x_wconf 88' lang='lat' dir='ltr'>„ecce</span> <span class='ocrx_word' id='word_1_207' title='bbox 627 2591 728 2647; x_wconf 89' lang='lat' dir='ltr'>autem</span> <span class='ocrx_word' id='word_1_208' title='bbox 755 2588 874 2664; x_wconf 89' lang='lat' dir='ltr'>elapsus</span> <span class='ocrx_word' id='word_1_209' title='bbox 902 2588 1012 2663; x_wconf 86' lang='lat' dir='ltr'>Pyrrhi</span> <span class='ocrx_word' id='word_1_210' title='bbox 1035 2587 1070 2647; x_wconf 92' lang='lat' dir='ltr'>de</span> <span class='ocrx_word' id='word_1_211' title='bbox 1094 2588 1183 2647; x_wconf 90' lang='lat' dir='ltr'>caede</span> 
     </span>
     <span class='ocr_line' id='line_1_27' title="bbox 164 2668 1184 2758; baseline 0.005 -27"><span class='ocrx_word' id='word_1_212' title='bbox 164 2673 298 2733; x_wconf 86' lang='lat' dir='ltr'>Polites“</span> <span class='ocrx_word' id='word_1_213' title='bbox 321 2677 352 2735; x_wconf 92' lang='lat' dir='ltr'>et</span> <span class='ocrx_word' id='word_1_214' title='bbox 374 2668 419 2756; x_wconf 76' lang='lat'>(8,</span> <span class='ocrx_word' id='word_1_215' title='bbox 433 2669 512 2758; x_wconf 89' lang='grc'><strong>228)</strong></span> <span class='ocrx_word' id='word_1_216' title='bbox 534 2695 624 2751; x_wconf 87' lang='lat' dir='ltr'>„ecce</span> <span class='ocrx_word' id='word_1_217' title='bbox 647 2677 749 2737; x_wconf 83' lang='lat' dir='ltr'>furens</span> <span class='ocrx_word' id='word_1_218' title='bbox 773 2677 881 2738; x_wconf 90' lang='lat' dir='ltr'>animis</span> <span class='ocrx_word' id='word_1_219' title='bbox 905 2677 1010 2737; x_wconf 88' lang='lat' dir='ltr'>aderat</span> <span class='ocrx_word' id='word_1_220' title='bbox 1032 2676 1184 2753; x_wconf 84' lang='lat' dir='ltr'>Tirynthi-</span> 
     </span>
     <span class='ocr_line' id='line_1_28' title="bbox 164 2763 1184 2842; baseline 0.004 -21"><span class='ocrx_word' id='word_1_221' title='bbox 164 2763 230 2822; x_wconf 84' lang='lat' dir='ltr'>us“.</span> <span class='ocrx_word' id='word_1_222' title='bbox 271 2768 303 2823; x_wconf 92' lang='lat' dir='ltr'>in</span> <span class='ocrx_word' id='word_1_223' title='bbox 333 2765 483 2842; x_wconf 89' lang='lat' dir='ltr'>praesenti</span> <span class='ocrx_word' id='word_1_224' title='bbox 507 2785 626 2841; x_wconf 91' lang='lat' dir='ltr'>quoque</span> <span class='ocrx_word' id='word_1_225' title='bbox 655 2786 716 2827; x_wconf 89' lang='lat' dir='ltr'>non</span> <span class='ocrx_word' id='word_1_226' title='bbox 744 2766 902 2826; x_wconf 88' lang='lat' dir='ltr'>dubitatur</span> <span class='ocrx_word' id='word_1_227' title='bbox 929 2786 989 2828; x_wconf 90' lang='lat' dir='ltr'>nen</span> <span class='ocrx_word' id='word_1_228' title='bbox 1016 2767 1078 2826; x_wconf 88' lang='lat' dir='ltr'>iam</span> <span class='ocrx_word' id='word_1_229' title='bbox 1105 2784 1184 2827; x_wconf 82' lang='lat' dir='ltr'>nova</span> 
     </span>
     <span class='ocr_line' id='line_1_29' title="bbox 164 2852 1183 2933; baseline 0 -23"><span class='ocrx_word' id='word_1_230' title='bbox 164 2852 290 2914; x_wconf 86' lang='lat' dir='ltr'>adversa</span> <span class='ocrx_word' id='word_1_231' title='bbox 308 2854 356 2914; x_wconf 85' lang='lat' dir='ltr'>vel</span> <span class='ocrx_word' id='word_1_232' title='bbox 374 2856 452 2929; x_wconf 90' lang='lat' dir='ltr'>sola,</span> <span class='ocrx_word' id='word_1_233' title='bbox 476 2856 527 2914; x_wconf 92' lang='lat' dir='ltr'>sed</span> <span class='ocrx_word' id='word_1_234' title='bbox 547 2856 609 2915; x_wconf 87' lang='lat' dir='ltr'>illis</span> <span class='ocrx_word' id='word_1_235' title='bbox 628 2875 706 2933; x_wconf 87' lang='lat' dir='ltr'>quae</span> <span class='ocrx_word' id='word_1_236' title='bbox 724 2857 786 2915; x_wconf 90' lang='lat' dir='ltr'>iam</span> <span class='ocrx_word' id='word_1_237' title='bbox 805 2857 927 2916; x_wconf 84' lang='lat' dir='ltr'>fuerant</span> <span class='ocrx_word' id='word_1_238' title='bbox 944 2856 993 2916; x_wconf 85' lang='lat' dir='ltr'>vel</span> <span class='ocrx_word' id='word_1_239' title='bbox 1010 2875 1088 2932; x_wconf 90' lang='lat' dir='ltr'>quae</span> <span class='ocrx_word' id='word_1_240' title='bbox 1106 2858 1183 2915; x_wconf 50' lang='lat' dir='ltr'>tract</span> 
     </span>
     <span class='ocr_line' id='line_1_30' title="bbox 163 2942 1184 3022; baseline 0.006 -21"><span class='ocrx_word' id='word_1_241' title='bbox 163 2944 245 3002; x_wconf 90' lang='lat' dir='ltr'>tatus</span> <span class='ocrx_word' id='word_1_242' title='bbox 268 2944 376 3002; x_wconf 90' lang='lat' dir='ltr'>habuit</span> <span class='ocrx_word' id='word_1_243' title='bbox 394 2943 542 3005; x_wconf 89' lang='lat' dir='ltr'>deteriora</span> <span class='ocrx_word' id='word_1_244' title='bbox 565 2942 784 3021; x_wconf 87' lang='lat' dir='ltr'>supervenisse:</span> <span class='ocrx_word' id='word_1_245' title='bbox 807 2963 868 3003; x_wconf 90' lang='lat' dir='ltr'>non</span> <span class='ocrx_word' id='word_1_246' title='bbox 891 2944 971 3004; x_wconf 89' lang='lat' dir='ltr'>enim</span> <span class='ocrx_word' id='word_1_247' title='bbox 992 2947 1082 3005; x_wconf 83' lang='lat' dir='ltr'>vacat</span> <span class='ocrx_word' id='word_1_248' title='bbox 1102 2944 1184 3022; x_wconf 89' lang='lat' dir='ltr'>quod</span> 
     </span>
     <span class='ocr_line' id='line_1_31' title="bbox 119 3033 1183 3110; baseline 0.004 -21"><span class='ocrx_word' id='word_1_249' title='bbox 119 3052 145 3090; x_wconf 87' lang='lat' dir='ltr'>eo</span> <span class='ocrx_word' id='word_1_250' title='bbox 164 3033 238 3090; x_wconf 91' lang='lat' dir='ltr'>dixit</span> <span class='ocrx_word' id='word_1_251' title='bbox 261 3052 326 3092; x_wconf 91' lang='lat' dir='ltr'>ecce</span> <span class='ocrx_word' id='word_1_252' title='bbox 349 3052 450 3110; x_wconf 86' lang='lat' dir='ltr'>super,</span> <span class='ocrx_word' id='word_1_253' title='bbox 474 3052 540 3093; x_wconf 90' lang='lat' dir='ltr'>cum</span> <span class='ocrx_word' id='word_1_254' title='bbox 565 3033 699 3095; x_wconf 91' lang='lat' dir='ltr'>cladibus</span> <span class='ocrx_word' id='word_1_255' title='bbox 721 3034 815 3094; x_wconf 89' lang='lat' dir='ltr'>tantis</span> <span class='ocrx_word' id='word_1_256' title='bbox 843 3054 905 3094; x_wconf 92' lang='lat' dir='ltr'>non</span> <span class='ocrx_word' id='word_1_257' title='bbox 927 3035 1104 3109; x_wconf 84' lang='lat' dir='ltr'>remedium,</span> <span class='ocrx_word' id='word_1_258' title='bbox 1132 3033 1183 3093; x_wconf 91' lang='lat' dir='ltr'>sed</span> 
     </span>
     <span class='ocr_line' id='line_1_32' title="bbox 164 3123 1183 3201; baseline 0.003 -21"><span class='ocrx_word' id='word_1_259' title='bbox 164 3124 360 3200; x_wconf 86' lang='lat' dir='ltr'>augmentum</span> <span class='ocrx_word' id='word_1_260' title='bbox 386 3123 538 3183; x_wconf 85' lang='lat' dir='ltr'>rideretur</span> <span class='ocrx_word' id='word_1_261' title='bbox 564 3125 709 3184; x_wconf 90' lang='lat' dir='ltr'>adlatum.</span> <span class='ocrx_word' id='word_1_262' title='bbox 754 3142 865 3201; x_wconf 89' lang='lat' dir='ltr'>magna</span> <span class='ocrx_word' id='word_1_263' title='bbox 894 3123 1003 3183; x_wconf 89' lang='lat' dir='ltr'>maesti</span> <span class='ocrx_word' id='word_1_264' title='bbox 1029 3123 1183 3183; x_wconf 89' lang='lat' dir='ltr'>Diomedis</span> 
     </span>
    </p>
   </div>
   <div class='ocr_carea' id='block_1_3' title="bbox 159 3258 1229 3752">
    <p class='ocr_par' dir='ltr' id='par_1_8' title="bbox 159 3258 1229 3752">
     <span class='ocr_line' id='line_1_33' title="bbox 235 3258 1183 3325; baseline 0.001 -14"><span class='ocrx_word' id='word_1_265' title='bbox 235 3264 250 3311; x_wconf 90' lang='grc'><strong>2</strong></span> <span class='ocrx_word' id='word_1_266' title='bbox 269 3258 390 3324; x_wconf 81' lang='lat' dir='ltr'>faciebat</span> <span class='ocrx_word' id='word_1_267' title='bbox 408 3258 451 3312; x_wconf 90' lang='lat' dir='ltr'>ed.</span> <span class='ocrx_word' id='word_1_268' title='bbox 511 3264 527 3312; x_wconf 87' lang='grc'>6</span> <span class='ocrx_word' id='word_1_269' title='bbox 546 3264 680 3313; x_wconf 71' lang='grc' dir='ltr'>11101111ναί</span> <span class='ocrx_word' id='word_1_270' title='bbox 691 3258 718 3312; x_wconf 91' lang='lat' dir='ltr'><strong>V</strong></span> <span class='ocrx_word' id='word_1_271' title='bbox 732 3258 775 3313; x_wconf 86' lang='lat' dir='ltr'>ed.</span> <span class='ocrx_word' id='word_1_272' title='bbox 795 3264 950 3313; x_wconf 68' lang='lat' dir='ltr'>moesia-unt</span> <span class='ocrx_word' id='word_1_273' title='bbox 968 3258 1002 3312; x_wconf 88' lang='lat' dir='ltr'>cf.</span> <span class='ocrx_word' id='word_1_274' title='bbox 1019 3264 1043 3325; x_wconf 76' lang='lat'>7,</span> <span class='ocrx_word' id='word_1_275' title='bbox 1054 3263 1105 3311; x_wconf 89' lang='grc'>292</span> <span class='ocrx_word' id='word_1_276' title='bbox 1124 3275 1183 3312; x_wconf 91' lang='lat' dir='ltr'>nos.</span> 
     </span>
     <span class='ocr_line' id='line_1_34' title="bbox 164 3329 1183 3401; baseline 0.002 -19"><span class='ocrx_word' id='word_1_277' title='bbox 164 3335 179 3381; x_wconf 83' lang='lat'><strong>9</strong></span> <span class='ocrx_word' id='word_1_278' title='bbox 199 3330 385 3398; x_wconf 81' lang='lat' dir='ltr'>aliquidemV</span> <span class='ocrx_word' id='word_1_279' title='bbox 398 3330 507 3398; x_wconf 73' lang='lat' dir='ltr'>aliquid</span> <span class='ocrx_word' id='word_1_280' title='bbox 520 3336 559 3385; x_wconf 84' lang='lat' dir='ltr'>est</span> <span class='ocrx_word' id='word_1_281' title='bbox 572 3330 616 3383; x_wconf 90' lang='lat' dir='ltr'>ed.</span> <span class='ocrx_word' id='word_1_282' title='bbox 637 3330 641 3401; x_wconf 69' lang='grc'>1</span> <span class='ocrx_word' id='word_1_283' title='bbox 658 3329 844 3398; x_wconf 74' lang='lat' dir='ltr'>persisturcV</span> <span class='ocrx_word' id='word_1_284' title='bbox 859 3346 927 3384; x_wconf 87' lang='lat' dir='ltr'>corr.</span> <span class='ocrx_word' id='word_1_285' title='bbox 943 3330 986 3383; x_wconf 88' lang='lat' dir='ltr'>ed.</span> <span class='ocrx_word' id='word_1_286' title='bbox 1039 3334 1070 3383; x_wconf 93' lang='lat'>11</span> <span class='ocrx_word' id='word_1_287' title='bbox 1086 3346 1183 3384; x_wconf 85' lang='lat' dir='ltr'>eece—-</span> 
     </span>
     <span class='ocr_line' id='line_1_35' title="bbox 164 3400 1185 3472; baseline 0.004 -20"><span class='ocrx_word' id='word_1_288' title='bbox 164 3406 197 3453; x_wconf 89' lang='lat'>13</span> <span class='ocrx_word' id='word_1_289' title='bbox 216 3403 376 3457; x_wconf 77' lang='lat' dir='ltr'>nitebantur</span> <span class='ocrx_word' id='word_1_290' title='bbox 394 3418 448 3455; x_wconf 90' lang='lat' dir='ltr'>om.</span> <span class='ocrx_word' id='word_1_291' title='bbox 463 3401 507 3456; x_wconf 88' lang='lat' dir='ltr'>ed.</span> <span class='ocrx_word' id='word_1_292' title='bbox 568 3407 601 3454; x_wconf 96' lang='grc'>12</span> <span class='ocrx_word' id='word_1_293' title='bbox 619 3402 754 3469; x_wconf 78' lang='lat' dir='ltr'>strepebat</span> <span class='ocrx_word' id='word_1_294' title='bbox 767 3400 801 3455; x_wconf 89' lang='lat' dir='ltr'>V.</span> <span class='ocrx_word' id='word_1_295' title='bbox 860 3407 892 3455; x_wconf 86' lang='lat'>13</span> <span class='ocrx_word' id='word_1_296' title='bbox 911 3402 1051 3456; x_wconf 76' lang='lat' dir='ltr'>reitcbutur</span> <span class='ocrx_word' id='word_1_297' title='bbox 1063 3400 1098 3455; x_wconf 83' lang='lat' dir='ltr'>V.</span> <span class='ocrx_word' id='word_1_298' title='bbox 1126 3401 1130 3472; x_wconf 88' lang='grc' dir='ltr'>Ι</span> <span class='ocrx_word' id='word_1_299' title='bbox 1159 3408 1185 3456; x_wconf 85' lang='lat' dir='ltr'>et</span> 
     </span>
     <span class='ocr_line' id='line_1_36' title="bbox 163 3472 1183 3528; baseline 0.001 -3"><span class='ocrx_word' id='word_1_300' title='bbox 163 3474 241 3526; x_wconf 83' lang='lat' dir='ltr'>curie</span> <span class='ocrx_word' id='word_1_301' title='bbox 266 3490 300 3527; x_wconf 87' lang='lat' dir='ltr'>uc</span> <span class='ocrx_word' id='word_1_302' title='bbox 319 3473 346 3527; x_wconf 91' lang='lat' dir='ltr'><strong>V</strong></span> <span class='ocrx_word' id='word_1_303' title='bbox 369 3474 448 3528; x_wconf 82' lang='lat' dir='ltr'>curio</span> <span class='ocrx_word' id='word_1_304' title='bbox 473 3479 499 3527; x_wconf 80' lang='lat' dir='ltr'>et</span> <span class='ocrx_word' id='word_1_305' title='bbox 523 3473 594 3527; x_wconf 77' lang='lat' dir='ltr'>eds.</span> <span class='ocrx_word' id='word_1_306' title='bbox 672 3477 706 3526; x_wconf 78' lang='lat'>14</span> <span class='ocrx_word' id='word_1_307' title='bbox 730 3480 804 3528; x_wconf 80' lang='lat' dir='ltr'>metu</span> <span class='ocrx_word' id='word_1_308' title='bbox 829 3473 873 3527; x_wconf 88' lang='lat' dir='ltr'>cd.</span> <span class='ocrx_word' id='word_1_309' title='bbox 947 3478 980 3526; x_wconf 83' lang='lat'>15</span> <span class='ocrx_word' id='word_1_310' title='bbox 1005 3474 1037 3527; x_wconf 80' lang='lat' dir='ltr'>iu</span> <span class='ocrx_word' id='word_1_311' title='bbox 1062 3489 1116 3525; x_wconf 88' lang='lat' dir='ltr'>om.</span> <span class='ocrx_word' id='word_1_312' title='bbox 1140 3472 1183 3527; x_wconf 88' lang='lat' dir='ltr'>ed.</span> 
     </span>
     <span class='ocr_line' id='line_1_37' title="bbox 164 3543 1194 3599; baseline -0.003 -3"><span class='ocrx_word' id='word_1_313' title='bbox 164 3549 197 3596; x_wconf 93' lang='grc'>21</span> <span class='ocrx_word' id='word_1_314' title='bbox 217 3546 249 3596; x_wconf 77' lang='lat' dir='ltr'>ia</span> <span class='ocrx_word' id='word_1_315' title='bbox 268 3545 334 3599; x_wconf 80' lang='lat' dir='ltr'>locis</span> <span class='ocrx_word' id='word_1_316' title='bbox 352 3544 395 3599; x_wconf 85' lang='lat' dir='ltr'>ed.</span> <span class='ocrx_word' id='word_1_317' title='bbox 474 3550 507 3598; x_wconf 89' lang='grc'>22</span> <span class='ocrx_word' id='word_1_318' title='bbox 531 3545 644 3599; x_wconf 70' lang='lat' dir='ltr'>nuntiat</span> <span class='ocrx_word' id='word_1_319' title='bbox 666 3544 728 3599; x_wconf 64' lang='lat' dir='ltr'>cdl</span> <span class='ocrx_word' id='word_1_320' title='bbox 789 3550 823 3598; x_wconf 82' lang='grc'>24</span> <span class='ocrx_word' id='word_1_321' title='bbox 841 3543 1001 3599; x_wconf 64' lang='lat' dir='ltr'>centul</span> <span class='ocrx_word' id='word_1_322' title='bbox 1020 3545 1194 3596; x_wconf 68' lang='lat' dir='ltr'>torresco-</span> 
     </span>
     <span class='ocr_line' id='line_1_38' title="bbox 159 3603 1229 3689; baseline -0.004 -22"><span class='ocrx_word' id='word_1_323' title='bbox 159 3617 260 3683; x_wconf 71' lang='lat' dir='ltr'>pelupo</span> <span class='ocrx_word' id='word_1_324' title='bbox 278 3631 330 3668; x_wconf 85' lang='lat' dir='ltr'>orn.</span> <span class='ocrx_word' id='word_1_325' title='bbox 346 3616 389 3668; x_wconf 89' lang='lat' dir='ltr'>ed.</span> <span class='ocrx_word' id='word_1_326' title='bbox 445 3621 478 3669; x_wconf 81' lang='grc'>21</span> <span class='ocrx_word' id='word_1_327' title='bbox 497 3617 529 3670; x_wconf 80' lang='lat' dir='ltr'>iu</span> <span class='ocrx_word' id='word_1_328' title='bbox 542 3614 880 3686; x_wconf 59' lang='lat' dir='ltr'>praesentiscens.</span> <span class='ocrx_word' id='word_1_329' title='bbox 932 3619 974 3667; x_wconf 76' lang='grc'>11</span> <span class='ocrx_word' id='word_1_330' title='bbox 993 3614 1128 3689; x_wconf 63' lang='lat' dir='ltr'>ablaturo</span> <span class='ocrx_word' id='word_1_331' title='bbox 1144 3603 1229 3663; x_wconf 40' lang='lat' dir='ltr'>aa&amp;</span> 
     </span>
     <span class='ocr_line' id='line_1_39' title="bbox 161 3677 1216 3752; baseline -0.01 -15"><span class='ocrx_word' id='word_1_332' title='bbox 161 3702 263 3752; x_wconf 65' lang='lat' dir='ltr'>rtrayna</span> <span class='ocrx_word' id='word_1_333' title='bbox 279 3686 417 3741; x_wconf 78' lang='lat' dir='ltr'>maeste&#39;V</span> <span class='ocrx_word' id='word_1_334' title='bbox 432 3688 477 3744; x_wconf 87' lang='lat' dir='ltr'>ed.</span> <span class='ocrx_word' id='word_1_335' title='bbox 497 3688 529 3744; x_wconf 87' lang='lat' dir='ltr'>in</span> <span class='ocrx_word' id='word_1_336' title='bbox 548 3688 646 3748; x_wconf 87' lang='lat' dir='ltr'>lemm.</span> <span class='ocrx_word' id='word_1_337' title='bbox 665 3690 822 3748; x_wconf 69' lang='lat' dir='ltr'>inversum</span> <span class='ocrx_word' id='word_1_338' title='bbox 837 3690 877 3743; x_wconf 79' lang='lat' dir='ltr'>ut</span> <span class='ocrx_word' id='word_1_339' title='bbox 892 3684 1044 3749; x_wconf 39' lang='lat' dir='ltr'>interg.</span> <span class='ocrx_word' id='word_1_340' title='bbox 1055 3677 1168 3729; x_wconf 49' lang='lat' dir='ltr'>umus„</span> <span class='ocrx_word' id='word_1_341' title='bbox 1214 3696 1216 3700; x_wconf 44' lang='lat'><strong>¹</strong></span> 
     </span>
    </p>
   </div>
   <div class='ocr_carea' id='block_1_4' title="bbox 0 0 1370 4150">
    <p class='ocr_par' dir='ltr' id='par_1_9' title="bbox 0 0 1370 4150">
     <span class='ocr_line' id='line_1_40' title="bbox 0 0 1370 4150; baseline 0 0"><span class='ocrx_word' id='word_1_342' title='bbox 0 0 1370 4150; x_wconf 95' lang='lat' dir='ltr'> </span> 
     </span>
    </p>
   </div>
  </div>
 </body>
</html>
