2725 4150
548 325 732 382 AENEIDOS
750 325 789 380 XI
1113 327 1178 394 487

160 512 347 569 summasque
379 496 420 554 ad
447 495 584 555 Palladia
613 495 692 555 arcis
719 494 888 554 subvehitur
913 511 1024 568 maaca
1053 497 1181 554 matram

160 586 264 658 rapina
286 588 403 644 caterva
425 584 505 643 dona
526 586 639 658 facus:
661 603 728 644 cum
748 585 822 643 haec
845 585 1016 661 agerentur,
1039 582 1181 644 subvehe-

160 675 251 732 batur
268 671 373 751 regina
390 672 514 733 tendens
533 674 572 733 ad
589 673 736 751 templum
753 675 784 732 et
802 690 901 732 arcem
918 671 1070 732 Minervae
1084 673 1181 732 ferens

161 763 247 822 dona.
285 762 506 823 subvehamur
528 762 617 838 dixit,
639 781 701 822 non
726 761 916 836 ambulabat,
939 763 1011 838 quia
1034 761 1181 821 defecerat

130 870 142 909 e
162 852 276 928 animo,
298 871 353 912 nec
370 851 549 929 portabatur
565 853 598 910 in
615 853 728 928 totum,
747 851 819 929 quia
837 853 998 927 utcumque
1016 849 1076 911 iter
1092 850 1181 910 facie·

161 943 215 1000 bat
236 941 361 1017 pedibus
385 943 461 1001 suis:
488 940 567 1016 ibat,
588 939 703 1017 inquit,
729 941 767 1000 ad
789 940 949 1018 templum,
976 940 1028 1000 sed
1052 941 1181 1000 contine·

160 1031 251 1090 batur
278 1032 446 1107 utn'mque,
475 1032 512 1089 ut
539 1031 693 1107 pervenire
722 1029 878 1106 potuisset
921 1031 1061 1104 iactaque
1090 1046 1182 1089 cama

160 1120 295 1180 Lacc'ac'a
320 1122 416 1194 cirac,
445 1137 539 1179 caasa
566 1119 641 1179 mat
666 1119 757 1178 taatc':
784 1118 896 1198 legitur
922 1121 953 1177 et
980 1137 1072 1180 causa
1093 1118 1243 1180 maliasco

160 1210 268 1284 tantis,
296 1210 368 1287 quia
390 1209 488 1269 multa
515 1209 687 1268 acciderant
708 1207 798 1268 mala.
843 1227 984 1283 cumea,
1011 1208 1124 1286 inquit,
1151 1210 1182 1267 et

116 1317 142 1355 10
161 1297 290 1358 Lavinia
316 1299 473 1376 pergebat,
504 1317 580 1375 quae
607 1298 710 1358 fuerat
735 1295 824 1357 malis
855 1297 992 1357 omnibus
1022 1316 1126 1376 causa3
1155 1296 1181 1358 si

161 1390 240 1446 enim
263 1388 439 1463 nuptiarum
462 1387 525 1448 eius
544 1387 748 1449 controversia
769 1405 830 1446 ncn
848 1385 1009 1463 extitisset,
1030 1389 1078 1447 tat
1095 1407 1182 1447 nam·

161 1497 252 1554 qnam
275 1479 429 1537 orerentur
451 1476 584 1538 adversa.
629 1477 727 1536 arabs
744 1476 854 1536 detecta
876 1477 1007 1535 alacres:
1036 1474 1182 1536 deiecerat

161 1565 289 1626 Lavinia
312 1567 413 1627 oculos
437 1566 486 1626 vel
507 1568 631 1644 propter
651 1565 800 1627 invidiam
821 1564 965 1642 temporis
988 1564 1037 1627 vel
1059 1569 1183 1641 propter

160 1655 341 1734 virginalem
363 1656 581 1715 verecundiam.
625 1656 742 1732 potuit,
767 1655 881 1731 inquit,
909 1654 1019 1714 habere
1041 1653 1182 1714 fiduciam

116 1759 142 1800 1s
162 1744 296 1822 erigendi
319 1745 434 1819 oculos,
458 1745 601 1822 quoniam
623 1744 741 1822 pulchri
765 1745 899 1820 fuerant,
922 1743 974 1804 sed
992 1743 1183 1820 premebatur

161 1835 351 1894 conscientia.
381 1834 494 1894 sciebat
511 1834 591 1894 enim
609 1851 641 1893 se
659 1853 723 1894 esse
739 1835 890 1894 malcrum
908 1832 1041 1894 omnium
1060 1851 1182 1892 causam

162 1925 191 1981 et
206 1923 280 2000 quid
293 1924 405 2002 virgini
423 1924 594 1983 conveniret
611 1925 697 1983 eunti
713 1942 767 2000 per
780 1923 934 2000 publicum
951 1925 1086 1984 noverat
1117 1939 1182 1982 sac-

161 2013 267 2072 acdaat
286 2017 408 2083 matres,
435 2012 587 2093 ingressae
613 2015 686 2072 sunt
711 2014 823 2074 matres
850 2011 904 2072 ubi
930 2012 1031 2072 luerat
1057 2014 1127 2089 dea,
1156 2015 1183 2071 ct

161 2104 299 2177 temptam
317 2106 380 2163 tare
397 2108 558 2176 vaporant:
575 2102 664 2179 quasi
681 2104 813 2180 plmima
830 2103 941 2181 species
954 2102 1033 2163 turis
1047 2104 1182 2164 favorem

116 2209 142 2248 rc
161 2192 294 2251 numinis
303 2193 399 2252 multo
412 2194 557 2252 maiorem
569 2192 602 2252 in
615 2195 702 2252 tanto
711 2192 844 2269 periculo
853 2209 1015 2271 provocare
1024 2192 1182 2269 potuisset,

162 2281 204 2341 sic
227 2282 369 2341 officiosis
390 2281 530 2341 manibus
557 2280 667 2342 altaria
690 2281 896 2357 cumulabant,
926 2284 961 2340 ut
977 2298 1094 2360 ¹vapore
1116 2282 1182 2358 ipsc

160 2371 267 2448 templi
289 2374 391 2448 partes
412 2370 547 2433 universi
567 2371 744 2448 tepuissent.
778 2375 804 2430 et
824 2374 953 2430 maestas
976 2371 1034 2430 alta
1051 2370 1184 2444 fundant

161 2462 196 2520 dc
219 2461 319 2519 limiae
336 2478 432 2520 acces:
455 2459 599 2538 quicquid
620 2461 764 2520 maeroris
788 2459 887 2519 animo
910 2458 1080 2519 retinebant
1100 2458 1182 2519 flebi-

160 2551 238 2609 libus
263 2549 386 2610 vocibus
408 2549 600 2610 testabantur
625 2550 803 2628 plangentes
830 2550 994 2627 praeterita
1021 2551 1052 2608 et
1080 2549 1183 2608 futura

117 2654 142 2695 rs
160 2642 341 2715 metuentes,
359 2640 416 2699 hoc
437 2641 535 2717 magis
559 2640 661 2699 dolere
684 2657 859 2715 concussae,
881 2657 919 2697 ne
942 2639 975 2696 in
992 2637 1111 2698 Aeneae
1135 2656 1183 2697 aa·

160 2728 287 2787 nubium
299 2728 428 2788 Lavinia
440 2729 621 2805 perveniret3
639 2747 711 2787 nam
724 2728 834 2788 idcirce
848 2746 917 2787 cum
930 2746 966 2787 sa
979 2727 1018 2786 ad
1031 2727 1182 2787 Minervae

161 2818 308 2895 templum
330 2819 442 2877 matres
469 2818 584 2878 multae
610 2820 769 2896 congestae
792 2819 871 2877 sunt.
916 2816 1047 2875 fundunt
1067 2816 1183 2892 inquit:

160 2907 222 2967 tale
245 2910 291 2967 est
313 2907 444 2966 madunt
467 2908 555 2983 quale
578 2910 624 2968 est
645 2906 792 2983 templum
814 2908 882 2966 ture
905 2909 1067 2982 vaporant,
1095 2906 1183 2983 quasi

160 3015 283 3072 precum
306 2996 393 3073 copia
416 2998 591 3074 extorquere
611 3000 713 3073 posset
735 2995 853 3056 numini
875 2996 955 3071 quod
977 2995 1109 3055 brevitas
1132 3014 1181 3054 ne-

116 3101 143 3139 sc
162 3085 269 3161 quibat
286 3085 409 3162 inplere.
442 3085 577 3147 adiectus
595 3086 644 3146 hia
663 3104 818 3162 expressus
837 3087 883 3145 est
900 3085 1089 3159 feminarum,
1102 3084 1181 3161 quae

160 3174 305 3235 videbant
327 3175 460 3234 studium
489 3194 577 3235 suam
603 3176 636 3234 in
659 3174 754 3234 Turni
780 3174 963 3234 successibus
987 3173 1129 3234 defecisse
1152 3175 1183 3232 et

161 3264 311 3343 putabant
333 3263 504 3324 adiumenta
527 3264 659 3325 numinis
683 3264 812 3326 acturis
832 3265 919 3340 copia
942 3266 973 3323 et
989 3262 1182 3341 multiloquio

160 3373 284 3431 precum
305 3352 372 3412 fieri
394 3372 481 3430 posse
504 3353 584 3431 quod
606 3353 765 3431 provenire
788 3353 958 3432 cupiebant.
995 3354 1181 3427 armipotens,

234 3583 413 3646 tabantque
426 3575 452 3632 V
465 3577 509 3632 ed.
568 3582 602 3631 10
619 3577 756 3633 maloram
773 3578 896 3632 amatam
914 3577 957 3632 ed.
1018 3581 1051 3630 12
1070 3592 1182 3631 areren-

161 3656 208 3705 tar
230 3648 256 3703 V
284 3655 425 3705 cracsaar
451 3665 502 3704 nos
527 3649 647 3717 frement
673 3648 717 3703 ed.
801 3653 835 3703 15
862 3666 947 3718 qaum
970 3665 1000 3718 p.
1026 3653 1114 3704 areat
1138 3647 1181 3702 ed.

163 3727 196 3776 16
215 3720 338 3776 sciebant
350 3719 377 3774 V
391 3736 461 3775 corr.
476 3720 519 3775 ed.
593 3726 628 3775 20
645 3721 768 3776 ncmiasb
779 3720 806 3775 V
821 3736 890 3775 corr.
905 3720 950 3777 ed.
