2725 4150
204 317 248 382 25
489 311 939 369 nonarrmsnarfflac.

195 481 365 541 nuntiabat
387 499 438 541 eos
465 500 529 542 esse
545 482 633 540 vultra
653 481 818 540 humanam
840 482 981 556 formam,
1005 500 1040 540 eo
1064 481 1224 541 accedebat

205 574 236 631 et
256 576 354 631 terror
381 590 417 629 ex
438 573 570 630 vestium
592 571 690 646 specie
712 570 818 648 ignota
841 571 1030 630 descendens.
1071 571 1120 630 illc
1141 572 1224 630 intro

203 664 276 720 tecta
302 662 404 720 cocart
424 661 551 734 imperat
576 664 603 719 et
628 661 701 719 solio
727 660 842 719 medius
864 660 992 719 consedit
1014 661 1106 720 acilo:
1146 660 1224 720 sedit

203 751 287 828 regio
309 769 392 810 more
415 751 446 808 et
468 768 518 809 eos
540 751 621 809 tecta
641 749 731 809 iussit
751 750 874 809 intrare.

142 851 194 900 170
277 840 396 898 Tectum
427 843 598 913 augustum,
627 839 744 913 dapem,
777 843 891 898 centum
921 839 1045 898 sublime
1081 839 1224 898 cotoneis
1256 852 1268 892 s

178 930 276 988 urbe
292 930 352 1003 fcit
373 943 503 997 mcccc,
531 928 695 986 Laurentis
721 928 803 1002 repta
829 929 907 1005 Pisi,
936 928 1114 987 torrendum
1140 928 1225 987 stibis

205 1023 232 1078 et
252 1019 391 1093 religione
408 1021 583 1090 pareatum:
610 1015 788 1076 describitur
808 1018 914 1077 domus
936 1016 1052 1092 Latini,
1076 1016 1165 1076 utin
1188 1034 1225 1076 ea

205 1108 381 1167 ostendatur
404 1125 499 1184 genus
523 1107 587 1165 eius
611 1105 776 1166 cucurrisse
800 1125 854 1183 per
877 1125 976 1183 reges,
1004 1109 1040 1164 ut
1066 1108 1135 1166 laus
1156 1106 1225 1182 ipsa

204 1196 323 1255 Aeneae
345 1196 515 1256 laudationi
538 1194 685 1272 proficiat.
714 1195 747 1254 in
764 1196 840 1273 ipsa,
858 1198 894 1255 ut
912 1195 1026 1254 dictum
1045 1197 1098 1270 est,
1118 1196 1225 1254 domus

204 1285 402 1362 descriptione
443 1284 572 1344 adicitur
607 1284 736 1345 felicitas
771 1285 901 1364 generis,
942 1285 1015 1343 dum
1048 1284 1225 1361 imaginum,
1244 1300 1270 1339 ro

203 1375 275 1434 dum
294 1377 465 1434 statuarum
482 1375 573 1433 series
590 1378 770 1434 recensetur.
811 1375 915 1434 domus
933 1373 1029 1450 igitur
1045 1373 1107 1430 fuit
1130 1374 1225 1432 admi-

203 1463 294 1522 rabili
306 1463 524 1542 magnitudine,
537 1464 760 1541 pulchritudine
775 1463 848 1522 satis
863 1463 993 1540 egregia,
1008 1461 1076 1520 urbi
1090 1478 1225 1522 summas

203 1556 235 1612 et
252 1554 349 1632 regali
362 1553 506 1631 dignitati
519 1554 706 1613 conveniens.
730 1554 819 1612 huius
834 1552 923 1611 decus
938 1550 1068 1629 augebat
1081 1570 1225 1612 numerus

204 1644 410 1702 columnarum
424 1646 553 1717 centurn,
571 1643 679 1720 quibus
700 1644 798 1701 erecta
814 1641 847 1699 in
861 1641 1054 1699 altitudinem
1069 1639 1226 1701 sublimior

204 1731 363 1793 ferebatur.
404 1731 565 1791 Laurentis
591 1732 675 1808 regia
702 1730 780 1790 Pici:
811 1731 877 1789 laus
906 1730 1039 1790 eiusdem
1065 1730 1171 1789 domus
1195 1733 1227 1789 et
1245 1744 1270 1784 rs

204 1840 374 1897 apersona
396 1822 510 1880 domini
532 1822 640 1880 veteris
664 1819 801 1878 sumebat
824 1821 1031 1897 augmentum,
1061 1820 1120 1878 fuit
1145 1820 1226 1879 enim

203 1909 269 1970 Pici
291 1909 460 1970 Laurentis.
505 1929 566 1968 non
593 1910 708 1968 trustra
736 1910 886 1968 adiectum
913 1910 960 1968 est
985 1908 1160 1985 Laurentis,
1187 1928 1225 1968 ne

203 2001 281 2059 forte
317 1999 457 2060 existeret
492 1999 558 2058 Pici
594 1999 718 2058 alterius
753 2017 861 2057 nomen
894 2001 924 2057 et
956 2017 991 2056 ex
1027 1998 1225 2058 similitudine

203 2091 358 2149 nominum
391 2088 526 2149 confusio
554 2091 739 2163 nasceretur,
771 2090 808 2146 ut
834 2089 866 2147 in
893 2089 991 2165 primo
1018 2089 1096 2148 libro
1128 2082 1225 2171 (650)

202 2179 338 2256 positum
361 2180 471 2238 scimus
489 2181 634 2252 „ornatus
658 2177 791 2256 Argives
814 2176 979 2253 Helenae“,
1002 2180 1049 2254 ut,
1077 2178 1103 2237 si
1126 2180 1226 2237 essent
1244 2196 1271 2235 so

204 2269 295 2344 aliae,
325 2270 532 2328 ostenderetur
560 2268 628 2343 ipsa
658 2268 791 2345 regionis
823 2268 910 2345 signo
945 2271 975 2327 et
1006 2270 1226 2327 monstraretur

203 2378 282 2435 quae
310 2360 395 2417 esset.
441 2376 510 2417 oum
539 2361 642 2416 autem
673 2357 811 2416 nominat
836 2358 963 2429 tectum,
990 2356 1226 2434 intellegendum

204 2451 251 2508 est
280 2449 379 2507 solum
405 2447 526 2506 interim
556 2445 684 2506 describi
715 2445 911 2520 vestibulum,
943 2446 979 2504 ut
1008 2466 1043 2504 ex
1076 2446 1224 2522 qualitate

203 2537 397 2614 triumphalis
420 2536 571 2615 ingressus
595 2536 700 2612 qualia
722 2536 837 2594 fuerint
858 2536 975 2612 reliqua
994 2536 1096 2612 colligi
1113 2539 1224 2611 posset

203 2627 267 2685 illic
284 2646 346 2686 non
364 2626 500 2703 picturae
518 2626 642 2684 fuerunt
658 2624 795 2700 turpium
813 2624 987 2683 fabularum
1004 2644 1058 2684 nec
1076 2625 1226 2685 adulteria
1244 2641 1270 2683 ss

204 2716 253 2775 vel
269 2715 380 2775 inliciti
398 2734 514 2775 amores
532 2714 669 2790 inpressi,
687 2733 748 2772 non
767 2714 883 2772 alienae
901 2714 1020 2790 palmae
1034 2714 1084 2773 vel
1102 2714 1224 2791 gloriae.

203 2805 385 2863 horrendum
408 2805 493 2863 silvis
511 2806 542 2863 et
559 2804 703 2880 religione
723 2805 897 2879 parentum:
921 2803 1066 2863 silvarum
1084 2804 1226 2880 densitas,

203 2892 312 2952 umbra
339 2912 497 2951 nemorum
526 2895 557 2952 et
586 2893 779 2972 originalium
809 2897 968 2970 parentum
997 2893 1145 2971 imagines
1175 2895 1225 2952 ad·

205 2981 316 3041 debant
333 2983 492 3041 tremorem
509 2983 585 3057 loco,
607 2987 644 3041 ut
662 2983 726 3041 sine
743 2983 911 3043 reverentia
924 2982 1020 3042 videri
1037 3001 1096 3041 non
1115 2986 1225 3059 posset.

204 3072 251 3130 bic
273 3077 387 3145 sceptra
410 3073 539 3145 ccupare
562 3076 589 3129 et
606 3073 721 3144 priores
744 3072 871 3131 obeliero
893 3073 989 3144 fasces
1007 3073 1124 3146 regibus
1142 3089 1226 3130 omen
1244 3086 1269 3126 so

144 3172 195 3221 175
206 3165 281 3231 erat
304 3162 356 3220 boc
377 3160 438 3219 illis
461 3162 546 3219 curta
568 3162 719 3233 templum,
742 3162 813 3220 boec
835 3163 929 3220 sacris
949 3162 1032 3220 sedes
1054 3162 1157 3234 epulis,
1180 3162 1227 3220 bic

278 3356 293 3404 ‘1
312 3351 445 3419 relegisse
467 3351 509 3418 (ut
528 3349 705 3418 plerumque)
724 3348 757 3403 V.
832 3355 865 3402 12
884 3349 1092 3417 pulchritudine
1110 3348 1135 3401 V
1154 3357 1180 3404 et
1195 3367 1225 3418 p.

206 3422 249 3476 ed.
306 3427 339 3475 14
358 3427 434 3476 vecta
451 3420 476 3475 V
495 3421 539 3474 ed.
557 3427 645 3475 aecta
663 3436 722 3473 nos.
783 3425 815 3473 17
835 3419 1090 3475 ooo—Lamotis
1108 3438 1161 3474 om.
1182 3421 1225 3475 ed.

206 3498 241 3546 20
259 3499 341 3547 mant
358 3509 409 3560 pro
427 3499 542 3548 ornatus
559 3490 593 3545 V.
619 3490 622 3562 l
651 3498 739 3546 essent
756 3492 829 3545 altae
847 3490 872 3545 V
891 3492 959 3543 mut.
979 3490 1022 3544 cd.
1087 3497 1119 3544 21
1140 3499 1226 3547 osten-

196 3565 335 3617 darentur
352 3563 378 3617 V
396 3581 466 3618 corr.
485 3564 529 3618 cd.
602 3568 636 3616 23
660 3564 788 3617 describit
811 3578 874 3615 cum
892 3561 964 3614 falsa
982 3561 1164 3617 distinctione
1182 3564 1225 3617 cd.

181 3634 221 3679 26
233 3633 365 3694 fuerunt
385 3634 412 3688 V
427 3643 514 3692 -rcnt
531 3635 576 3693 ed.
634 3640 667 3690 31
687 3635 753 3690 baec
770 3631 795 3685 V
815 3635 865 3688 boc
883 3632 927 3687 ed.
954 3633 960 3703 l
985 3650 1080 3687 samoe
1095 3633 1121 3686 V
1139 3636 1227 3690 sams

168 3697 213 3747 ed,
237 3702 322 3765 quod
343 3722 436 3761 unum
458 3708 703 3781 interpretationi
722 3706 864 3763 convenit.
