2725 4150
556 324 798 381 nmrnmosrx
1121 329 1185 396 281

167 497 238 571 hoc,
271 493 352 572 quod
383 495 499 555 iactum
531 493 702 572 descripsit,
735 493 808 554 licet
838 493 948 572 exponi
978 514 1039 555 non
1071 494 1187 571 debeat,

168 585 241 662 quia
268 585 395 661 planum
422 586 480 660 est,
509 586 611 644 tamen
637 584 746 645 melius
777 582 949 662 apparebit,
977 603 1045 645 eum
1074 584 1188 645 fuerint

167 674 305 752 inspectu
327 675 491 750 sequentia.
526 675 562 746 fit
583 691 687 743 coneo,
709 674 820 748 inuenti
838 690 980 734 muscae
997 677 1040 734 eet
1055 673 1187 748 peredere

167 763 267 823 telles:
294 781 384 823 sonus
407 782 496 839 quem
517 764 581 840 ipse
607 763 688 823 ictus
710 762 824 823 fecerat
846 764 901 823 aut
922 763 1011 822 ruina
1033 761 1187 841 prostrati,

138 871 150 913 o
167 849 285 930 pondus
308 854 411 912 auum
432 851 527 912 sensit
547 854 629 912 terra
651 870 730 930 quae
754 851 923 913 sustinebat
944 853 1082 913 occisum.
1121 869 1187 912 coe·

168 942 268 1016 lapsos
282 945 365 1001 artus
379 946 465 1015 atoue
478 959 566 1001 amc
578 945 700 1001 euentu
713 943 828 1002 cerebro
840 942 945 1001 ederem
955 942 1187 1002 lumiowre'eno:

167 1031 297 1108 inplevit
314 1034 426 1090 terram
444 1031 548 1090 funere
565 1030 689 1108 proprio
707 1031 738 1089 et
756 1030 903 1093 dissoluto
922 1031 1042 1092 cerebro
1066 1050 1101 1092 ac
1119 1049 1187 1091 sau6

167 1122 260 1199 guine
296 1138 351 1180 suo
387 1139 471 1180 mma
507 1138 628 1198 quoque
663 1119 806 1198 perfudit.
859 1124 946 1194 etqeee
976 1121 1023 1181 teli
1051 1121 1187 1196 perticus

168 1211 270 1283 eequis
291 1210 349 1269 tue
375 1214 463 1284 ceput
494 1213 579 1282 neue
605 1209 676 1268 ilbee
702 1226 803 1269 mucro
830 1225 865 1269 ee
890 1213 1013 1284 utroque
1034 1210 1248 1285 precederet

123 1319 150 1360 uo
167 1300 242 1358 haec
265 1302 311 1360 est
333 1301 430 1359 omnis
453 1298 614 1376 descriptio
637 1299 745 1358 mortis
767 1298 911 1359 Panden':
939 1300 1051 1376 medio,
1078 1300 1188 1377 inquil,

168 1389 266 1465 capite
298 1389 392 1448 ictum
423 1389 479 1448 teli
510 1386 659 1448 venientis
695 1389 813 1466 excepit
844 1391 876 1447 et
906 1407 960 1465 per
991 1390 1120 1449 frontem
1153 1407 1188 1449 ac

167 1477 277 1538 faciem
303 1478 396 1555 plage
424 1477 604 1537 descendens
634 1477 769 1556 singulus
799 1478 895 1554 partis
923 1477 1050 1556 singulis
1076 1477 1187 1538 umeris

168 1566 259 1626 dedit.
297 1585 362 1627 ecce
385 1570 509 1644 propter
531 1586 623 1644 quam
642 1585 765 1627 causum
783 1566 994 1644 supraposuit
1015 1567 1076 1643 „sic
1095 1565 1140 1626 ait
1157 1569 1188 1626 et

168 1656 321 1715 subletum
348 1657 408 1716 ulte
436 1657 591 1735 consurgit
618 1657 650 1716 in
678 1655 815 1733 ensem“;
844 1655 973 1716 hominis
1001 1655 1082 1715 enim
1104 1655 1187 1733 longi

124 1763 149 1804 re
168 1748 200 1805 et
226 1745 290 1804 eius
319 1745 404 1805 cuius
431 1747 529 1805 forma
556 1745 713 1805 arboribus
742 1744 804 1805 luci
830 1747 995 1823 conparata
1022 1747 1068 1804 est
1097 1746 1188 1821 caput

167 1837 199 1894 et
225 1835 333 1894 faciem
360 1853 421 1894 nno
448 1836 512 1894 ictu
537 1836 571 1894 in
598 1834 674 1894 dues
702 1834 799 1912 pertis
826 1853 966 1911 separare
993 1853 1054 1895 non
1076 1836 1187 1911 posset,

167 1923 227 1983 nisi
249 1923 280 1982 in
304 1942 404 1984 ensem
427 1941 607 2002 consurgens
631 1921 724 1983 altior
745 1927 824 1984 esset
845 1924 980 2000 effectus,
1010 1925 1046 1983 ut
1069 1923 1187 1983 descen·

167 2011 240 2072 dens
259 2013 351 2091 plaga
373 2013 493 2075 facilius
512 2014 665 2091 conploret
682 2013 812 2074 bominis
830 2032 939 2075 necem.
980 2015 1069 2075 tante
1086 2015 1187 2072 autem

167 2103 241 2163 facti
255 2103 393 2163 celeritas
406 2104 480 2178 fuit,
498 2106 533 2163 ut
551 2102 693 2164 adversus
713 2104 879 2164 consistens
892 2102 1048 2164 Pandarus
1067 2105 1187 2163 venien·

122 2209 149 2251 ro
166 2194 228 2250 tem
257 2194 385 2252 mortem
415 2192 512 2252 vitare
544 2192 724 2270 nequiverit.
773 2193 933 2269 diffeyieent
963 2194 1041 2253 verse
1072 2193 1188 2267 trepida

166 2282 325 2355 formidine
355 2282 460 2341 Troes:
492 2281 616 2341 lboiani
646 2300 748 2342 omnes
779 2283 837 2342 tali
869 2283 1002 2359 exemplo
1034 2283 1187 2360 perterriti

167 2370 319 2448 fugerunt.
365 2375 392 2430 et
417 2372 445 2430 se'
472 2372 607 2430 mutinae
633 2372 770 2431 victorem
793 2389 829 2431 ec
851 2389 924 2431 cure
946 2372 1083 2440 subisset,
1106 2388 1187 2429 reem·

162 2475 234 2532 pere
258 2460 389 2520 claustra
414 2478 508 2520 mune
530 2462 678 2533 eoeioeoee
699 2461 843 2519 demetere
862 2461 970 2534 portis,
994 2460 1115 2518 allieurs
1138 2459 1187 2518 elle

167 2549 230 2607 de'es
253 2550 324 2608 belle
350 2551 484 2624 pectique
506 2550 625 2622 fuisset:
654 2550 760 2610 occisis
789 2550 852 2608 illis
882 2548 934 2625 qui
963 2548 1106 2608 valebant
1135 2547 1186 2617 ob·

123 2654 149 2696 ae
168 2637 286 2714 sistere,
310 2639 336 2699 si
358 2638 503 2698 victorem
526 2638 661 2697 Turnum
689 2656 821 2717 congrua
848 2656 920 2697 cura
946 2636 1108 2714 tetigisset,
1138 2637 1187 2695 vel

166 2727 295 2786 maxime
318 2728 391 2804 quia
413 2728 557 2806 fugerant
579 2726 681 2802 ceteri,
709 2729 744 2786 ut
770 2728 921 2804 perruptis
948 2723 1087 2787 claustris
1118 2745 1187 2803 por·

167 2818 259 2891 taque
282 2817 436 2893 patefacta
464 2836 532 2878 suos
561 2815 743 2892 admisisset,
774 2815 877 2875 eodem
907 2815 955 2875 die
987 2816 1083 2875 omnis
1114 2816 1186 2875 Tro·

166 2905 305 2965 ianorum
335 2925 407 2985 gens
437 2906 545 2966 fuisset
572 2906 733 2983 absumpta
760 2906 791 2965 et
819 2906 925 2982 plenus
948 2904 1020 2964 belli
1040 2906 1187 2965 terminus

166 2996 361 3071 provenisset.
414 3014 467 3055 cur
495 2997 552 3055 boc
581 3014 641 3054 non
671 2996 713 3055 sit
743 2995 859 3054 factum
888 2994 1083 3055 subnectitur.
1135 2994 1187 3054 sed
1197 3000 1248 3050 ‘160

123 3099 149 3139 eo
166 3085 253 3157 furor
280 3085 430 3144 ardentem
456 3085 609 3158 caedisque
634 3086 747 3145 insece
774 3084 879 3158 cepido
902 3085 958 3158 epit
978 3084 1013 3142 e'e
1034 3083 1188 3143 aduersos:

166 3172 295 3249 inpediit
317 3175 373 3232 hoe
396 3174 554 3233 consilium
576 3175 672 3249 furor,
696 3174 750 3251 qui
771 3173 918 3233 humanas
940 3174 1053 3232 mentes
1073 3191 1091 3232 a
1109 3176 1187 3231 trec·

167 3262 281 3322 tutibus
310 3262 471 3323 commodis
499 3264 678 3340 proturbare
701 3264 865 3324 consuevit
910 3264 1015 3339 raptus
1039 3263 1085 3320 est
1108 3260 1187 3321 enim

167 3354 203 3411 ut
224 3351 431 3428 insequeretur
449 3352 593 3431 fugientis
616 3355 646 3411 et
668 3372 728 3413 non
752 3352 830 3414 vidit
851 3350 933 3429 quod
955 3350 1095 3428 prodesse
1118 3351 1186 3426 plus

167 3445 277 3516 posset.
309 3441 458 3515 meopte
476 3442 632 3502 Phalerim
649 3446 676 3501 et
693 3444 805 3502 ccccmo
817 3442 929 3516 poplite
953 3439 1055 3515 (lupen
1073 3440 1185 3513 eece'pe't,

239 3654 332 3702 daut
349 3646 375 3700 V
400 3647 493 3703 etad.
566 3646 750 3717 8pcrfuode't
772 3647 818 3704 ed.
891 3651 926 3702 iil
950 3646 1131 3703 commences
1152 3643 1205 3695 eb.

169 3723 202 3771 22
217 3719 364 3787 sufficerent
377 3716 404 3771 V
414 3718 534 3790 suffiunt
551 3719 595 3777 ed.
