2725 4150
548 321 803 379 nnnnmosxn
1119 324 1184 392 597

166 493 237 572 qnid
256 497 336 556 esset
352 512 522 571 procursus.
555 494 732 566 Turnusque
746 497 861 552 sequtus
874 492 965 551 irueuu
978 491 1054 550 iuter
1070 491 1187 566 qeleuru

164 585 272 644 summi
294 584 421 644 Musis
443 588 470 642 et
490 600 561 642 ores
583 583 705 641 abstulit
722 599 788 641 euse
807 585 895 656 eaput
912 585 1103 653 truncumque
1119 581 1187 639 reli-

163 674 225 748 quit
241 674 387 733 harenae:
417 670 499 748 mox,
521 671 635 748 inquit,
658 675 695 731 ut
709 670 761 730 ille
779 671 957 748 provolutus
974 670 1081 746 iacuit,
1104 669 1186 730 illiso

162 765 284 823 secutus
307 765 353 822 est
375 762 493 822 Turnus
521 764 552 821 et
577 762 657 820 iuter
678 761 789 819 loricae
812 761 880 820 finis
908 763 939 819 et
965 760 1068 838 galeae
1096 762 1188 836 eaput

133 853 227 912 seius
250 851 354 931 gladio
382 851 510 912 abscidit
535 850 708 927 relinquens
730 851 859 909 harenae
883 852 1023 908 trunsum
1046 850 1186 925 eorporis.

234 941 333 1016 Atque
350 957 386 1000 eu
403 941 475 1000 utun
493 941 605 1014 eampis
622 941 714 999 uuor
731 940 783 999 dut
799 942 909 1013 fuueru
923 939 1057 1008 Turnus,
1076 939 1188 997 interea

161 1029 290 1090 Aeueuu
302 1031 475 1090 Mnestheus
493 1034 519 1089 et
535 1030 615 1102 riuus
628 1027 756 1089 Aetates
769 1027 975 1101 Ascaniusque
987 1045 1066 1102 quer
1083 1029 1188 1087 eastris
1197 1039 1249 1089 ³86

161 1123 292 1180 statem
314 1123 478 1189 euentura,
502 1120 630 1179 alternos
652 1119 740 1193 lenqe
761 1119 897 1176 uueuuu
920 1118 1039 1191 eusqiue
1055 1133 1189 1192 qressus:

163 1211 239 1269 dum
266 1209 342 1268 huso
368 1211 471 1287 ageret
498 1209 616 1267 sumus
646 1209 677 1266 et
708 1209 756 1266 tot
784 1207 891 1265 funera
920 1206 1017 1266 vietor
1044 1206 1130 1266 daret
1156 1207 1188 1266 in

116 1319 145 1360 ro
162 1317 286 1375 eampo,
313 1298 430 1358 Aeneas
453 1298 501 1359 vel
523 1296 648 1357 Troiani
675 1316 743 1356 eum
768 1314 802 1355 eo
827 1294 900 1373 quid
924 1298 1048 1375 agerent
1070 1295 1188 1357 dieitur.

162 1388 338 1447 Mnestheus
362 1390 453 1465 atque
470 1386 616 1461 Achates,
638 1387 753 1462 inquit,
776 1388 807 1444 et
827 1384 982 1460 Ascanius,
1001 1386 1073 1444 lieet
1091 1386 1190 1445 adhue

162 1496 248 1555 puer,
266 1477 363 1536 sciens
380 1480 482 1536 tamen
502 1476 575 1552 quid
592 1476 674 1553 patri
685 1475 734 1535 vel
748 1476 876 1534 maxime
895 1475 1053 1535 vulnerato
1073 1473 1189 1534 debere

162 1571 229 1642 tur,
253 1568 428 1627 statuerunt
449 1585 518 1625 eum
544 1568 701 1625 cruentum
728 1584 764 1622 ex
786 1565 921 1638 vulnere,
949 1563 1060 1623 auxilio
1082 1564 1188 1623 hastae

162 1658 335 1716 moventem
356 1673 484 1734 gressus.
530 1655 582 1715 ubi
603 1672 778 1731 percussum
806 1652 947 1713 describit
976 1672 1036 1713 non
1058 1652 1190 1713 ostendit

117 1748 256 1823 reposta
283 1744 416 1805 vulneris
443 1745 554 1819 losum,
584 1744 636 1804 sed
664 1763 732 1803 eum
759 1742 808 1802 hie
835 1743 909 1802 dicit
938 1743 1069 1802 alternos
1096 1743 1189 1821 longa

162 1834 314 1894 nitentem
342 1833 466 1910 cuspide
492 1850 625 1912 gressus,
656 1832 831 1909 intellegere
857 1850 1016 1908 possumus
1044 1832 1189 1910 sagittam

162 1923 236 2001 pedi
259 1923 324 1982 eius
342 1923 514 1983 inhaesisse.
547 1923 653 1982 saeuit:
671 1941 732 1981 non
751 1921 904 1981 saeviebat
926 1940 961 1980 ex
977 1921 1113 1995 vulnere,
1136 1921 1189 1980 sed

164 2012 247 2091 quod
264 2012 437 2072 tardaretur
457 2030 476 2071 a
498 2011 591 2088 bello,
614 2011 742 2089 denique
766 2012 902 2087 sequitur
929 2015 956 2069 et
976 2010 1108 2084 iufruete
1131 2011 1190 2070 ue

163 2108 247 2163 tetur
268 2103 436 2162 toruude'ue
458 2101 546 2161 tetum
569 2103 695 2175 eripere:
724 2120 789 2161 eeee
815 2100 967 2177 inpatiens
991 2102 1107 2160 animus
1131 2099 1191 2160 viri

120 2211 147 2252 ro
165 2193 254 2253 fortis
285 2211 346 2251 non
374 2193 543 2268 expectavit
567 2195 604 2251 ut
631 2191 734 2250 ordine
760 2189 925 2249 medicinae
952 2190 1066 2267 sagitta
1093 2193 1189 2249 extra·

165 2284 289 2343 heretur
311 2300 328 2340 e
349 2282 486 2357 vulner03
512 2299 612 2340 moras
635 2280 715 2339 enim
733 2298 793 2339 non
815 2278 944 2353 ferebat,
968 2298 1045 2355 qnae
1068 2279 1190 2338 fuerant

165 2372 343 2449 properanti
365 2372 541 2431 contrariae.
581 2390 687 2445 manu,
709 2369 822 2446 inquit,
845 2369 969 2445 propria
990 2368 1189 2429 harundinem

167 2460 308 2539 cupiebat
334 2460 490 2538 effringere
512 2461 685 2536 ferrumque
711 2461 811 2535 ipsum
838 2458 961 2535 eripere.
1007 2458 1121 2534 eripere
1144 2461 1191 2517 est

165 2570 226 2611 non
249 2548 403 2608 retrahere
424 2549 587 2628 paulatim,
610 2549 661 2607 sed
686 2550 776 2608 semel
798 2567 916 2625 rapere,
940 2547 1020 2625 quod
1039 2547 1106 2606 fieri
1128 2547 1190 2606 sine

122 2656 148 2698 rs
166 2658 278 2719 magno
302 2640 435 2715 eorporis
464 2639 544 2698 malo
574 2658 634 2696 non
661 2638 773 2714 potuit,
805 2641 841 2697 ut
868 2637 920 2715 qui
946 2636 1129 2714 properabat
1151 2637 1191 2695 ad

166 2748 307 2807 eampum
329 2729 458 2788 maiores
481 2746 569 2787 ouras
587 2746 693 2787 causas
714 2728 892 2787 adnecteret.
925 2727 1092 2799 uuuile'oque
1108 2725 1190 2785 uiam

166 2836 242 2892 quae
254 2818 397 2893 prosuae
409 2818 519 2892 possit:
541 2834 609 2876 euse
626 2821 721 2876 seeeut
739 2818 797 2876 lau
815 2818 938 2876 eutuus:
961 2816 1034 2892 quia
1047 2816 1189 2894 sagittam

166 2928 226 2969 non
258 2908 379 2983 poterat
408 2926 527 2983 rapere,
560 2909 703 2983 quoniam
734 2907 832 2967 hamis
863 2905 989 2965 interius
1021 2904 1189 2979 tenebatur,

166 2997 287 3057 dicebat
308 2994 476 3073 proximam
505 3014 569 3056 esse
597 2996 709 3054 auxilio
736 2995 830 3071 viam,
860 2994 892 3054 id
914 2996 960 3053 est
981 2994 1102 3053 faeilius
1125 3012 1189 3053 esse

118 3106 147 3146 eo
166 3090 197 3147 et
219 3086 345 3147 eelerius
367 3086 524 3161 provenire
546 3103 633 3160 posse
655 3084 833 3158 remedium,
856 3087 892 3143 ut
913 3084 976 3143 lato
998 3102 1066 3143 ense
1090 3085 1189 3143 seeent

165 3176 285 3236 vulnus.
313 3175 417 3247 tetique
436 3175 578 3234 latebrosa
595 3174 765 3233 resee’udeut
781 3174 902 3247 qeuitus
919 3190 1036 3246 seseque
1058 3174 1091 3231 iu
1114 3173 1251 3233 bellasse

164 3266 324 3333 remitteret,
339 3263 480 3340 qnoniam
493 3264 547 3323 illo
561 3266 696 3339 tempore
710 3263 827 3322 odiosas
840 3261 946 3320 habuit
959 3280 1067 3321 moras.
1089 3263 1189 3321 totum

240 3441 255 3488 ‘1
278 3450 349 3504 puer
366 3434 392 3488 V
410 3434 455 3488 ed.
473 3450 560 3489 eomes
578 3433 609 3487 0.
684 3438 717 3488 13
736 3450 796 3487 eum
811 3432 835 3486 V
850 3432 903 3487 edI
921 3449 983 3487 eum
1000 3435 1099 3488 eastris
1117 3432 1188 3487 edE'.

167 3514 201 3564 16
220 3508 266 3562 iu'e
283 3522 338 3561 om.
353 3505 424 3561 edh'.
477 3511 511 3560 18
530 3522 564 3560 eu
577 3505 646 3559 bello
660 3505 705 3559 ed.
754 3510 787 3558 21
807 3522 840 3559 ere
853 3504 964 3559 uutuere
979 3504 1021 3558 ed.
1073 3510 1106 3558 22
1125 3521 1189 3560 eore-

164 3581 258 3637 trare‘u
271 3576 298 3631 V
312 3578 356 3632 ed.
406 3582 440 3631 23
454 3577 607 3647 iufre'uqere
621 3576 664 3631 ed.
712 3582 745 3630 26
759 3577 875 3631 maiorm
889 3575 913 3627 V
928 3583 955 3631 et
966 3577 1082 3632 maioris
1095 3575 1166 3633 edh'.
1183 3576 1186 3649 4

163 3667 255 3707 eausa
272 3649 317 3704 oa
335 3665 448 3704 musam
466 3654 581 3704 neuneu
604 3648 648 3705 ed.
666 3650 742 3719 post.
819 3652 857 3702 ‘ht
876 3664 941 3704 eura
951 3653 1135 3725 -terarrtsus
1153 3648 1205 3698 eo.

162 3728 198 3775 31
216 3720 338 3773 latebras
354 3719 397 3774 ed.
423 3720 432 3792 Ι
458 3722 629 3780 reseruduut
647 3721 683 3779 V.
