2725 4150
203 342 266 408 148
486 339 628 395 DONATI
644 338 815 396 INTERPR.
829 337 937 397 VERG.

201 509 307 584 artari,
343 509 495 588 ingressus
531 510 705 585 speluncam
740 527 801 567 non
832 507 925 569 solvit
956 510 1076 568 catenas
1107 510 1144 568 ut
1178 526 1222 568 se·

143 642 146 648 ·
200 616 304 674 curus,
333 598 386 658 sed
413 597 497 675 rupit
525 600 561 656 ut
588 597 706 657 timens.
759 597 894 656 celeriter
925 598 1020 657 enim,
1037 596 1222 658 claudendae

199 688 322 747 fuerant
356 688 434 748 fores
468 706 545 763 quae
579 687 739 763 speluncae
773 685 918 746 interiora
947 685 1080 747 venienti
1111 705 1222 765 negare

199 777 378 855 potuissent.
410 777 494 853 rupit
512 779 633 836 catenas
651 794 732 854 ergo,
748 795 809 836 non
828 775 927 851 solvit,
941 778 973 835 et
991 775 1098 836 deiecit
1116 795 1222 838 saxum

201 866 282 942 qnod
296 866 375 926 ferro
390 868 561 942 etpaterna
574 868 639 926 arte
652 864 811 942 pendebat.
840 864 957 924 duabus
970 864 1058 924 rebus
1072 863 1222 942 pendebat
1255 879 1268 920 e

200 974 306 1015 saxum
335 954 443 1032 quibus
473 954 631 1032 speluncae
659 953 743 1013 illius
773 953 873 1014 aditus
907 954 1114 1029 claudebatur,
1139 954 1220 1014 ferro

199 1044 313 1104 scilicet
342 1046 373 1103 et
401 1046 480 1103 artat
509 1044 588 1103 ferro
618 1044 676 1103 hoc
706 1047 752 1103 est
781 1044 909 1103 materia
937 1045 1018 1121 ipsa,
1051 1045 1116 1103 arte
1148 1063 1221 1105 vero

199 1133 314 1192 fabrica
338 1135 521 1192 catenarum.
567 1135 700 1210 quantus
724 1135 826 1193 autem
847 1133 880 1192 in
906 1131 960 1192 illo
987 1133 1088 1192 fuerat
1113 1134 1222 1208 metus,

198 1223 235 1280 ut
257 1221 415 1281 securitati
442 1240 513 1282 suae
540 1240 601 1282 non
628 1224 752 1299 putaret
777 1240 865 1299 posse
887 1221 1023 1282 sufficere
1047 1221 1223 1299 speluncam

200 1312 349 1370 continuis
372 1311 516 1372 lateribus
535 1311 646 1371 montis
669 1313 701 1370 et
723 1313 834 1373 vertice
857 1309 932 1371 satis
949 1313 1059 1387 tutam,
1077 1311 1138 1371 nisi
1155 1311 1223 1371 saxi
1242 1326 1269 1367 ro

198 1401 279 1460 tanti
307 1399 448 1478 ponderis
477 1400 620 1461 firmitate
650 1400 762 1461 additis
791 1399 924 1460 obicibus
952 1420 1019 1460 eam
1041 1400 1222 1477 roborasset,

198 1509 236 1550 ne
259 1510 318 1567 quo
342 1509 414 1551 casu
437 1491 492 1550 aut
514 1490 619 1567 inpelli
636 1493 740 1567 posset
758 1492 812 1550 aut
829 1489 945 1551 foribus
965 1489 1069 1549 evictis
1089 1490 1221 1550 excludit

198 1581 235 1639 nt
252 1581 347 1659 igitur
363 1581 437 1639 haec
456 1578 556 1639 omnia
574 1580 656 1639 facta
674 1581 746 1639 sunt
764 1580 794 1638 et
811 1581 936 1656 propter
953 1579 1115 1638 tuitionem
1133 1597 1222 1640 suam

198 1671 334 1729 metuens
368 1668 524 1746 praedicta
555 1668 701 1744 firmavit,
732 1687 798 1728 ecce
830 1669 933 1727 furens
970 1667 1078 1728 animis
1115 1667 1223 1729 aderat

198 1757 384 1834 Tirynthius.
415 1760 517 1834 posset
530 1758 573 1817 sio
587 1776 706 1817 carmen
719 1760 810 1834 poeta
824 1776 999 1835 conponere,
1012 1759 1048 1817 ut
1066 1757 1222 1820 celeritate
1241 1772 1268 1814 rs

199 1847 344 1907 Hercules
359 1845 469 1906 (lacum
482 1845 634 1907 videretur
647 1847 846 1923 praevenisse,
860 1845 913 1906 sed
925 1845 1107 1907 reservanda
1120 1846 1223 1908 brerat

199 1935 361 1995 difficultas
388 1936 491 2011 factis,
519 1937 554 1995 nt
580 1936 673 1996 talem
700 1935 824 1995 haberet
851 1936 982 2015 gratiam
1009 1955 1087 2012 quae
1109 1937 1221 1996 merito

198 2042 252 2085 suo
282 2027 313 2085 et
342 2024 448 2086 novari
479 2025 640 2103 quotannis
670 2025 792 2086 deberet
821 2028 852 2086 et
879 2024 919 2085 ad
940 2027 1075 2103 posteros
1099 2044 1222 2104 quoqne

196 2132 308 2193 magns
341 2134 410 2173 cum
441 2115 631 2176 veneratione
665 2115 803 2176 transire.
855 2134 1033 2191 omnemque
1068 2134 1222 2176 accessum

196 2205 328 2263 lustrans
364 2205 423 2263 huc
459 2223 512 2265 ora
547 2204 663 2265 ferebat
694 2207 725 2264 et
756 2205 830 2264 illuc
862 2203 1002 2264 dentibus
1032 2204 1221 2265 infrendens:
1239 2218 1267 2260 so

198 2292 406 2354 considerabat
429 2295 523 2355 oculis
546 2296 642 2354 omnis
666 2312 803 2354 accusem
827 2295 858 2353 et
879 2294 980 2371 spatia
1002 2294 1113 2354 montis
1135 2293 1219 2355 illins

197 2385 240 2458 et,
268 2402 337 2442 cum
363 2382 479 2443 visibus
507 2382 571 2443 eius
603 2384 681 2441 nihil
710 2383 793 2460 quod
820 2385 921 2443 tenere
950 2385 1053 2459 posset
1081 2384 1221 2460 occurrit,

196 2473 293 2550 magis
319 2472 477 2551 magisque
507 2471 681 2551 agitabatur
711 2472 759 2532 ira
791 2474 823 2532 et
855 2471 993 2532 dentibus
1020 2472 1219 2533 infrendebat.

196 2561 271 2621 bene
289 2562 447 2622 transtulit
464 2561 612 2621 frendere:
631 2561 766 2621 frendere
785 2562 897 2639 quippe
916 2580 1058 2638 aprorum
1076 2562 1130 2637 est,
1149 2580 1220 2621 cum

197 2651 322 2728 adrepto
352 2652 453 2710 furore
483 2652 654 2711 irascrmtnr
683 2670 719 2711 ac
749 2650 889 2711 saeviunt
916 2655 947 2710 et
970 2653 1083 2711 acuunt
1105 2651 1218 2712 dentes.
1237 2663 1265 2706 as

196 2743 239 2798 ier
261 2744 351 2799 totum
372 2740 506 2814 sucidae
527 2742 576 2800 iro
599 2740 706 2799 barat
728 2737 869 2799 Auentini
890 2744 1029 2810 monum,
1057 2745 1095 2799 ter
1126 2757 1219 2800 scaea

196 2831 315 2901 uepres
343 2830 448 2889 lucino
474 2830 679 2904 nequicquam,
704 2833 747 2889 ter
772 2831 871 2904 fessus
897 2830 975 2890 colle
1003 2830 1124 2889 resedit:
1153 2831 1218 2906 ipse

197 2935 282 2977 mons
305 2917 475 2979 Aventinus
498 2918 622 2992 dicitur,
645 2918 698 2978 sed
720 2920 856 2980 ornatius
881 2919 995 2980 dictum
1018 2921 1077 2994 est,
1099 2920 1135 2978 ut
1157 2938 1219 2979 non

194 3003 269 3081 ipse,
287 3005 339 3066 sed
355 3006 407 3066 ille
426 3008 631 3067 nominaretur
648 3008 734 3069 cuius
753 3012 923 3085 sumpserat
935 3028 1053 3069 nomen.
1085 3009 1218 3085 quantus

195 3095 282 3155 labor
310 3095 370 3156 fuit
397 3098 502 3155 tantae
532 3097 702 3157 altitudinis
731 3100 864 3158 montem
891 3117 981 3159 cursu
1007 3096 1265 3158 transcenderem

196 3186 227 3244 et
252 3184 342 3247 huius
369 3184 564 3245 latitudinem
586 3187 752 3247 inmensam
775 3206 836 3247 non
859 3188 951 3249 semel
972 3185 1024 3246 sed
1046 3188 1137 3247 tertio
1161 3186 1218 3247 cir·

197 3274 321 3334 cumiret
375 3277 434 3350 ter,
465 3275 580 3351 inquit,
612 3276 727 3336 frustra
756 3278 919 3354 temptavit
947 3277 1026 3335 fores
1057 3274 1141 3351 (laci,
1171 3278 1218 3337 ter

196 3363 290 3423 fessus
314 3364 393 3425 valle
415 3363 539 3424 resedit:
562 3364 709 3443 fatigatus
733 3365 860 3425 adsidua
882 3365 1087 3425 circumitione
1105 3365 1216 3427 montis

196 3452 323 3513 adsidua
341 3452 399 3514 sibi
416 3452 538 3513 sedendi
555 3454 716 3514 refectione
736 3454 895 3515 consuluit.
928 3454 1007 3513 sedit
1023 3454 1120 3533 igitur
1137 3457 1217 3515 trac-

254 3587 476 3657 amesseae.
532 3588 896 3646 tccteochcteccsed.
954 3587 1218 3657 17fccts'szaote'

164 3655 213 3713 θᾶ.
295 3667 335 3718 20
353 3662 498 3732 frendens
521 3666 622 3741 (supra
642 3663 727 3735 infr.)
743 3660 783 3718 V.
851 3665 885 3715 ‘tt
905 3659 1004 3714 litatae
1020 3662 1164 3728 quiscum
1181 3659 1215 3716 V.

151 3727 192 3778 31
214 3730 415 3798 altc‘tude‘nem
433 3740 482 3800 ed.
512 3740 517 3819 1
541 3741 670 3801 ciceastre
691 3738 737 3796 od.
810 3737 849 3790 tt
866 3730 1029 3790 aramma
1044 3729 1092 3783 ed.

772 3941 831 3965 Α,
