2725 4150
457 331 461 339 .
551 287 735 343 nummos
753 287 805 343 XII
1122 291 1190 358 5512

167 457 305 515 Turnum
326 455 534 516 excarnificare
556 457 719 533 potuisset,
744 457 771 516 si
792 457 957 534 permittis,
982 457 1096 535 inquit,
1111 458 1190 520 dico

150 548 199 624 *et
221 548 337 605 remota
359 547 565 606 circumitione
587 548 763 623 remotaque
787 547 913 625 ambage
935 565 982 606 res
1004 566 1065 607 non
1083 547 1190 609 leviter

166 634 365 694 transeundas
394 635 494 696 verbis
524 637 636 711 aperio.
681 636 771 694 facile
800 635 880 695 enim
907 636 1048 714 sperabat
1074 656 1143 697 eum
1169 657 1190 697 a

167 723 330 784 certamine
352 725 474 785 avocari
491 743 592 802 posse,
614 724 641 784 si
659 723 826 785 evidentius
844 725 934 784 sciret
952 725 1033 803 quod
1050 726 1189 786 coniunc-

134 831 148 872 s
166 814 282 873 tionem
303 812 448 874 Lauiniae
470 817 541 892 pest
563 813 727 890 quemlibet
754 816 894 874 eventum
921 835 982 875 non
1004 818 1083 876 esset
1104 816 1189 875 habi·

166 907 263 964 turus.
308 904 382 963 haec
405 905 477 964 sunt
499 922 577 981 quae
599 902 675 962 dixit
696 903 772 962 haut
795 904 930 979 mollia,·
946 905 1018 981 quia
1040 925 1101 965 non
1125 908 1190 966 erat

166 993 258 1052 molle
282 995 413 1053 tractaue
438 992 474 1051 de
503 992 583 1054 votis
605 993 686 1052 filiae
716 996 747 1052 et
775 994 823 1052 illi
845 994 954 1052 durum
983 1012 1046 1054 esse
1069 996 1190 1072 poterat

167 1083 249 1158 quod
272 1085 377 1141 contra
400 1101 483 1158 spem
508 1082 608 1141 fluerat
635 1083 818 1160 cogniturus.
865 1082 904 1141 ad
925 1083 983 1143 hoc
1004 1085 1137 1159 pertinet
1158 1087 1190 1144 et

166 1173 231 1230 sine
249 1191 311 1246 me,
327 1174 363 1230 ut
381 1172 470 1248 quasi
483 1190 518 1231 ex
535 1171 619 1230 illius
637 1171 784 1247 permissu
802 1171 951 1232 diceretur
969 1173 1050 1249 quod
1067 1173 1190 1234 nolebat

120 1259 280 1319 reaudire.
325 1262 416 1320 simul
437 1261 494 1321 hoc
517 1261 617 1320 animo
640 1261 731 1320 hauri
752 1264 912 1338 propterea
942 1262 1111 1322 adhibitum
1134 1266 1190 1339 est,

166 1349 248 1426 quod
271 1349 392 1409 difficile
415 1351 515 1410 fuerat
537 1349 696 1409 admittere
718 1349 750 1408 in
769 1352 903 1410 animum
921 1369 987 1410 eam
1008 1353 1113 1430 negari
1131 1352 1189 1412 sibi

165 1457 221 1515 pro
245 1439 330 1498 ouius
354 1457 454 1499 amore
472 1440 594 1500 volebat
616 1442 647 1498 et
663 1441 749 1499 mori.
779 1457 825 1498 me
846 1444 950 1500 natm
967 1441 1044 1499 nnlla‘
1060 1445 1190 1501 octena

164 1529 278 1587 sociere
294 1545 454 1601 proceram
475 1532 526 1602 fos
549 1533 612 1588 erat
633 1529 721 1602 idque
745 1546 844 1588 ornnes
866 1529 984 1602 deniqne
1004 1530 1191 1604 hominesque

165 1618 323 1676 canebant:
350 1617 416 1695 agit
439 1636 560 1677 causam
588 1637 675 1677 suam
698 1617 781 1694 apud
806 1639 875 1677 eum
897 1637 987 1695 quem
1010 1639 1028 1677 a
1050 1620 1187 1680 coniunc-

120 1721 146 1763 te
164 1707 247 1766 tione
261 1706 385 1783 propria
401 1707 518 1768 ratione
533 1709 634 1784 potius
649 1706 768 1766 reddita
782 1724 874 1785 quam
892 1709 1073 1768 auctoritate
1091 1710 1187 1784 patrie

163 1795 287 1856 volebat
309 1795 472 1857 excludere.
517 1797 655 1874 nuptias,
677 1797 790 1872 inquit,
815 1797 895 1856 filiae
917 1816 1001 1857 meae
1023 1817 1188 1875 numquam

164 1886 199 1943 ut
221 1887 323 1962 patres
347 1887 439 1944 ceteri
456 1885 550 1946 habui
571 1887 605 1943 in
622 1888 773 1961 potestate
796 1905 877 1961 mea3
898 1887 1006 1946 harum
1027 1888 1107 1946 enim
1129 1888 1189 1949 sibi

163 1973 310 2033 iudicium
332 1975 456 2034 numina
478 1975 671 2036 vindicarunt
692 1994 753 2034 non
776 1976 890 2034 occulte
912 1995 966 2035 nec
988 1976 1086 2036 dubie.
1117 1997 1188 2038 nam

164 2067 195 2123 et
217 2063 285 2140 ipsa
312 2063 507 2124 ostendenmt
534 2063 608 2142 quid
634 2064 747 2125 vellent
774 2063 885 2142 quidve
915 2068 993 2126 esset
1022 2066 1188 2127 curandum

120 2170 145 2212 so
163 2156 195 2212 et
217 2156 323 2214 vatum
346 2154 479 2214 omnium
501 2172 661 2215 cousensus
685 2153 813 2213 edocuit.
853 2156 910 2214 hoc
933 2155 1043 2215 ideireo
1067 2156 1187 2233 dicitur,

162 2245 199 2302 ut
217 2242 295 2301 illud
311 2261 398 2302 omne
412 2244 493 2320 quod
509 2244 642 2323 negabat
655 2243 806 2304 adsereret
818 2262 879 2303 non
898 2262 979 2321 suae,
997 2244 1049 2304 sed
1063 2245 1187 2305 deorum

162 2350 228 2391 esse
252 2332 417 2392 sententiae
441 2352 476 2393 ac
497 2353 551 2409 per
572 2334 629 2393 hoc
651 2332 710 2393 sibi
733 2332 961 2393 adscribendum
985 2353 1045 2394 non
1069 2352 1131 2395 esse
1153 2336 1186 2394 in
1266 2406 1269 2413 Ι

162 2440 223 2498 quo
247 2423 405 2497 paternum
428 2426 558 2483 cessaret
580 2422 747 2481 arbitrium.
792 2442 897 2483 verum
920 2426 1021 2482 autem
1042 2422 1187 2483 Latinum

162 2510 273 2571 dixisse
300 2510 391 2587 idque
419 2530 521 2571 omnes
547 2512 668 2589 divique
696 2511 890 2589 hominesque
917 2512 1065 2572 canebant
1090 2512 1185 2571 mani·

115 2616 141 2658 re
162 2601 275 2659 festum
303 2603 362 2676 est;
391 2620 462 2660 nam
491 2601 637 2679 septimus
665 2601 741 2660 liber
770 2602 902 2661 ostendit
928 2604 959 2661 et
989 2605 1091 2662 vatem
1112 2603 1186 2662 haec

161 2690 298 2748 locutum
311 2708 375 2750 esse
389 2692 420 2749 et
433 2690 580 2752 Faunum.
601 2690 727 2765 interea,
737 2691 809 2749 dum
823 2691 952 2751 adstruit
965 2691 1186 2751 excusationem

161 2797 262 2854 suam,
285 2780 378 2838 etiam
399 2779 459 2857 ipsi
477 2780 578 2840 Turno
601 2782 715 2857 ingerit
734 2781 860 2855 metum,
883 2800 920 2840 ne
938 2780 1065 2840 ulterius
1088 2780 1184 2841 inlici·

161 2871 229 2926 tum
251 2872 392 2945 quaerat,
415 2868 526 2928 addens
549 2869 611 2929 iam
633 2870 721 2929 datas
745 2887 807 2929 esse
828 2889 953 2946 poenas,
977 2871 1058 2947 quod
1081 2874 1185 2931 contra

161 2956 293 3017 vetitum
310 2961 389 3017 esset
405 2958 567 3035 admissura,
591 2960 633 3034 et,
656 2962 684 3018 si
701 2960 733 3017 in
753 2960 851 3018 errato
871 2960 1043 3036 duraretur,
1065 2961 1184 3020 futurae

115 3063 139 3103 n
161 3064 227 3105 esse
250 3046 374 3123 peiores.
407 3049 452 3106 ait
473 3048 553 3107 euim
575 3050 669 3107 eines
690 3065 788 3107 ornere
806 3049 862 3117 tnn',
885 3046 1022 3124 [connato
1041 3051 1185 3124 sanquine

159 3133 283 3210 cinnsJ:
311 3136 371 3195 feci
399 3138 491 3195 etiam
519 3139 552 3195 in
578 3139 636 3197 hac
657 3140 744 3213 parte
774 3138 878 3197 contra
905 3140 1035 3198 vetitum
1063 3139 1185 3217 cognati

160 3224 318 3302 sanguinis
333 3226 583 3304 contemplatione
597 3229 761 3303 permotus,
774 3228 810 3285 ut
823 3229 853 3286 te
868 3226 1028 3305 deligerem
1041 3247 1185 3305 generum

233 3401 251 3448 4
278 3397 372 3451 vocnt
393 3395 419 3449 V
446 3398 559 3451 avocari
586 3396 630 3451 ed.
709 3402 741 3450 11
770 3402 807 3465 q'r‘n
828 3395 854 3450 V
878 3398 989 3465 qnando
1016 3397 1060 3451 ed.
1088 3413 1123 3451 ex
1145 3398 1184 3467 p'd

160 3466 311 3535 archetypi
350 3472 512 3536 corruptum
534 3469 630 3521 ratus
668 3468 741 3537 qnod
777 3467 885 3536 scripsi.
977 3473 1010 3521 13
1043 3469 1184 3538 dividique

158 3554 213 3606 pro
237 3539 347 3607 dimone
367 3538 401 3593 V.
475 3544 508 3592 21
532 3539 580 3593 sed
602 3555 695 3593 ecnnn
714 3538 741 3593 V
759 3539 803 3594 ed.
877 3543 911 3592 25
934 3540 999 3594 haec
1019 3538 1045 3593 V
1066 3541 1117 3595 ¹hoc
1139 3541 1184 3595 ed.

159 3613 197 3663 30
215 3615 413 3734 coyngto-tl
427 3612 516 3666 netas
539 3610 619 3664 deest
641 3609 672 3665 in
692 3609 726 3677 V,
750 3610 800 3665 sed
823 3610 988 3679 explicatur.
1033 3634 1047 3666 ·.
1062 3616 1096 3664 32
1118 3610 1183 3667 eici-

157 3697 250 3751 wem
268 3696 283 3734 θ
305 3723 311 3736 .
1074 3710 1080 3736 r
