2725 4150
428 301 431 305 ’
553 326 738 382 autumnos
756 325 795 380 x1
1118 329 1183 396 539

162 495 236 554 ferri
249 495 363 572 speeies
376 497 492 574 tangat.
516 496 655 569 uleupu
669 496 718 554 leli
730 496 884 555 stridorem
896 513 1044 569 aurasque
1052 497 1170 555 souaul'

161 584 259 643 audiit
286 602 350 644 uua
375 583 497 643 Arruns
519 586 667 658 haesitque
689 586 722 643 iu
752 602 869 658 corpore
895 586 1023 658 ferrum:
1053 588 1185 661 praeter·

160 673 246 732 misit
267 676 358 750 poeta
381 673 460 751 quod
484 676 599 752 sagitta
621 676 714 734 missa
734 674 787 749 sit,
811 693 887 751 quae
908 693 955 734 res
976 674 1095 750 proficit
1118 693 1185 734 eon·

161 763 271 839 pendia
293 763 458 840 narrantis3
482 764 563 839 quod
586 763 666 823 enim
686 783 746 822 uon
766 767 812 823 est
830 764 943 823 dietum
962 765 1062 840 potest
1081 782 1116 822 ex
1138 764 1185 821 his

128 870 142 910 e
162 871 240 929 quae
263 855 421 913 oonseeuta
436 855 514 912 ¹sunt
531 853 622 913 nosci.
658 872 719 912 non
739 854 818 912 enim
839 855 1043 929 percuteretur
1060 853 1185 927 Arruns,

162 943 188 1001 si
211 941 325 1019 sagitta
353 962 413 1002 uon
441 946 521 1002 esset
547 944 656 1017 eiecta,
686 943 771 1002 ouius
799 944 917 1017 volatu,
944 961 1013 1001 mox
1042 945 1078 1002 ut
1108 943 1186 1002 aeris

162 1030 321 1090 stridorem
351 1033 505 1110 cognorit,
535 1032 666 1091 insertus
697 1034 750 1092 est.
795 1033 881 1090 llluau
908 1033 1089 1107 euplrauleue
1116 1033 1247 1092 eoulsot

162 1124 249 1192 alque
268 1125 396 1179 extrema
416 1125 588 1196 qemeuleru,
612 1122 694 1180 oblili
715 1124 811 1196 lquoto
830 1138 1001 1195 camporum
1017 1122 1052 1180 iu
1064 1122 1187 1196 puluere

162 1210 314 1282 lluquuul:
344 1210 417 1286 quid
439 1211 589 1270 infelicius
611 1211 700 1270 huius
723 1214 820 1270 morte
843 1212 929 1270 euius
954 1211 1081 1271 cadaver
1103 1210 1185 1270 oolli-

115 1319 143 1357 1o
162 1298 293 1376 gendum
312 1318 366 1358 neo
385 1300 459 1359 sooii
477 1299 679 1359 curaverunt?
703 1301 831 1376 denique
850 1302 936 1360 tanta
955 1299 1018 1360 eius
1035 1300 1185 1359 oblivione

162 1387 353 1463 ductisunt,
379 1391 416 1448 ut
443 1408 511 1448 eum
533 1409 588 1466 pro
617 1390 715 1448 alieno
737 1390 769 1448 in
796 1389 924 1466 eampis,
951 1390 983 1448 in
1010 1390 1132 1465 pulvere
1156 1392 1187 1448 et

161 1477 274 1555 ignotis
297 1477 469 1555 linquerent
490 1480 585 1538 terris.
633 1479 714 1554 quod
742 1479 803 1537 fuit
828 1478 954 1538 ultionis
982 1480 1186 1556 augmentum,

161 1570 204 1625 ut·
220 1568 413 1627 remansisset
434 1568 546 1642 nudus,
571 1568 642 1628 feris
665 1567 757 1627 etiam
781 1571 946 1644 oportunus
970 1567 1103 1628 alitibus.
1140 1568 1185 1625 in-

162 1656 350 1732 sepultorum
377 1674 468 1716 eausa
495 1656 563 1716 ideo
592 1656 674 1716 omni
702 1658 850 1733 supplicio
879 1660 926 1715 est
952 1657 1082 1736 gravior,
1113 1657 1185 1731 quia

117 1763 142 1804 rs
162 1745 325 1804 seeundum
338 1746 438 1821 ipsum
447 1746 615 1824 Vergilium
624 1746 716 1805 habet
730 1746 821 1805 uliam
836 1747 917 1823 apud
929 1746 1038 1806 inferos
1048 1765 1185 1822 poenam.

163 1832 236 1907 Opis
255 1835 295 1894 aa
313 1836 473 1894 aetherium
486 1837 592 1910 pluuia
610 1837 747 1909 aufertur
766 1833 936 1910 Olquupuuu:
959 1837 1066 1911 pinnas
1084 1836 1185 1895 eeleri-

161 1926 258 1983 tatem
281 1924 420 1984 debemus
448 1922 596 2002 aooipereq
627 1925 701 2000 quid
732 1925 811 1983 enim
840 1928 1009 1984 moraretur
1038 1926 1070 1983 in
1097 1924 1185 1984 terris

161 2013 289 2072 ulterius
314 2032 391 2090 quae
413 2015 558 2075 mandata
581 2013 767 2091 perfecerat?

233 2103 339 2162 Prima
365 2106 443 2179 fault
469 2106 590 2164 domim
617 2106 730 2164 amissa
755 2105 826 2163 leals
853 2104 905 2163 alu
931 2102 1088 2164 Camillae:
1120 2123 1185 2164 ecoe

117 2195 310 2269 sequentum
339 2195 441 2269 potest
468 2195 519 2269 qui
547 2194 710 2253 exereitum
736 2194 827 2271 regit!
865 2194 938 2268 quia
964 2213 1026 2252 una
1056 2192 1186 2253 concidit

162 2281 304 2354 (tamilla,
327 2300 429 2342 omnes
452 2285 505 2359 qui
528 2304 583 2360 per
604 2285 703 2360 ipsam
725 2282 906 2360 regebantur
928 2283 960 2341 in
979 2283 1084 2360 tagam
1107 2283 1186 2342 versi

161 2373 242 2431 sunt.
281 2373 392 2431 turbati
412 2373 533 2447 fuqluut
553 2373 673 2431 Ruuu:
700 2374 777 2447 fuqll
799 2389 866 2431 acer
887 2370 998 2431 Aliuas
1020 2371 1247 2443 quaeroquaero

162 2460 250 2520 duces
278 2460 454 2534 desolatique
483 2462 611 2535 muuiple'
639 2463 703 2521 tutu
727 2454 831 2536 peluur
857 2465 883 2519 el
911 2461 992 2534 equis
1022 2461 1119 2519 auersi
1146 2461 1186 2519 ael

160 2550 279 2608 moenia
304 2550 439 2609 laudaut:
467 2551 587 2609 leudem
617 2550 707 2610 simul
737 2550 810 2609 ‹lieit
843 2549 987 2609 Camillae
1021 2552 1052 2608 et
1084 2568 1185 2609 eorum

116 2655 142 2695 ae
161 2638 414 2715 vituperationem
438 2640 544 2716 quiin
567 2640 663 2699 Turni
685 2639 822 2716 partibus
845 2640 974 2699 fuerant.
1011 2638 1084 2715 quid
1107 2638 1186 2697 enim

161 2729 283 2805 turpius
311 2747 402 2804 quam
429 2729 548 2805 perdito
576 2728 689 2788 auxilio
717 2729 808 2787 unius
836 2728 965 2787 feminae
993 2747 1093 2787 versos
1122 2746 1184 2787 esse

162 2818 260 2876 omnis
278 2817 309 2875 iu
329 2819 446 2896 fugam,
465 2838 515 2879 eos
534 2838 654 2895 quoque
669 2820 723 2894 qui
737 2818 840 2896 magni
853 2817 1026 2877 ferebantur
1040 2820 1070 2876 et
1083 2817 1185 2891 fortes,

161 2906 298 2982 nihilque
328 2907 388 2967 illis
417 2911 518 2967 tutam
545 2910 665 2984 praeter
693 2926 795 2967 muros
824 2907 956 2967 civitatis
984 2905 1098 2966 muse?
1134 2923 1186 2964 uec

161 2996 320 3068 quisquam
336 2998 476 3056 iuslautis
491 2998 617 3056 Teucros
636 2997 778 3069 leleuuque
795 2997 917 3069 ferrulis
934 2999 1097 3055 susleutare
1110 2996 1187 3054 ualet

115 3101 143 3140 eo
162 3085 228 3143 ielis
251 3090 303 3143 aut
324 3086 426 3144 sistere
448 3090 561 3154 eontra,
585 3087 637 3145 sul
660 3087 743 3144 lauas
765 3088 897 3158 referunt
917 3087 1027 3144 umeris
1046 3085 1186 3159 luuqueu-

162 3175 241 3233 llbus
264 3192 367 3233 araus:
389 3194 442 3235 neo
465 3176 564 3235 valuit
587 3176 750 3251 quisquam
772 3175 842 3234 telis
866 3193 965 3234 arcere
989 3175 1118 3234 Teucros
1141 3173 1185 3232 in-

162 3264 273 3322 stantis
296 3266 352 3323 aut
368 3265 415 3324 his
433 3266 585 3341 resistere3
608 3265 737 3340 denique
755 3265 936 3341 languerant
953 3266 1036 3323 metu
1056 3268 1087 3322 et
1104 3264 1185 3340 ipsos

236 3438 252 3485 6
279 3434 387 3489 uolatus
414 3434 457 3489 ed.
545 3439 560 3486 ⁷
585 3435 708 3489 lucerius
727 3434 754 3489 V
780 3436 897 3489 iuieatue
922 3434 965 3488 ed.
991 3436 1111 3489 insertus
1135 3448 1185 3485 nos

163 3503 198 3557 ef.
220 3508 263 3568 10,
278 3509 338 3559 886.
394 3510 411 3559 8
429 3506 543 3560 oblitum
561 3505 605 3559 ed.
664 3509 697 3559 15
716 3507 815 3562 lateat
827 3506 853 3560 V
871 3507 968 3560 -tetat
986 3505 1029 3559 ed.
1049 3506 1109 3559 -tet
1126 3520 1184 3557 nos.

163 3580 197 3628 19
216 3576 274 3642 suit
290 3593 341 3643 pro
359 3578 435 3647 sapit
447 3576 480 3631 V.
509 3576 512 3649 l
542 3577 821 3633 ecoe-210auu'lla
840 3576 952 3630 omed.
1025 3581 1059 3629 20
1077 3574 1185 3645 reqiiV

161 3663 220 3771 {⁶1⁹²
216 3648 341 3774 lusu
354 3652 389 3772 ἓ
398 3648 641 3776 uuluae
660 3648 934 3775 qnngguueg-
951 3645 1184 3790 allsaell
