2725 4150
453 380 456 388 .
551 332 735 394 AENEIDOS
753 333 807 387 ΧΠ
1124 335 1188 400 603

171 524 238 584 ergo
261 505 412 581 superior:
446 523 538 564 monn
561 504 660 580 eaipit
682 502 798 563 caulem
822 521 840 562 a
863 500 989 562 Dictaea
1011 501 1083 575 Ida,
1107 501 1190 560 cuius

169 594 276 654 herbae
293 613 403 654 nomen
426 595 498 671 qnia
516 612 577 653 non
600 593 689 668 dixit,
716 593 804 670 signa
826 593 890 651 eius
912 592 1032 650 infinita
1054 591 1191 666 protulit,

168 687 202 743 ut
222 686 327 760 posset
344 682 415 744 sciri
438 702 515 759 quae
538 684 623 742 esset
655 682 709 740 hoc
736 681 835 740 Venus
862 682 983 740 obscuro
1006 681 1114 753 faciem
1137 681 1191 738 eir-

168 773 307 833 camdutu
339 773 438 832 nimbo
473 772 586 841 detdic,
623 771 676 831 hcc
708 771 811 843 succan
849 770 941 829 Miris
975 769 1192 843 splendentibus

129 879 147 918 s
167 879 284 922 amnem
300 862 397 934 inficit
413 862 520 921 occulte
536 861 687 920 micans
700 861 869 934 spargitque
881 860 1012 918 salutm
1028 859 1193 917 ambrosiae

167 969 252 1011 meos
271 954 297 1009 et
314 950 494 1023 cdoiisercm
503 967 686 1024 panaceam:
707 948 809 1009 Venus
831 949 990 1008 obscurata
1008 947 1104 1006 nimbi
1121 947 1191 1006 cali·

167 1040 236 1119 gine
259 1042 351 1116 etque
374 1042 432 1115 ita,
456 1042 491 1099 ut
512 1038 608 1099 videri
630 1057 649 1097 a
671 1039 755 1099 nullo
774 1039 934 1115 potuisset,
956 1039 1013 1097 hoc
1031 1036 1141 1095 detulit
1163 1039 1194 1095 et

168 1130 272 1190 eodem
294 1129 360 1206 ipso
384 1147 493 1206 equam
516 1129 632 1204 infecit,
656 1147 749 1205 qnam
767 1126 863 1203 Iapyx
886 1127 1018 1186 studiose
1036 1125 1192 1204 splenden-

167 1218 249 1278 tibus
267 1217 361 1278 labris
379 1218 546 1292 infuderat,
564 1221 599 1278 ut
617 1218 733 1278 foveret
750 1218 869 1291 vulnus,
889 1220 920 1275 et
937 1216 1053 1275 addidit
1069 1218 1100 1274 et
1118 1215 1192 1276 alias

120 1324 151 1366 io
168 1309 292 1385 speeies,
308 1310 345 1366 ut
358 1307 493 1367 omnium
507 1326 578 1366 suco
597 1310 628 1366 et
645 1307 677 1365 in
696 1306 793 1366 undas
807 1306 960 1365 transfusa
973 1307 1086 1365 virtute
1100 1304 1193 1363 medi-

168 1396 274 1458 cabilis
303 1397 405 1475 liquor
431 1416 466 1455 ex
494 1396 631 1472 simplice
653 1396 745 1456 fieret
790 1397 864 1469 feeit
886 1412 921 1454 eu
943 1396 1052 1454 uulnus
1075 1395 1255 1469 lpmptceto

161 1487 327 1562 ‚maeotis
348 1486 448 1561 Iapyx
470 1487 627 1561 macas:
657 1487 800 1564 ignorans
831 1487 916 1563 gesta
943 1483 1067 1543 Veneris
1096 1481 1193 1560 Iapyx

169 1595 203 1635 ea
225 1576 352 1652 lympha
379 1575 488 1635 vulnus
511 1574 597 1634 fovit
628 1575 779 1648 subitoque
801 1575 897 1632 omnis
920 1574 955 1632 de
978 1590 1095 1646 corpore
1117 1573 1194 1646 fugit

169 1667 276 1739 quippe
297 1664 388 1734 dolor,
412 1665 507 1723 omacio
529 1665 605 1724 stetit
626 1666 684 1722 iiico
708 1665 741 1722 ia
762 1664 883 1723 calnae
904 1663 1043 1737 scopon:
1070 1662 1193 1738 pulchre

134 1769 155 1811 u
170 1753 246 1815 dixit
269 1754 351 1832 fugit
368 1753 462 1829 dolor,
485 1753 567 1831 fugit
585 1755 665 1812 enim
684 1754 737 1830 qui
755 1753 882 1812 senserit
895 1751 1050 1811 fortiorem
1064 1753 1095 1810 et
1112 1751 1194 1811 omni

170 1845 322 1904 celeritate
349 1841 487 1919 discedit,
515 1842 617 1902 dolore
639 1861 710 1903 vero
738 1843 872 1920 fugiente
894 1841 1018 1919 sanguis
1041 1841 1134 1899 fluens
1159 1859 1194 1899 ex

170 1933 229 1993 imo
252 1932 377 1992 vulnere
404 1931 490 1992 stetit
519 1933 731 2008 exclusamque
759 1934 805 1991 est
833 1930 956 2007 perinde
987 1930 1068 2006 quod
1096 1930 1194 1989 tieret

169 2021 325 2084 inimicum
342 2024 373 2081 et
389 2020 533 2083 successit
551 2021 632 2099 quod
649 2021 806 2081 retinendo
824 2020 923 2097 vigori
943 2019 1075 2097 corporis
1094 2019 1194 2080 fueret

170 2113 379 2174 necessarium.
410 2113 528 2185 tamque
545 2116 644 2171 secuta
660 2129 767 2180 mauu,
790 2111 871 2169 nullo
890 2114 1005 2184 capania
1021 2111 1130 2185 sagitta
1148 2127 1194 2168 ee·

138 2203 252 2262 uanit-
283 2202 310 2261 si
336 2201 421 2260 nullo
449 2204 586 2278 cogente,
617 2200 766 2277 quomodo
797 2202 901 2259 secuta
927 2198 1040 2258 manu?
1075 2200 1131 2258 hoe
1157 2219 1193 2258 ne

171 2290 327 2365 claudicet,
345 2290 388 2351 sic
405 2290 642 2369 intellegendum
657 2294 712 2365 est,
729 2293 766 2349 ut
784 2289 897 2368 sagitte
913 2307 972 2348 non
985 2307 1078 2347 manu
1091 2291 1193 2347 tenen-

170 2381 208 2441 tis
236 2382 341 2442 secuta
368 2379 520 2454 videatur,
548 2379 599 2440 sed
626 2380 765 2439 foventis.
805 2383 891 2451 utque
913 2395 1006 2437 mooe
1028 2378 1139 2436 radim
1160 2378 1193 2435 ia

167 2471 299 2543 pristina
320 2470 413 2529 circe
434 2469 569 2547 fugiente
593 2468 694 2528 dolore
718 2469 800 2528 faeta
822 2470 868 2528 est
890 2468 1008 2527 novitas
1032 2466 1141 2525 virium
1165 2470 1194 2525 et

170 2559 260 2619 rediit
282 2560 381 2618 totum
409 2558 553 2635 quicquid
574 2558 722 2617 inflictum
750 2558 859 2617 vulnus
891 2558 1064 2617 excluserat.
1100 2574 1195 2614 novas

139 2648 241 2709 evitis
255 2647 348 2707 multi
361 2666 421 2707 non
434 2648 506 2707 talis
520 2648 624 2724 quales
639 2648 853 2722 abscesserant,
872 2646 922 2706 sed
941 2646 1039 2705 multo
1057 2645 1194 2704 meliores

172 2738 333 2815 exponunt.
365 2736 417 2796 sed
431 2736 504 2812 quid
522 2736 716 2814 sequentibus
730 2736 874 2797 faciemus
893 2735 1000 2811 quibus
1020 2734 1064 2794 ait
1081 2733 1195 2793 rediere

171 2826 201 2886 in
223 2827 354 2905 pristina
376 2825 476 2887 vires?
507 2845 601 2886 novas
622 2846 692 2903 ergo
712 2828 781 2902 post
799 2826 940 2903 fugatum
958 2824 1092 2885 dolorem
1109 2842 1193 2900 repa-

171 2919 252 2977 retas
271 2914 496 2994 intellegamus3
517 2915 646 2974 multum
665 2916 744 2975 enim
762 2916 823 2973 fuit
840 2919 875 2974 ut
893 2935 928 2973 ex
947 2914 1104 2973 debilitato
1123 2913 1194 2971 talis

172 3008 249 3066 esset
267 3003 403 3064 redditus
418 3006 516 3081 qualis
530 3006 630 3064 fuerat
644 3007 807 3080 antequam
820 3005 929 3064 vulnus
946 3006 1024 3063 esset
1040 3002 1193 3061 inflictum.

243 3163 259 3211 1
282 3157 408 3226 sequior
425 3156 452 3210 V
471 3158 514 3211 ed.
539 3159 616 3213 lectio
639 3157 777 3211 excidisse
797 3156 916 3210 videtur.
949 3158 950 3226 t
982 3157 1090 3210 adacta
1105 3155 1155 3209 ida
1169 3153 1195 3206 V

172 3244 241 3283 corr.
260 3228 304 3282 ed.
369 3228 570 3284 iscireVed.
634 3228 768 3297 Si'psoV
787 3230 850 3297 ipsa
868 3226 939 3282 edF.
1004 3233 1064 3281 9et
1083 3224 1195 3280 aiiceV

172 3306 196 3355 ct
218 3316 273 3354 om.
296 3298 339 3353 ed.
419 3305 451 3353 11
475 3301 597 3369 simplice
613 3298 638 3353 V
656 3301 832 3368 simplicitate
853 3299 895 3353 ed.
971 3303 1003 3351 13
1026 3299 1108 3368 pessit
1129 3298 1147 3350 i.
1170 3313 1192 3351 e.

171 3373 250 3427 cessit
262 3369 297 3437 V,
317 3370 366 3423 sed
384 3370 458 3441 sapit
477 3371 712 3440 interpretatione
730 3370 869 3439 poscitur,
888 3370 963 3439 quod
983 3370 1026 3423 ed.
1047 3371 1076 3422 et
1094 3368 1194 3438 optimi

171 3441 256 3512 Verg.
274 3440 342 3495 libri
359 3441 474 3497 habent.
535 3448 568 3496 19
587 3461 673 3497 mauu
693 3445 733 3511 (et
750 3443 835 3509 infra)
850 3442 876 3495 V
888 3457 1002 3495 uzacum
1016 3440 1073 3494 ed:
1094 3440 1195 3509 quodsi

170 3530 258 3569 mauu
280 3513 352 3567 Don.
375 3512 446 3583 legit
470 3532 534 3568 cum
557 3513 604 3566 Ml
627 3516 656 3568 et
678 3513 842 3583 PVergilii,
867 3513 994 3582 quaestio
1021 3530 1105 3581 quam
1129 3527 1194 3579 pro-

170 3584 268 3654 posuit
290 3584 403 3639 facilius
426 3585 610 3655 intellegitur.
685 3590 718 3639 20
737 3602 787 3640 uec
802 3585 828 3639 V
845 3602 880 3639 ue
899 3583 942 3637 ed.
1021 3589 1054 3638 26
1078 3585 1195 3638 multum

170 3658 295 3717 meliores
320 3654 354 3710 V.
441 3663 475 3711 26
502 3659 674 3727 amitini
702 3659 836 3726 facimus
860 3656 885 3710 V
915 3658 1028 3711 tenete
1054 3657 1132 3707 mut,
1157 3655 1208 3705 et.

169 3733 205 3779 27
219 3732 366 3793 wratis-s
380 3726 459 3784 Vad.
537 3736 572 3786 28
590 3731 651 3799 fuit
668 3729 742 3789 atV
764 3732 788 3800 f.
807 3730 884 3804 quod
903 3728 951 3783 ed.
