2725 4150
449 370 451 376 .
545 327 729 383 aauamos
748 327 800 382 ιιι
1118 332 1184 397 613

159 516 198 557 ex
221 495 318 573 Lycia
340 498 371 556 et
392 495 544 573 Apollinis
574 496 654 575 agris
682 497 736 556 isti
758 496 878 555 fuerant
900 497 1017 555 fratres
1063 495 1187 572 Lyciam

159 605 264 647 caram
286 587 381 646 fuisse
403 586 540 663 Apollini
562 589 593 645 et
614 586 768 663 propriam
799 584 891 645 etiam
919 587 952 645 in
976 589 1085 662 quarto
1109 585 1186 646 libro

160 668 258 758 (143)
272 674 451 735 memoravit
468 674 569 735 dicens
588 675 711 751 „qualis
729 674 782 733 ubi
800 674 955 734 hibernam
969 674 1093 752 Lyciam
1106 675 1186 733 Xan·

158 765 266 841 tbique
285 765 399 825 fluenta
418 764 528 824 deserit
550 781 586 823 ao
603 763 713 823 Delum
734 766 901 822 maternam
922 765 1026 825 invisit
1043 763 1188 840 Apollo“.

127 859 188 914 set
209 855 346 913 uuonan
372 870 491 912 mosum
517 855 711 926 nepuiepeum
738 853 814 912 belle
835 854 1005 912 Menoeten:
1035 854 1187 913 Menoetes

160 962 285 1021 quoque
303 961 411 1020 perosa
427 942 540 1002 habens
563 942 656 1017 bella,
680 960 749 1003 oum
771 943 899 1001 inertem
917 946 1048 1003 aetatem
1069 942 1186 1002 iuvenis

160 1032 298 1108 (luceret,
315 1051 371 1109 pro
389 1032 534 1091 bellatore
552 1033 721 1108 prostratus
740 1035 793 1090 est.
827 1032 900 1090 dicit
921 1051 1042 1092 causam
1064 1034 1188 1109 propter

161 1141 256 1199 quam
277 1122 392 1180 lrusba
415 1120 578 1181 ducebatur
605 1121 643 1179 ad
664 1120 792 1197 bellum3
821 1122 889 1197 ipsa
916 1123 996 1180 enim
1018 1122 1130 1181 fecerat
1152 1122 1188 1180 ut

159 1229 299 1290 pugnare
330 1210 474 1270 nesciret:
509 1208 646 1278 Areada
674 1211 811 1284 piscosae
842 1212 890 1268 cui
921 1212 1030 1270 meeum
1061 1212 1187 1282 flumina

119 1317 145 1356 ro
160 1300 282 1359 Lernae
295 1316 348 1359 ers
360 1300 461 1373 fuerat
467 1315 641 1374 pauperque
649 1299 754 1358 domus
766 1316 819 1357 aee
827 1303 1052 1374 eotupoteutuee
1062 1318 1188 1360 manua
1197 1311 1250 1360 520

161 1389 360 1462 mendaciaque
377 1393 466 1462 pater
486 1388 588 1447 tellure
610 1389 732 1447 serebat.
774 1387 867 1448 Arcas
893 1390 963 1462 iste,
990 1388 1104 1464 inquit,
1128 1391 1188 1450 fuit

161 1477 300 1556 piscandi
323 1496 440 1554 semper
462 1478 581 1537 deditus
604 1476 717 1551 studio,
748 1478 801 1552 qui
831 1479 929 1536 solum
950 1479 1049 1537 lacum
1072 1478 1187 1538 Lernae

162 1570 194 1627 et
222 1568 347 1627 domum
375 1585 463 1626 suam
492 1585 655 1643 pauperem
684 1566 717 1625 id
746 1570 793 1625 est
822 1571 967 1645 angustae
999 1567 1187 1627 substantiae

162 1658 302 1731 noverat,
324 1657 458 1716 nesciens
480 1673 602 1733 prorsus
622 1655 696 1732 quid
714 1655 822 1715 divites
846 1660 969 1735 agerent
986 1676 1041 1715 nec
1060 1657 1188 1717 alicuius

126 1758 148 1800 rs
163 1745 314 1823 obsequiis
346 1744 480 1820 deditus,
509 1763 562 1804 neo
594 1745 692 1805 solum
720 1744 786 1821 ipse
814 1764 930 1823 pauper
958 1766 1063 1807 verum
1096 1746 1188 1805 etiam

162 1837 250 1912 pater
272 1834 350 1910 eius3
372 1854 444 1893 nam
460 1835 493 1893 in
510 1837 592 1894 terra
611 1834 759 1893 eonducta
776 1835 953 1894 morabatur
971 1835 1045 1895 dans
1064 1854 1187 1912 operam

163 1924 327 1985 seminibus
340 1924 492 1983 iaciendis.
524 1942 591 1983 eece
604 1924 772 1983 verecunda
785 1927 948 2000 paupertas
964 1926 996 1983 in
1010 1925 1187 1984 necessitate

164 2015 264 2092 posita
285 2031 346 2072 non
370 2012 501 2090 quaesiit
522 2013 725 2091 patrocinium
747 2012 863 2089 divitis,
890 2033 949 2072 non
972 2016 1094 2075 maioris
1118 2014 1186 2074 sub·

164 2106 293 2164 stantiae
316 2104 499 2163 desideravit
521 2102 680 2177 auxilium,
706 2103 833 2179 piscatio
857 2104 957 2163 alebat
979 2104 1088 2180 filium,
1119 2124 1186 2165 oon-

131 2193 317 2253 bduotorem
333 2195 450 2269 patrem
469 2211 541 2270 ager
559 2192 702 2268 pascebat
720 2192 834 2251 alienus
854 2195 885 2251 et
901 2193 966 2268 ipse
980 2212 1040 2252 non
1054 2194 1187 2271 grandis,

164 2283 215 2341 sed
243 2301 301 2359 pro
332 2282 530 2341 facultatibus
560 2282 703 2359 pauperis
734 2281 961 2360 intellegendus.
1007 2284 1074 2359 quis
1107 2284 1187 2342 enim

163 2372 290 2449 pauperi
303 2389 448 2449 magnum
462 2370 594 2431 crederet
607 2369 784 2445 praedium?
814 2370 1001 2430 laudandum
1018 2372 1051 2430 in
1070 2371 1187 2432 duobus

164 2461 352 2535 institutum,
375 2478 449 2537 quos
472 2479 533 2520 non
550 2459 662 2537 polluit
684 2458 842 2519 necessitas
862 2464 916 2520 aut
936 2462 1038 2537 aliquo
1056 2461 1105 2522 vel
1126 2462 1188 2522 levi

164 2549 272 2610 scelere
295 2549 473 2609 maculavit!
506 2568 542 2609 ue
563 2549 642 2607 uelut
661 2549 780 2607 inmari
802 2549 926 2608 diuersis
942 2552 1083 2622 portibus
1105 2552 1188 2625 ipues

131 2644 152 2687 ¹⁸
165 2643 293 2699 urentur
314 2638 348 2697 iu
369 2639 477 2697 sibam
499 2643 526 2696 et
546 2638 674 2713 eirpulto
701 2640 840 2697 senentio
862 2639 960 2707 lauro,
990 2644 1043 2698 out
1063 2641 1116 2699 ubi
1138 2641 1187 2699 de·

164 2744 253 2787 ceusu
269 2728 376 2801 rupida
394 2727 430 2786 de
447 2728 594 2787 metibus
612 2727 681 2785 attis
699 2725 773 2785 duat
789 2729 917 2787 sonitum
935 2730 1067 2802 spumosi
1085 2746 1187 2788 aemes

164 2818 244 2876 etin
267 2833 396 2889 aequore
423 2820 557 2885 uerrunt,
586 2816 707 2889 quisque
732 2834 820 2875 ειιιιιιι
842 2818 1004 2891 populatae
1029 2819 1098 2877 iter:
1126 2827 1248 2877 uouere

164 2907 282 2981 seperius
306 2907 404 2974 aneo,
427 2902 546 2965 Aeaeos
570 2907 874 2977 Taampemou
899 2908 932 2965 iu
954 2908 1083 2981 proelia,
1106 2926 1188 2967 uuae

163 3012 242 3054 noue
254 2996 379 3066 teuent
393 2995 443 3053 ira
460 2996 549 3064 intus,
568 2997 747 3068 rumpuntur
760 2996 859 3054 neseio
872 2998 951 3054 eieci
964 3000 1092 3070 pectora,
1107 3015 1187 3056 uuae

127 3085 149 3129 ⁸⁰
163 3086 228 3144 eas
245 3085 279 3143 tn
296 3084 422 3143 mineo
438 3084 646 3143 mutuetur:
664 3083 739 3142 duas
758 3083 895 3143 flammas
914 3086 1106 3164 diversosque
1123 3089 1185 3145 tor-

162 3174 256 3233 rentis
286 3172 402 3232 (luobus
432 3174 506 3233 viris
528 3173 658 3231 fortibus
688 3175 877 3248 conparavit3
907 3194 977 3233 nam
1008 3194 1066 3251 quo
1095 3175 1185 3235 modo

162 3262 301 3322 flammae
324 3266 504 3322 consumunt
526 3261 672 3338 quioquid
695 3264 856 3322 occurrerit
882 3266 912 3321 et
934 3266 1080 3323 torrentes
1105 3266 1186 3340 quic·

235 3432 511 3501 lupolliuisaere'sti
525 3430 549 3484 V
562 3433 611 3487 tui
624 3447 677 3486 om.
693 3432 737 3486 ed.
792 3434 931 3488 linearia
944 3432 969 3485 V
983 3434 1013 3486 in
1027 3433 1066 3487 IV
1079 3436 1183 3489 iacuit.

162 3502 357 3558 eMeroetem
381 3502 425 3557 ed.
499 3508 533 3556 19
557 3504 747 3559 murteum
768 3504 793 3557 V
816 3511 879 3559 -tus
901 3505 945 3559 ed.
1019 3509 1053 3558 20
1076 3508 1185 3561 alieuus

163 3590 216 3628 om.
236 3573 281 3628 ed.
349 3580 381 3626 21
398 3590 509 3643 peeeper
525 3573 679 3631 iuVoorr
698 3575 742 3629 ed
812 3581 845 3629 23
864 3577 930 3630 celle
948 3578 990 3630 eia
1008 3576 1129 3632 eelereV
1148 3577 1183 3631 cf.

163 3649 437 3787 &wlffgupepjenue
323 3646 553 3715 cepenueseelere
575 3646 619 3701 ed.
693 3647 757 3702 88
745 3664 778 3701 eu
795 3646 938 3717 procliui
957 3664 1005 3717 per
1023 3665 1070 3715 pr.
1086 3649 1196 3714 optimi

162 3715 242 3783 Verg.
362 3717 475 3787 inune
492 3717 583 3773 semel
601 3736 656 3776 scr
669 3719 708 3777 V.
