2725 4150
202 332 267 398 508
487 329 627 385 DONATI
644 328 815 384 menaea.
829 327 938 383 Vnae.

200 500 255 559 iila
278 500 363 559 levis:
385 499 482 558 levem
500 499 577 559 dixit
598 499 714 558 remota
737 496 867 576 segnitia
889 497 1101 574 properantem
1125 495 1167 556 ad
1190 516 1226 557 ea

200 587 343 666 inplenda
361 607 439 665 quae
456 589 557 649 Diana
578 586 784 647 mandaverat.
816 587 890 646 caeli
907 586 1035 646 denissa
1049 601 1106 658 per
1129 604 1226 647 aaras
1274 584 1277 591 ’

200 680 331 738 iasoaait
343 679 428 752 niqra
442 677 623 737 circumdata
635 678 750 736 tarbirre
764 693 884 749 corpas:
897 674 1040 752 quicquid
1054 676 1090 733 de
1105 693 1225 737 summo

200 767 292 827 fuerit
310 768 451 826 emissum
468 784 586 827 necesse
600 769 659 841 est,
681 769 717 826 ut
735 764 786 825 det
803 766 949 839 sonitum,
972 766 1146 824 atvertum
1167 764 1226 825 sibi

200 875 326 915 exsere
350 857 502 931 conciliet,
531 856 584 915 sed
605 856 677 915 huic
699 855 816 914 Dianae
844 854 954 914 auxilio
981 853 1079 932 magis
1102 853 1226 915 videtur
1254 866 1265 908 e

199 964 262 1006 esse
285 949 491 1022 procuratum,
514 948 550 1004 ut
571 944 692 1005 facilius
714 944 885 1021 perveniret
906 943 946 1002 ad
967 945 1063 1002 terras
1083 945 1115 1002 et
1136 942 1225 1005 deve·

199 1034 331 1095 aientem
354 1038 487 1095 cerneret
508 1035 620 1094 nullus.
1091 1052 1092 1055 ’

270 1123 313 1182 At
345 1142 454 1184 mareas
485 1123 597 1182 interea
632 1123 727 1183 maris
762 1122 897 1181 Troiana
927 1120 1112 1194 propinquat
1149 1122 1224 1198 Tyr·

198 1214 337 1288 rhenique
359 1214 446 1274 daces
464 1214 646 1288 eqoitmm
659 1213 800 1271 caecitas
818 1212 921 1280 ermis
941 1210 1083 1284 conpositi
1099 1228 1224 1271 ramera

137 1304 232 1360 eooirr
253 1306 383 1362 turmas:
404 1303 504 1377 fremit
525 1318 649 1375 aequae
671 1305 727 1360 toto
747 1301 896 1359 insatiam
922 1299 1040 1373 sonipes
1062 1303 1090 1358 et
1106 1302 1224 1373 pressis
1241 1313 1263 1354 rr

193 1396 312 1467 paqnat
331 1392 454 1452 habenis
475 1392 532 1451 hae
549 1393 689 1450 obaesus
708 1394 734 1448 et
750 1391 823 1461 aaa·
840 1393 902 1448 trra
920 1388 977 1448 late
993 1391 1110 1463 ferreas
1128 1390 1224 1450 hastis

197 1481 295 1540 horret
321 1498 391 1555 aqer
418 1480 569 1554 oaorpiqae
592 1481 686 1539 armis
708 1479 883 1539 sablimitas
905 1478 1018 1538 ardeat.
1067 1478 1223 1556 reliquum

198 1574 244 1630 est
265 1571 323 1630 hoc
345 1568 507 1647 superioris
530 1569 751 1645 descriptionis,
771 1586 863 1645 quam
880 1568 1078 1644 inperfectam
1097 1567 1223 1646 dimisit,

198 1662 234 1719 ut
257 1658 402 1719 Gamillae
425 1659 560 1718 fabulam
582 1659 708 1733 diceret,
731 1677 791 1735 qua
814 1657 970 1717 subtracta
988 1655 1015 1716 si
1032 1659 1133 1732 prima
1150 1676 1222 1735 pars

198 1751 290 1826 atque
312 1749 371 1809 ista
392 1749 548 1826 iungatur,
573 1767 633 1807 non
651 1748 709 1808 erit
732 1747 828 1806 divisa
846 1748 994 1823 narratio;
1013 1764 1106 1822 supra
1125 1737 1222 1830 (447)
1239 1765 1261 1806 a

198 1840 279 1898 enim
292 1838 368 1898 dixit
381 1837 529 1914 „nuntius
543 1837 660 1916 ingenti
671 1857 726 1914 per
739 1839 823 1914 regia
836 1838 916 1895 tecta
929 1836 1065 1894 tumultu
1079 1854 1147 1896 ecce
1159 1837 1223 1896 ruit

196 1927 373 2006 magnisque
392 1926 496 1986 urbem
508 1926 673 1987 terroubus
692 1926 796 2002 inplet,
814 1926 976 1985 instructos
996 1923 1059 1983 acie
1078 1925 1221 1986 'liberino

198 2017 359 2077 afiumine
382 2016 512 2077 Teucros
537 2016 782 2094 Tyrrhenamque
804 2034 928 2075 manum
950 2014 1023 2074 totis
1042 2013 1222 2077 descendere

197 2105 342 2183 campis“,
371 2105 420 2166 hic
450 2105 524 2165 dicit
552 2109 586 2166 at
612 2123 720 2165 manus
743 2105 858 2165 interea
880 2103 973 2165 muris
997 2104 1129 2164 Troiana
1152 2125 1221 2183 pro·

197 2198 326 2275 pinquat
348 2195 553 2272 Tyrrhenique
584 2196 672 2255 duces
705 2194 900 2271 equitumque
932 2195 1080 2254 exercitus
1113 2194 1221 2272 omnis,
1237 2210 1260 2253 at

197 2288 233 2345 ut
251 2287 397 2363 appareat
413 2285 561 2363 integrari
577 2303 665 2361 posse
684 2282 896 2357 narrationem,
914 2284 941 2342 si
955 2282 1100 2343 Camillae
1114 2283 1221 2345 fabula

197 2375 400 2434 subtrahatur.
432 2374 593 2434 veniebant
616 2373 709 2453 igitur
731 2374 775 2433 sic
797 2373 891 2432 muris
914 2372 1162 2450 propinquantes,
1183 2377 1222 2433 ut

198 2466 331 2523 cessante
359 2462 458 2523 officio
484 2463 586 2522 nuntii
607 2462 704 2522 videri
730 2464 853 2539 possent
875 2461 907 2520 in
931 2462 1115 2538 aequalitate
1140 2481 1219 2523 eam-

196 2571 316 2628 porum,
339 2571 433 2629 usque
457 2552 531 2612 adeo
554 2552 719 2628 manifesti,
747 2555 783 2612 ut
810 2552 864 2628 qui
891 2554 989 2611 essent
1017 2554 1047 2611 et
1075 2553 1219 2628 quemad·

196 2641 319 2700 modum
341 2641 484 2702 instructi
506 2643 680 2702 accederent
703 2640 891 2718 singulorum
908 2659 968 2698 non
986 2643 1149 2718 negaretur
1167 2641 1218 2702 ob·
1235 2654 1259 2699 rs

196 2731 322 2791 tutibus.
378 2748 431 2791 aee
458 2748 519 2790 ron
545 2732 708 2804 Messapos
737 2734 838 2789 coatra
867 2730 1026 2802 celeresque
1054 2730 1162 2790 Latini
1193 2735 1221 2791 et

135 2829 262 2879 eoterra
289 2824 383 2894 fratre
407 2818 500 2880 Coras
528 2825 554 2880 et
579 2822 704 2895 oirqirris
731 2820 783 2879 aia
807 2816 950 2878 Camillae
973 2819 1092 2877 adoasi
1114 2837 1219 2895 eampo

196 2913 342 2985 apparent
371 2911 528 2984 hastasque
558 2910 686 2969 redactis
717 2908 897 2983 protendant
928 2909 1009 2982 ioreqe
1045 2908 1156 2968 dextris
1192 2913 1220 2969 et

195 3000 311 3073 spicata
345 3000 465 3059 vibraret
500 3000 698 3073 adoratoque
732 2998 830 3057 ciram
865 2998 1055 3071 fremitusque
1091 2998 1220 3058 ardescit

196 3104 349 3161 equorum:
378 3107 470 3165 quam
496 3089 636 3165 pulchra,
665 3107 758 3166 quam
785 3086 910 3147 diversis
934 3086 1089 3147 ornatibus
1113 3088 1218 3167 singu·
1235 3103 1259 3145 ec

195 3177 294 3236 lorum
334 3176 517 3237 exercituum
556 3178 639 3238 facta
679 3176 852 3254 descriptio!
911 3175 977 3236 ibat
1017 3175 1219 3237 Troianorum

269 3371 283 3420 1
303 3367 369 3421 ieris
387 3366 470 3421 koem
487 3365 513 3418 V
531 3366 600 3421 teres
618 3367 688 3421 teres
709 3364 766 3420 ede
790 3365 821 3418 at
843 3364 914 3418 Don.
933 3364 999 3418 levis
1022 3363 1058 3418 de
1080 3365 1218 3435 nympha,

195 3452 252 3491 non
275 3437 311 3492 de
335 3436 411 3490 auris
434 3436 547 3506 accipit.
611 3442 628 3491 8
651 3438 790 3506 cinerique
804 3434 837 3502 V,
856 3438 887 3489 at
905 3435 964 3489 inte
1000 3453 1021 3490 r.
1040 3437 1218 3507 tyrrhenique

194 3507 294 3573 habet,
325 3507 401 3577 quod
430 3507 524 3577 recepi
551 3524 723 3577 quamquam
750 3506 828 3562 nullo
854 3506 938 3576 Verg.
963 3453 1037 3561 lilro
1064 3507 1217 3576 firmatum,

196 3581 379 3649 Hetmseique
403 3579 448 3635 ed.
521 3584 554 3633 17
578 3578 770 3634 terroriducV
792 3579 958 3634 clamoribus
981 3579 1024 3633 ed.
1097 3584 1131 3633 24
1155 3581 1218 3649 qui-

195 3658 284 3707 eseeot
296 3650 322 3705 V
335 3652 383 3721 qai
401 3657 489 3707 oescat
505 3666 556 3705 nos
574 3652 740 3720 quiescerem
757 3649 801 3705 ed.
859 3654 892 3703 tt
911 3650 1048 3705 obtutibus
1060 3649 1086 3705 V
1100 3652 1219 3720 aspecti·

190 3723 245 3779 aa
261 3722 306 3779 ed.
381 3727 415 3776 29
434 3722 848 3793 caveamque-acquam
867 3722 979 3777 omed.
