2725 4150
205 310 270 377 586
488 307 629 363 DONATI
646 307 817 364 INTERPR.
832 307 940 364 Vnae.

204 477 401 553 calefactaque
424 477 513 536 corda
535 477 675 536 taaealta:
704 475 774 536 mox
795 479 832 537 ut
857 477 910 536 ille
936 478 993 538 hoc
1020 477 1107 554 fecit,
1134 477 1231 538 secuti

204 570 295 629 ceteri
316 568 413 628 veluti
435 567 526 643 periti
547 566 676 627 hominis
698 568 812 626 factum
839 585 942 626 omnes
963 566 1082 627 tutati
1104 570 1230 628 suntet

142 669 194 719 270
204 659 360 719 caluerunt
383 655 488 716 ardore
511 655 652 715 bellandi.
684 657 770 716 taeta
788 656 905 725 calana
928 656 984 715 illa
1004 657 1121 717 seilicet
1139 676 1229 734 qnam

204 750 344 808 emiserat
357 747 482 824 auguris
496 765 612 820 manus,
625 749 659 803 at
675 745 750 818 farte
766 762 869 804 mecm
883 746 1086 818 potamum
1098 747 1228 820 fratum

204 855 327 911 corpora
344 837 532 895 constiterant
549 839 659 904 contra,
673 851 746 908 qvas
758 835 823 908 Jtda
839 839 955 894 mearat
966 852 1031 894 acea
1043 839 1085 894 tot
1098 834 1227 896 Arcadio
1250 855 1260 896 ι

204 928 331 986 maiano
345 926 499 1000 Tyrrhena
514 923 656 999 agappa:
677 943 712 981 ex
730 942 793 982 una
812 924 902 1000 atque
921 923 1026 983 eadem
1046 926 1147 985 matre
1164 944 1227 1002 par

203 1015 333 1091 indeque
347 1015 406 1074 sibi
418 1016 547 1074 invicem
564 1013 634 1087 cari,
643 1014 751 1089 utpote
766 1015 819 1088 qui
831 1012 927 1072 isdem
939 1015 1038 1073 esseut
1050 1014 1225 1090 parentibus

204 1107 308 1184 geniti.
342 1103 477 1179 stabant,
495 1101 607 1178 inquit,
627 1101 774 1180 congesti:
798 1101 879 1162 dicta
897 1104 943 1162 est
961 1121 1053 1162 causa
1071 1103 1154 1163 unde
1172 1103 1226 1164 sibi

203 1195 330 1254 invicem
353 1194 426 1268 ouri,
449 1194 481 1251 in
504 1210 566 1268 qua
584 1190 728 1250 laudatur
750 1191 873 1252 castitas
896 1192 1016 1268 matris,
1039 1211 1120 1268 quae
1140 1193 1225 1254 fidem

204 1301 325 1343 servans
351 1281 461 1341 marito
487 1281 542 1340 hos
570 1283 736 1357 pepererat.
781 1281 885 1340 haara
907 1299 1002 1340 aaaen
1024 1282 1066 1340 ad
1088 1283 1257 1353 mediceae

203 1375 305 1431 teritur
327 1389 387 1445 aaa
409 1371 506 1430 sutilis
533 1370 599 1429 advo
623 1370 736 1428 balteos
759 1374 785 1428 et
807 1370 932 1429 lateran
956 1371 1112 1431 iandtaas
1134 1371 1224 1445 fibula

141 1463 326 1531 altmordet,
345 1461 490 1535 egregiam
507 1460 606 1532 forma
623 1460 757 1518 tavanera
776 1463 801 1518 et
820 1460 1000 1534 fulgentibus
1018 1461 1113 1520 amis
1132 1465 1224 1522 tans

202 1552 296 1626 adigit
317 1553 411 1610 costas
428 1549 568 1622 salvaque
591 1548 694 1621 effudit
710 1548 838 1608 tarcaa:
859 1549 967 1609 horum
989 1569 1096 1627 uuum,
1118 1549 1223 1627 inquit,

202 1641 349 1716 percussit
366 1639 454 1697 hasta
472 1637 585 1697 dueota
598 1657 659 1697 non
672 1637 705 1696 in
720 1657 824 1711 unum,
843 1638 945 1697 sedin
963 1657 1086 1715 novem3
1102 1641 1222 1700 veniens

203 1729 282 1789 enim
304 1730 337 1788 in
359 1728 504 1805 plurimos
527 1727 668 1787 frustrari
695 1745 755 1787 non
779 1729 887 1803 potuit.
933 1727 1051 1788 addidit
1074 1728 1113 1787 ad
1137 1729 1253 1790 occisio

202 1821 345 1879 meritum
374 1816 453 1893 quod
483 1819 620 1895 egregius
648 1817 722 1892 fnit,
751 1816 808 1876 hoc
838 1820 884 1876 est
913 1817 995 1893 quod
1024 1835 1168 1894 procerus
1195 1820 1222 1878 et

203 1909 326 1986 pulcher
349 1908 380 1966 et
402 1905 533 1983 speciose
557 1908 701 1965 armatus.
734 1905 904 1984 designavit
927 1907 1019 1966 etiam
1041 1906 1221 1985 locumque

201 2000 279 2058 ictus
298 1995 450 2071 occubuit,
468 1995 589 2054 letalem
606 1994 732 2070 scilieet,
750 2015 803 2070 ne,
823 1995 848 2054 si
866 1998 945 2055 esset
962 1996 1115 2056 vulnerati
1132 1997 1222 2058 levior

203 2106 305 2163 causa,
334 2104 395 2145 uon
417 2087 504 2145 tanto
532 2085 633 2144 dolore
662 2090 796 2145 moveret
826 2086 941 2145 animos
968 2086 1108 2145 fratrum.
1153 2087 1222 2162 illie,

201 2177 315 2255 inquit,
344 2175 513 2236 venientem
539 2175 635 2232 ictum
662 2174 773 2251 excipit
798 2175 849 2233 ubi
877 2175 1068 2235 convenienti
1090 2194 1110 2235 a
1132 2176 1253 2238 balteis

202 2265 300 2343 capite
322 2265 470 2325 mordacis
491 2263 602 2323 fibulae
623 2263 763 2323 iunctura
786 2264 954 2323 concordat.
986 2283 1023 2324 ne
1045 2265 1104 2323 hoo
1126 2265 1221 2343 ipsum

201 2357 367 2415 remaneret
388 2356 547 2428 incertum,
575 2353 620 2411 ait
641 2352 824 2430 transadigit
851 2356 962 2429 costas,
991 2355 1027 2413 ut
1055 2355 1222 2415 ostenderet

201 2447 281 2504 latus
304 2445 368 2503 eius
386 2442 478 2502 fnisse
500 2442 708 2501 transfossum.
741 2446 773 2501 at
791 2442 913 2514 fratres,
937 2444 1074 2502 animosa
1088 2444 1222 2518 phalareo

201 2550 379 2606 accemaqac
397 2533 490 2591 lacta:
504 2535 535 2591 et
552 2529 686 2590 animum
704 2530 855 2590 habebant
874 2531 912 2591 ad
930 2533 1077 2591 ultionem
1095 2552 1222 2609 pronum

201 2625 231 2681 et
249 2620 431 2700 germanitas
450 2621 577 2699 cogebat
595 2623 626 2679 et
643 2621 744 2680 luctus
762 2623 799 2679 ut
817 2638 947 2698 congruo
962 2625 1171 2700 moverentur,
1189 2634 1254 2683 eos

200 2712 248 2770 vel
262 2714 399 2786 maxime,
414 2713 486 2788 quia
498 2712 563 2769 tam
581 2710 706 2785 plurimi
721 2711 852 2785 fuerunt,
866 2709 947 2770 utin
961 2711 1083 2770 illorum
1097 2730 1221 2773 numero

200 2801 291 2861 facies
315 2801 462 2860 exercitus
487 2802 654 2875 appareret.
701 2819 766 2859 ecee
790 2799 998 2859 describuntur
1025 2801 1166 2861 ardentes
1189 2822 1223 2862 ex

199 2891 342 2965 iactast,
362 2889 441 2967 quod
454 2889 574 2948 illorum
595 2908 736 2949 numerus
754 2890 892 2966 copiosus
910 2892 996 2964 esset,
1015 2889 1128 2949 dicitur
1146 2910 1222 2968 quae

200 2979 325 3039 fecerint
338 2977 461 3039 diversi:
483 2995 559 3052 pars
570 2978 686 3052 gladios
700 2979 847 3053 striapaat
858 2979 1010 3047 manitas,
1020 2996 1098 3051 pars
1111 2981 1224 3040 missile

198 3070 313 3142 ferram
330 3068 492 3141 corripiant
510 3068 643 3140 maique
664 3071 762 3126 aaut.
791 3086 860 3126 oum
878 3069 935 3127 soli
954 3070 1021 3127 ooto
1044 3072 1157 3145 essent,
1181 3069 1223 3131 sio
1236 3081 1257 3124 a

200 3158 341 3235 descripti
359 3160 431 3217 sunt
444 3158 531 3234 quasi
549 3155 666 3217 latioris
680 3159 809 3232 numeri·
834 3157 909 3217 dixit
926 3158 1006 3216 enim
1019 3176 1090 3233 pars
1104 3158 1223 3237 gladios

270 3345 488 3401 tmieerated.
562 3345 713 3417 dalyppo
734 3343 766 3399 V
841 3345 1043 3399 ‘liisdemed
1118 3348 1223 3403 lotoe

194 3416 379 3486 pepercrctV
396 3418 444 3471 tos
549 3416 628 3472 ‘.ed
698 3421 731 3470 lt
749 3416 840 3483 forma
858 3433 912 3470 om.
927 3416 961 3469 V
1030 3421 1063 3470 1⁸
1084 3418 1224 3485 effuditV

199 3489 318 3557 effundit
353 3488 455 3556 optimi
517 3504 574 3558 erg
607 3486 674 3542 libri
710 3488 832 3543 exaudit
867 3487 910 3541 ed
998 3493 1030 3542 15
1064 3489 1146 3543 addit
1178 3490 1223 3546 ed

200 3566 233 3615 16
261 3560 333 3629 quod
359 3577 413 3615 om
436 3557 1225 3628 ed.1'lgroiaq.ed.2ocoaoeaienti

198 3632 345 3758 maluti
354 3632 444 3701 capita
470 3630 561 3686 Vad
602 3630 722 3685 fortasm
756 3646 778 3685 c.
807 3631 830 3686 t.
859 3631 966 3699 capiti?
1059 3636 1093 3683 22
1126 3632 1171 3688 ait
1198 3631 1225 3689 V

258 3705 318 3759 ite
