2725 4150
547 349 731 405 susumus
749 348 788 403 nr
1116 351 1180 418 195
1208 321 1210 324 Α

160 522 286 580 stdtctcs
315 521 386 580 cette·
415 538 481 580 wan
507 520 607 594 frantt
636 517 677 577 cd
708 518 812 578 cantas
842 521 942 577 cenas
965 534 1124 592 perpessas
1156 522 1225 582 etto

160 611 263 670 imbris
285 614 366 669 noae
387 627 477 682 saper
498 609 609 677 media,
633 608 688 666 tuti
709 609 764 667 sab
786 608 932 667 matribus
955 609 1028 682 apat
1050 607 1182 667 balatum

161 703 298 774 exercent,
316 699 366 758 itte
384 716 471 773 asper
490 702 517 757 et
532 698 675 770 inprobas
692 697 742 756 tra
754 698 848 756 scebet
859 697 893 756 tc
907 697 1044 768 absentis,
1065 696 1182 756 collecta

159 790 267 863 futipct
294 789 399 847 edendi
426 806 460 847 ec
484 788 567 862 toppo
594 787 693 846 rabies
720 789 746 845 et
771 785 865 846 siccae
894 786 1039 860 supputes
1065 787 1182 860 fauces:

130 878 232 936 ebant
254 878 340 936 aliter
361 878 473 936 Rnteto
494 893 596 935 maros
619 879 645 934 et
667 879 767 935 castra
789 874 880 934 tnectc'
901 875 1054 950 tpaescm
1074 876 1225 938 trucetas

161 968 245 1026 daris
268 967 351 1026 detor
369 967 484 1026 ossibus
502 967 598 1035 arctet,
622 982 682 1037 pcc
700 968 814 1037 temptet
829 965 943 1024 ratione
961 964 1061 1024 nobitas
1079 969 1106 1024 et
1123 981 1183 1037 pac

160 1057 211 1115 ete
234 1057 350 1115 etoesos
368 1056 494 1115 excutiat
513 1055 639 1114 Teucros
656 1053 734 1114 catto
754 1057 840 1126 atquc
858 1054 991 1126 effandet
1008 1054 1042 1113 tn
1060 1070 1183 1127 aanor:

161 1148 192 1204 et
213 1145 262 1204 hic
284 1144 473 1220 hyperbaton
496 1147 555 1219 est3
581 1163 651 1203 nam
674 1143 829 1220 proposito
853 1141 946 1218 capiti
967 1142 1128 1220 respondet
1150 1143 1183 1202 in

160 1235 232 1309 fine,
250 1234 330 1293 unde
353 1236 451 1294 totum
470 1233 558 1293 debet
579 1231 611 1291 in
633 1231 880 1308 pronuntiatione
903 1231 1061 1309 suspendi3
1084 1231 1183 1313 media

116 1343 142 1382 ro
161 1323 241 1382 enim
262 1322 519 1400 pronuntiationis
543 1324 622 1382 sunt.
658 1322 715 1395 sic,
737 1320 850 1397 inquit,
869 1320 988 1382 Turnus
1007 1321 1184 1381 circumibat

160 1431 276 1487 muros,
308 1413 457 1489 quomodo
487 1413 577 1489 lupus
608 1410 779 1489 exagitatus
809 1409 888 1473 fame
918 1409 1011 1470 ovilia
1039 1411 1183 1470 infestare

162 1501 316 1561 contendit
338 1520 393 1561 nec
415 1504 515 1579 potest
538 1500 655 1561 aditum
677 1499 817 1576 reperire.
852 1497 945 1559 ovilia
969 1501 1041 1559 sunt
1062 1500 1130 1560 loca
1151 1500 1184 1558 in
1251 1555 1252 1558 ,

163 1590 271 1666 quibus
290 1609 359 1650 oves
373 1593 505 1666 manent,
524 1590 626 1650 caulas
641 1587 719 1648 dixit
736 1587 884 1648 ambitum
901 1589 1002 1665 ipsum
1020 1607 1080 1665 quo
1099 1590 1183 1648 tutae

163 1680 304 1738 adversus
322 1680 447 1740 insidias
462 1680 661 1739 continentur.
689 1677 842 1754 inprobus,
861 1677 1005 1754 abruptus
1020 1677 1135 1739 scilicet
1153 1681 1184 1738 et

118 1786 144 1826 re
162 1768 349 1827 inmoderate
377 1770 524 1830 saeviens:
555 1769 624 1844 plus
651 1769 733 1826 enim
758 1764 871 1826 irarum
898 1766 1027 1843 accedit,
1057 1786 1125 1826 cum
1150 1768 1183 1826 in

162 1875 272 1916 manus
300 1856 400 1918 venire
430 1877 490 1918 non
519 1859 620 1934 potest
647 1856 697 1916 cui
722 1855 893 1916 nascimur:
924 1855 1006 1933 quod
1034 1875 1072 1916 ne
1100 1857 1184 1918 fieret

163 1946 287 2005 Troiani
310 1947 446 2006 consulto
470 1950 695 2024 praevenerant.
731 1945 783 2005 ille
810 1949 912 2006 tamen
936 1945 1099 2022 quaerebat
1124 1965 1183 2025 quo

162 2035 287 2097 consilio
310 2040 412 2115 posset
434 2055 484 2098 eos
503 2057 519 2097 e
537 2036 670 2097 turribus
693 2036 725 2096 in
748 2035 874 2114 planum
896 2035 1034 2113 tundere3
1057 2036 1184 2097 arbitra-

161 2126 252 2186 batur
265 2126 344 2185 enim
357 2128 550 2204 profuturum
564 2126 622 2187 sibi
636 2125 717 2203 quod
730 2125 826 2186 hostis
840 2126 1032 2187 formidabat.
1053 2126 1184 2196 classem,

116 2234 144 2273 so
163 2233 237 2288 qnae
260 2216 346 2275 lateri
368 2221 532 2275 castrorum
559 2217 700 2276 odienda
723 2216 843 2284 totebct,
871 2217 1026 2290 apperibas
1052 2220 1185 2289 saeptum
1195 2228 1228 2277 '10

162 2307 272 2364 arcum
295 2310 321 2364 et
337 2306 510 2377 tuentibus
531 2306 623 2365 andis
640 2305 757 2365 incedit
774 2305 921 2377 senesque
938 2304 1078 2366 incendic
1089 2306 1186 2380 poscit

162 2396 292 2453 ovantis:
314 2413 374 2454 non
397 2395 498 2472 potuit
519 2394 625 2455 fecisse
649 2395 731 2470 quod
753 2394 852 2453 fuerat
869 2393 1014 2470 primum,
1037 2394 1185 2453 convertit

162 2502 193 2543 sc
217 2483 256 2542 ad
279 2483 374 2559 aliud,
397 2504 434 2544 ne
456 2484 489 2541 in
511 2486 611 2543 totum
633 2483 711 2543 nihil
732 2482 892 2560 profecisse
910 2481 1069 2542 videretur.
1100 2500 1184 2541 occa·

163 2573 277 2633 sionem
301 2573 411 2650 quippe
434 2573 573 2632 laedendi
600 2576 691 2650 atque
718 2572 844 2632 nocendi
870 2573 1033 2648 utcumque
1060 2570 1185 2631 navium

117 2679 144 2718 ss
163 2661 303 2722 vicinitas
322 2663 408 2740 fecit3
435 2681 564 2738 namque
588 2661 791 2721 adhaerebant
818 2659 937 2735 castris,
966 2680 1001 2720 ex
1029 2661 1090 2719 alia
1113 2679 1183 2720 vero

162 2755 248 2828 parte
271 2754 354 2813 tutas
372 2752 537 2811 reddebant
554 2749 731 2812 circumfusi
748 2767 872 2828 aggeres
891 2751 922 2808 et
939 2749 1020 2809 unda
1038 2748 1183 2809 fiuualis:

163 2841 206 2899 sic
229 2844 333 2900 tamen·
353 2859 403 2901 eas
423 2841 580 2919 adgressus
604 2843 650 2901 est
671 2857 796 2916 poscens
813 2838 961 2914 incendia,
985 2857 1045 2916 quo
1063 2838 1183 2899 facilius

163 2929 329 2989 interirent.
370 2932 489 2991 ovantis
517 2930 613 2990 socios
644 2928 734 3004 dixit,
764 2927 845 3005 quod
872 2929 1036 2989 nescientes
1059 2928 1184 2989 consilia

163 3019 363 3078 Troianorum
389 3039 444 3097 pro
472 3020 600 3080 victoria
626 3018 798 3078 habuerunt
824 3018 898 3095 quia
924 3018 1024 3078 nullus
1052 3018 1183 3097 egredie-

118 3109 254 3167 sebatur
277 3127 293 3167 e
316 3108 422 3169 castris
446 3111 476 3168 et
497 3108 581 3167 nullo
606 3107 769 3169 obsistente
791 3109 914 3183 possent
940 3108 1026 3167 navis
1054 3127 1183 3168 exurere.

163 3201 250 3270 utque
275 3216 399 3256 mecam
422 3199 502 3270 pice
532 3198 675 3272 tepenti
705 3196 839 3270 fervidas
870 3196 975 3271 inplet:
1006 3197 1089 3273 prior
1119 3197 1183 3273 ipse

236 3391 251 3440 5
279 3387 420 3455 ipsiseant
441 3385 475 3440 V.
554 3391 569 3439 t
595 3385 674 3440 ardet
696 3382 721 3437 V
745 3384 837 3439 haeret
861 3383 905 3438 ed.
937 3383 940 3456 Ι
973 3400 1043 3452 pace
1067 3385 1114 3438 cia
1139 3384 1182 3437 ed.

164 3462 179 3510 *1
199 3459 270 3513 cutte
283 3458 316 3511 V.
390 3462 406 3511 8
424 3458 636 3527 bpperbctccem
651 3454 677 3509 V
696 3472 765 3510 corr.
785 3455 841 3510 ed.:
860 3455 931 3509 Don.
951 3456 1059 3523 qaaerit
1076 3471 1110 3509 ac
1129 3472 1184 3524 pao

163 3535 274 3597 temptet
296 3527 478 3598 coniungere,
501 3527 665 3597 parabolam
689 3529 718 3581 et
739 3527 934 3581 boat-ardet
953 3525 1184 3594 pronuntiatione

164 3600 335 3668 suspendere
349 3599 468 3654 videtum.
520 3606 552 3653 11
567 3598 680 3666 fameV
697 3598 718 3665 f.
733 3599 866 3664 etfwrore
880 3597 951 3652 edb'.
1002 3603 1035 3653 tt
1054 3597 1184 3652 turbent

164 3679 256 3727 actem
270 3672 313 3726 ed,
364 3676 399 3725 ab
415 3678 540 3741 cantuum
554 3670 588 3727 V.
640 3675 675 3728 30
695 3670 864 3745 usurparet
881 3668 1020 3726 cenea
1066 3672 1110 3719 ‘tx
1121 3678 1217 3719 muna

150 3744 255 3807 fimum
269 3743 414 3812 tractanti
421 3746 565 3814 percitus
578 3746 614 3803 V.
641 3746 648 3824 t
673 3747 769 3820 inplet
779 3745 807 3803 V
828 3743 924 3813 infert
943 3741 994 3797 ed.

1027 3841 1086 3897 ut*
