2725 4150
550 327 814 383 musmosvm
1131 333 1194 398 119

175 496 272 570 ipsius
303 496 434 555 numinis
464 515 525 555 non
558 496 690 554 inaniter
721 497 852 573 positus:
882 496 1061 574 dormiebat3
1092 499 1196 558 debuit

175 586 254 642 enim
279 583 428 644 dormiens
453 585 605 644 evidenter
627 604 745 645 cernere
769 587 837 662 quis
860 590 951 661 esset,
973 607 1010 646 ne
1035 588 1121 647 daret
1142 589 1196 647 hu·

174 673 271 732 manis
296 673 444 734 erroribus
468 675 549 750 quod
570 675 674 752 magni
697 675 833 735 beneficii
855 677 920 735 loco
943 677 1042 735 fuerat
1069 678 1195 753 praesti-

173 768 248 821 tum.
294 764 351 821 hoc
374 768 475 822 autem
498 765 525 823 ei
547 763 687 822 demebat
709 765 781 823 deus
804 765 878 841 ipse,
901 767 1074 841 quodcum
1095 767 1196 843 inpor-

144 854 254 910 stunis
279 853 512 930 cogitationibus
536 854 639 912 vexari
661 858 852 931 cognoverat.

248 939 272 999 0
299 946 361 1000 sato
386 947 469 1016 pente
496 943 595 1010 deaii,
620 944 784 1002 Troianam
812 960 846 1002 ca
868 944 1000 1003 hostibus
1021 945 1123 1003 arbem
1147 947 1196 1018 qai

173 1031 286 1088 recedis
313 1033 397 1090 nobis
425 1036 599 1103 aeternaque
626 1033 774 1105 Parparia
801 1050 915 1103 serras,
948 1038 1106 1107 exspectate
1135 1035 1196 1092 solo

173 1121 322 1179 Laurenti
345 1122 481 1192 arvisque
503 1121 639 1179 Latinis:
665 1141 773 1196 parum
795 1122 856 1180 fuit
879 1123 960 1198 quod
978 1125 1102 1182 venerat
1123 1123 1195 1183 deus

174 1228 353 1268 excussurus
373 1229 459 1268 omne
477 1211 611 1268 taedium
629 1210 801 1287 cogitantis,
820 1211 894 1271 dicit
912 1212 939 1270 ei
958 1211 1049 1271 etiam
1067 1212 1195 1272 laudem.

131 1315 155 1353 1o
175 1317 267 1374 quam
297 1299 323 1356 si
352 1299 448 1357 solam
478 1299 602 1358 dixisset
635 1319 689 1359 nec
724 1300 889 1360 addidisset
919 1301 993 1376 alia,
1026 1302 1197 1362 sufficerent

174 1407 252 1462 quae
276 1387 330 1446 sub
353 1388 510 1448 laudativo
533 1392 617 1447 textu
640 1393 795 1466 posuerat3
818 1391 949 1465 primum
973 1390 1052 1449 enim
1075 1391 1152 1450 dixit
1178 1411 1195 1450 o

174 1481 238 1535 sate
262 1481 350 1554 gente
375 1477 476 1550 deum,
500 1479 630 1555 cogitas,
653 1478 766 1554 inquit,
789 1479 922 1537 humana
945 1479 1079 1554 pericula
1106 1483 1195 1540 natus

173 1586 208 1624 ex
228 1565 285 1624 diis
303 1586 357 1624 nec
375 1567 499 1642 respicis
515 1570 644 1627 salutem
657 1571 743 1627 tuam
756 1567 789 1625 in
803 1568 958 1626 hominum
972 1587 1080 1628 manus
1094 1570 1195 1628 venire

173 1675 234 1713 non
257 1675 356 1730 posse,
385 1676 477 1731 quam
503 1659 606 1716 tuctur
633 1657 792 1716 nativitas:
821 1677 875 1715 sua
897 1657 1103 1717 incolumitate
1127 1677 1195 1717 con-

128 1759 153 1799 15
173 1747 281 1804 sistens
304 1745 422 1803 salvum
444 1748 475 1804 et
493 1747 644 1824 integrum
662 1747 883 1823 inlibatumquc
901 1747 1053 1823 perdurat.
1085 1746 1195 1824 Perga·

172 1854 256 1891 mum
280 1853 401 1909 quoque
423 1835 559 1894 interisse
584 1837 653 1911 quis
681 1835 813 1910 adserat,
842 1855 910 1894 oum
931 1839 1031 1896 tecum
1055 1837 1141 1896 duret
1162 1837 1195 1895 in

172 1928 309 1999 tempora
328 1927 449 1982 aeterna
467 1924 664 1984 mansurum?
696 1926 767 1984 olim
785 1929 815 1985 te
835 1926 976 2001 sperabat
993 1926 1095 2000 Italia,
1113 1928 1195 1985 tenet

172 2017 359 2089 praesentem
391 2017 421 2072 et
451 2016 563 2091 optatis
598 2015 784 2091 amplexibus
818 2015 910 2075 fovet.
964 2016 1038 2076 haec
1070 2016 1194 2075 dicendo

170 2121 313 2180 magnam
332 2123 415 2178 spem
432 2104 543 2164 futuris
561 2104 746 2180 temporibus
769 2106 937 2184 pollicetur,
960 2105 1046 2165 addit
1068 2106 1137 2181 alia,
1160 2109 1195 2164 ut

126 2206 153 2245 so
172 2193 305 2250 animum
328 2194 494 2252 aestuantis
516 2194 629 2253 maiore
653 2194 823 2254 securitatis
847 2196 1005 2272 sponsione
1027 2196 1194 2255 confirmet:

170 2283 217 2339 bic
239 2282 299 2349 tibi,
323 2283 433 2357 inquit,
456 2288 534 2341 ceria
557 2284 668 2352 domae,
693 2286 771 2352 corii,
795 2302 831 2342 aa
855 2286 969 2353 absisto,
986 2290 1117 2358 penates,
1136 2303 1194 2343 aaa
1203 2289 1238 2339 40

172 2372 238 2429 belii
261 2375 367 2430 torrere
389 2373 487 2430 mirsia.
530 2374 582 2447 qui
605 2375 743 2449 speratus
766 2375 882 2432 venisse
906 2373 1004 2433 dietus
1029 2376 1074 2433 est
1096 2374 1193 2451 magis

170 2461 327 2537 magisque
347 2460 478 2519 securior
495 2462 639 2538 redditur,
658 2462 740 2538 quod
758 2461 821 2520 illic
836 2462 994 2520 habiturus
1009 2467 1087 2521 esset
1100 2463 1193 2537 sedes,

170 2550 233 2608 illio
256 2550 375 2625 penatis
397 2552 620 2610 conlocaturus:
648 2552 737 2610 illum
759 2550 836 2608 nihil
860 2550 964 2609 debere
987 2554 1119 2609 metuere
1142 2571 1192 2608 ne-

127 2651 151 2690 25
171 2659 229 2714 que
251 2640 338 2697 illam
361 2639 594 2699 sollicitudinem
617 2640 709 2714 ferre,
733 2639 814 2715 quod
838 2639 1045 2698 crudescerent
1063 2639 1143 2698 bella
1163 2643 1193 2699 et

171 2728 287 2786 maiora
322 2729 454 2804 pericula
486 2730 680 2789 minarentur.
738 2733 834 2787 tamor
861 2730 956 2786 orariis
984 2733 1009 2786 ei
1035 2730 1100 2787 irae
1128 2747 1192 2788 cori·

171 2835 279 2876 cessere
303 2818 403 2876 dcam:
430 2820 461 2876 in
489 2819 646 2878 lenitatem
673 2818 879 2893 plenissimam
902 2837 1020 2877 versum
1043 2821 1090 2878 est
1113 2820 1194 2896 quod

171 2907 340 2966 animorum
367 2908 533 2967 tumoribus
561 2908 698 2967 ferebant
725 2906 850 2965 numina
878 2910 908 2966 et
934 2907 966 2966 in
990 2927 1107 2967 omnem
1130 2910 1192 2985 pla·

171 2996 326 3055 ciditatem
349 2997 471 3055 illorum
495 2997 602 3057 durata
626 2997 740 3056 dudum
762 2996 920 3056 iracundia
944 3001 1129 3058 commutata
1147 3001 1193 3058 est

126 3096 151 3134 ³⁰
170 3085 352 3161 perindeque
376 3086 465 3146 cessit
487 3086 628 3145 felicitati
650 3090 721 3145 tuae
745 3086 891 3161 quicquid
908 3087 1024 3146 solebat
1042 3107 1105 3147 esse
1125 3106 1192 3146 con-

169 3175 303 3233 trarium.
349 3176 466 3248 iamqac
485 3177 545 3244 tibi,
574 3193 610 3234 ac
628 3194 709 3234 oona
727 3180 815 3249 pates
832 3177 903 3234 hacc
920 3178 1030 3250 firmare
1048 3194 1190 3244 corariam,

171 3265 279 3322 litoreis
307 3266 409 3338 inparis
440 3267 560 3324 irrorata
592 3267 647 3324 sab
676 3266 793 3324 ilicibus
826 3282 878 3323 sas
910 3266 1031 3339 tripiata
1063 3266 1191 3338 capitam

243 3441 257 3488 1
278 3438 344 3489 ante
363 3436 513 3489 dormiebat
530 3435 642 3489 videtur
660 3441 700 3489 est
717 3436 784 3503 qaia
803 3434 946 3488 excidisse.
1018 3440 1034 3488 ὁ
1053 3451 1152 3488 cesare
1165 3434 1191 3487 V

170 3524 238 3559 corr.
259 3507 302 3560 ed.
365 3513 397 3561 12
416 3514 480 3561 aste
498 3506 541 3561 ed.
605 3514 639 3560 14
657 3524 713 3574 qao
730 3509 854 3561 intaetar
867 3505 892 3557 V
911 3522 988 3573 pacm
1006 3507 1025 3559 i.
1045 3505 1089 3559 ed.
1108 3523 1191 3574 quara

169 3585 261 3632 tactor
280 3595 338 3632 nos.
414 3585 446 3632 15
464 3580 570 3633 soleam
584 3578 610 3631 V
629 3585 654 3632 et
671 3595 692 3632 s.
713 3578 757 3631 ed.
785 3578 787 3649 l
813 3575 987 3645 perdaraiV
1004 3578 1102 3631 retiact
1120 3578 1162 3631 ed.
1185 3578 1194 3647 l

170 3652 307 3718 Perperna
326 3650 368 3703 ed.
430 3656 463 3704 16
483 3652 668 3705 darent-17
685 3667 821 3706 raoasara
839 3648 887 3706 ed.
944 3653 980 3702 ‘n
996 3649 1145 3703 leuitatem
1161 3648 1212 3697 ab.

162 3722 343 3772 redemtam
362 3722 469 3777 dadam
488 3724 700 3783 iracundiacV
723 3744 797 3783 corr.
818 3725 865 3782 ed.
941 3727 981 3777 Ὢ
994 3713 1196 3777 litoream*-
