2725 4150
555 333 783 389 mnamoax
1113 336 1179 401 323

161 509 208 565 est
226 508 257 563 at
275 505 379 577 altera,
392 506 428 563 ut
442 503 484 564 sic
497 504 738 580 pronuntiemus:
756 502 913 582 vigilasne,
928 501 1015 561 deum
1029 501 1122 580 gens?
1144 505 1181 561 ut

161 613 321 671 suppresso
343 594 465 652 interim
486 593 606 653 nomine
629 593 726 653 divini
748 593 903 670 sanguinis
928 591 1039 650 diceret
1055 590 1180 666 prolem,

162 687 252 761 atque
284 687 320 743 ut
350 683 458 742 melius
486 683 654 742 ostenderet
681 684 786 742 notam
815 681 900 758 loqui
929 699 1101 758 personam,
1129 679 1181 738 ad-

161 774 272 833 didisse
301 792 410 831 nomen
435 773 513 831 eius:
543 773 658 847 Aenea,
688 771 790 849 vigila.
846 772 885 845 si,
916 769 1030 846 inquit,
1062 770 1180 846 vigilas,

128 882 142 924 a
161 882 318 940 persevera
336 863 368 920 in
391 881 425 921 eo
445 865 476 921 et
493 861 625 921 habenas
644 861 741 921 omuis
759 861 834 920 velis
853 859 980 919 inmitte.
1012 859 1180 917 exhortatio

160 951 333 1012 istiusmodi
362 951 422 1011 fuit
450 952 483 1009 in
513 949 717 1028 duplicatione
748 950 880 1009 eiusdem
909 950 997 1023 dicti,
1025 951 1061 1008 ut
1084 951 1182 1007 cetera

162 1043 310 1101 attentius
329 1039 452 1100 audiret
485 1040 564 1099 illud
582 1059 652 1100 vero
670 1058 731 1099 non
750 1042 816 1099 erat
832 1040 865 1098 in
882 1039 983 1098 totum
1005 1037 1182 1114 dubitantis,

163 1131 244 1209 quod
266 1133 334 1206 post
356 1131 487 1189 incertae
510 1147 614 1189 vocem
640 1129 832 1189 subsecutum
862 1131 908 1188 est
934 1126 1050 1202 Aenea,
1077 1126 1181 1205 vigila.

162 1221 283 1280 videtur
305 1218 385 1278 enim
406 1218 567 1278 removisse
589 1219 622 1276 in
646 1237 706 1294 quo
731 1217 823 1277 dubia
845 1217 905 1276 fuit
928 1215 1052 1275 dicendo
1071 1217 1183 1293 Aenea,

115 1329 144 1369 ro
162 1309 270 1387 vigila,
300 1308 373 1384 quia
401 1307 571 1385 gubernans
600 1327 709 1368 navem
740 1308 868 1367 dormire
897 1325 957 1365 non
980 1305 1091 1365 debuit.
1138 1323 1183 1366 se·

163 1399 269 1476 quitur
287 1416 430 1475 personae
454 1397 606 1473 loquentis
626 1395 746 1456 evidens
765 1396 994 1470 demonstratio,
1013 1399 1048 1454 ut
1065 1395 1183 1455 Aeneas

162 1490 266 1548 nosset
288 1506 365 1563 quae
388 1487 523 1546 omnium
552 1484 672 1545 nomine
700 1486 885 1563 loqueretur,
912 1485 945 1542 in
972 1503 1031 1560 quo
1059 1483 1125 1560 ipso
1153 1486 1184 1543 et

164 1580 250 1655 gesta
278 1580 380 1652 posset
409 1575 542 1652 apertius
572 1594 703 1635 noscere.
755 1591 822 1644 uos,
853 1575 909 1650 ait,
939 1591 1043 1632 summ
1071 1573 1246 1650 Idaeuc230

163 1683 248 1725 sucro
272 1666 307 1724 da
329 1665 432 1723 sertim
451 1667 558 1738 pinus:
582 1664 655 1742 quid
678 1665 813 1741 apertius
841 1663 901 1723 ista
928 1663 1099 1722 narratione
1124 1681 1183 1737 qua

116 1756 279 1815 redictum
302 1757 348 1813 est
371 1773 448 1831 quae
472 1757 572 1814 essent
590 1756 621 1813 et
647 1752 748 1812 unde?
797 1772 877 1812 nuuc
898 1753 1000 1828 pelopi
1029 1752 1182 1826 nymphae,

164 1845 269 1904 classis
299 1848 366 1903 tua:
395 1846 426 1903 et
455 1863 533 1920 quae
563 1862 655 1903 naves
684 1845 755 1901 tuae
783 1842 896 1902 fuimus
919 1843 1069 1918 nymphae
1092 1841 1184 1901 maris

165 1951 268 1993 sumus
291 1933 419 1993 effectae.
465 1933 497 1991 in
520 1932 678 2010 perspicua
701 1932 848 1992 brevitate
871 1935 971 1992 totum
995 1932 1108 1990 dictum
1131 1933 1184 1991 est.

165 2022 217 2083 sed
248 2022 367 2099 quando
396 2023 514 2082 Aeneas
543 2021 576 2082 id
606 2022 740 2082 crederet
765 2021 830 2081 fieri
853 2024 999 2100 potuisse,
1029 2021 1088 2080 nisi
1117 2019 1185 2080 sub·

164 2116 267 2173 secuta
281 2115 380 2173 cetera
393 2114 582 2191 ignorantem
595 2112 767 2172 docuissent
779 2114 899 2171 tantum
912 2112 1042 2170 numinis
1056 2110 1185 2171 valuisse

118 2224 146 2262 ao
165 2202 347 2281 potentiam,
379 2205 415 2261 ut
446 2202 588 2278 possibile
619 2202 704 2261 fieret
734 2202 814 2277 quod
845 2203 978 2261 humana
1009 2218 1093 2259 mens
1125 2219 1185 2258 non

166 2292 290 2351 auderet
313 2290 491 2351 admittere?
536 2309 590 2350 nos
620 2309 724 2351 sumus
754 2290 862 2350 Idaeae
892 2309 976 2351 sacro
1007 2290 1044 2347 de
1074 2290 1185 2347 vertice

165 2382 268 2457 pinus,
290 2400 369 2439 nunc
392 2381 493 2458 pelagi
515 2382 679 2457 nymphae,
703 2380 807 2440 classis
829 2383 896 2439 tua:
920 2378 1001 2456 quod
1023 2378 1186 2437 secundum

167 2470 226 2529 dici
250 2473 429 2529 convenerat
447 2470 550 2546 posuit
571 2472 697 2529 tertium
719 2472 750 2529 et
773 2468 854 2545 quod
876 2468 999 2527 tertium
1022 2465 1186 2525 secundum

167 2559 331 2635 ordinavit,
349 2579 421 2619 nam
438 2559 535 2635 primo
554 2559 676 2619 arbores
695 2559 829 2633 fuerant,
848 2576 939 2617 naves
958 2558 1076 2633 postea,
1095 2554 1185 2614 tertio

119 2667 147 2707 se
166 2650 232 2708 loeo
255 2650 418 2725 nymphae;
441 2648 547 2707 sedin
569 2649 626 2707 hac
649 2646 838 2708 ordinatione
861 2665 921 2704 non
949 2646 1062 2704 erravit
1088 2646 1186 2720 poeta.

166 2738 351 2814 splendidius
383 2739 493 2814 quippe
521 2737 618 2797 voluit
646 2737 731 2813 loqui
759 2755 813 2795 nec
840 2734 1058 2795 ordinationem
1089 2733 1187 2809 ipsam

167 2827 316 2903 loquendo
335 2827 478 2886 confudit.
509 2826 589 2903 quod
608 2827 688 2885 enim
706 2825 783 2884 dixit
801 2824 920 2884 arbores
934 2824 1046 2882 fuimus
1065 2823 1188 2897 dudum,

167 2935 246 2975 nunc
274 2917 424 2993 nymphae
454 2934 558 2975 sumus
588 2916 709 2975 effectae
739 2933 815 2991 quae
844 2913 957 2972 fuimus
986 2931 1078 2972 naves
1107 2913 1188 2987 tuae,

168 3007 302 3065 ornatius
322 3006 501 3065 dictumest
521 3023 611 3081 quam
630 3006 657 3064 si
675 3006 786 3063 diceret
805 3002 924 3062 arbores
943 3004 1064 3077 fuimus,
1082 3000 1188 3061 dehinc

120 3113 149 3153 eo
167 3114 273 3170 naves,
309 3098 459 3172 postremo
496 3095 655 3171 nymphae.
711 3095 770 3154 duo
803 3110 881 3170 quae
913 3092 1031 3152 Aeneas
1063 3093 1189 3151 noverat

241 3306 315 3355 lest
332 3307 357 3355 et
370 3300 422 3354 VR
442 3306 468 3355 et
485 3317 539 3355 orn.
558 3300 602 3355 ed.
665 3300 786 3369 cipiluue
803 3297 862 3352 Vlt.
936 3298 1189 3366 tduplicatioocm

167 3371 220 3424 VR
243 3388 312 3426 corr.
332 3371 375 3426 ed.
453 3376 469 3425 8
492 3374 611 3426 incertae
707 3377 781 3425 ·tam
804 3370 846 3424 ed.
926 3374 959 3423 10
982 3370 1135 3439 yubcrceae
1154 3366 1188 3421 V.

170 3449 203 3497 12
227 3443 379 3512 lowereuu
397 3443 423 3496 R
446 3444 618 3512 aequumne
640 3442 671 3496 in
694 3457 748 3496 rae.
764 3440 797 3496 V.
827 3441 830 3514 l
864 3443 925 3510 ipso
947 3446 973 3495 et
991 3439 1042 3493 VR
1064 3440 1126 3508 ipso
1145 3437 1187 3493 ed.

169 3520 203 3569 13
222 3515 299 3569 ideae
316 3514 350 3568 It.
423 3519 457 3568 15
476 3516 581 3585 nyssae
597 3512 628 3567 V.
702 3517 736 3566 18
754 3514 816 3581 fieri
832 3514 953 3581 potuisse
971 3512 997 3564 R
1019 3512 1094 3578 fueri
1107 3516 1189 3578 potec-

167 3589 232 3641 essa
249 3585 281 3639 V.
355 3591 388 3638 22
407 3585 519 3655 paodV
537 3602 589 3654 qao
608 3586 634 3637 R
652 3601 706 3638 om.
722 3585 765 3640 ed.
794 3584 798 3657 l
825 3583 956 3639 seuva
975 3582 1018 3638 ed.
1041 3581 1193 3637 secudum

167 3674 228 3711 noe.
284 3662 318 3711 23
336 3657 394 3711 dici
407 3656 458 3710 VR
475 3657 502 3711 d.
516 3659 641 3727 primm
659 3656 704 3713 ed.
763 3661 796 3711 ‘rt
819 3654 958 3727 qutavu
975 3654 1024 3708 eh.
1042 3652 1120 3721 camd
1137 3665 1216 3701 eou-

169 3729 211 3782 ed.
227 3730 300 3793 post.
374 3732 410 3781 29
426 3730 455 3783 ei
470 3746 524 3785 om.
541 3729 627 3788 Ved.
656 3730 661 3808 Ι
694 3732 801 3791 diceret
810 3730 872 3787 vu
888 3730 986 3787 dicere
1005 3732 1033 3780 ct
1050 3723 1104 3778 ed.

1020 3830 1079 3886 Ἃ*
