2725 4150
204 353 271 416 610
492 347 632 403 ΒΟΝΑΤΙ
648 345 819 403 INTERPR.
832 346 942 402 Vnae.

203 518 305 577 cerae:
333 517 478 595 quicquid
500 516 647 577 volvendo
669 516 823 576 tractabat
844 517 942 574 totum
966 515 1126 576 contrariis
1148 518 1228 574 trao-

203 607 317 666 tatibus
343 606 528 666 efficiebatur
551 605 675 665 infirme.
715 606 783 665 huie
802 606 976 680 Messapus,
999 605 1044 664 cti
1064 605 1151 664 laeve
1169 605 1229 664 diro

141 697 276 769 leoforte
291 697 410 770 prebat
427 696 506 755 lenta
523 696 595 754 levis
612 713 703 754 eursu
714 697 856 768 praelixa
872 695 994 753 hostilio
1009 695 1098 767 ferro,
1122 694 1229 754 unua

202 804 296 844 ccum
314 790 388 844 certe
411 789 600 857 wewroucae
618 785 720 859 diripit
736 786 809 843 ictu:
831 784 986 861 Messapus
1006 785 1126 843 Aeneae
1149 783 1228 843 forte

202 876 267 933 loco
285 873 439 951 proximus
452 875 525 932 fuit:
543 874 613 933 hnic
632 893 668 933 ex
683 873 799 934 duobus
817 873 937 932 ferratis
951 872 1113 932 hastilibus
1131 892 1228 932 unum
1259 888 1265 927 r

203 967 282 1024 certo
305 965 370 1023 ictu
392 963 547 1023 contorsit.
579 965 676 1022 certus
694 962 772 1023 ictus
791 963 908 1038 estqui
930 961 974 1022 sic
992 961 1170 1038 destinatur,
1193 965 1228 1022 ut

202 1053 301 1112 feriat.
332 1053 460 1111 substitit
481 1050 599 1111 Aeneas
622 1057 702 1111 etse
728 1052 839 1126 cellepit
864 1053 898 1110 ie
920 1069 1008 1111 mmo
1024 1052 1138 1125 poplite
1159 1052 1226 1110 aa·

202 1143 315 1200 sidem:
341 1142 398 1200 hoc
421 1141 494 1201 artis
517 1141 628 1213 fuerat,
656 1145 693 1200 ut
719 1141 896 1199 funderetur
916 1142 995 1200 ictus
1018 1159 1109 1218 quem
1130 1141 1226 1200 hostis

202 1231 351 1289 direxerat
368 1232 490 1289 certum.
527 1229 670 1305 subsedit,
688 1230 798 1306 inquit,
820 1230 935 1307 poplite
954 1233 1033 1289 etse
1053 1231 1139 1290 scuto
1158 1248 1226 1289 con-

201 1320 290 1394 texit,
312 1320 363 1378 ille
382 1319 461 1379 enirn
480 1318 572 1379 altius
590 1321 728 1395 miserat,
750 1323 787 1379 ut
805 1322 898 1396 eaput
914 1320 1019 1378 feriret
1041 1320 1095 1378 aut
1112 1322 1227 1395 pectus,
1247 1336 1265 1376 n

202 1412 245 1484 et,
269 1409 410 1490 quoniam
433 1428 488 1486 pro
510 1409 668 1469 voluntate
690 1409 785 1469 hostis
812 1409 942 1469 altitudo
968 1407 1101 1484 corporis
1125 1408 1228 1468 luerat

201 1498 380 1573 necessaria,
403 1498 547 1556 humilem
565 1517 596 1558 se
618 1498 705 1557 illes
728 1499 878 1558 contrario
897 1497 1079 1575 procuravit.
1113 1499 1229 1572 optem

201 1592 299 1647 tameo
321 1589 411 1646 incita
433 1605 581 1646 sermm
600 1588 688 1646 testo
705 1588 784 1646 tulit:
807 1605 873 1647 ecce
895 1589 942 1647 vis
964 1587 1113 1646 mittentis
1137 1589 1228 1646 etex

201 1677 262 1735 alia
284 1680 370 1754 parte
390 1677 566 1737 declinantis
589 1677 757 1755 ingenium3
780 1677 807 1735 si
825 1677 904 1735 enim
922 1680 1005 1736 stans
1024 1676 1229 1751 remansisset,

200 1766 365 1825 invenisset
386 1767 475 1825 hasta
496 1786 584 1842 quem
607 1768 765 1842 sterneret,
789 1766 870 1842 quod
892 1765 992 1842 ipsum
1014 1785 1050 1824 ex
1072 1784 1108 1824 eo
1132 1785 1228 1843 appa·
1247 1786 1265 1826 ιι

200 1856 275 1929 ruit,
309 1855 381 1932 quia
409 1857 442 1913 in
468 1854 537 1932 ipsa
563 1855 752 1931 depressione
780 1855 911 1931 eorporis
941 1855 1045 1933 galeae
1075 1873 1229 1915 summam

200 1943 333 2020 perdidit
360 1947 486 2020 partem.
527 1948 589 2003 tum
615 1961 683 2003 cero
712 1944 878 2018 udswrpwet
898 1945 977 2003 irae:
1005 1947 1071 2002 tum
1097 1945 1228 2005 veroid

201 2036 248 2093 est
270 2036 336 2093 tum
358 2034 455 2110 magis
478 2034 594 2093 irarum
616 2032 711 2094 crevit
733 2034 934 2113 augmentum.
964 2033 1140 2110 insidiisque
1158 2035 1228 2095 sul>-

202 2128 296 2191 edus,
329 2123 449 2182 furebat
480 2124 573 2195 enim,
610 2123 690 2200 quod
722 2125 880 2183 contrariis
911 2122 1065 2183 luderetur
1095 2123 1227 2200 insidiis,

139 2225 190 2273 495
201 2214 330 2271 dioeces
349 2214 401 2271 abi
419 2213 506 2271 sentit
522 2230 608 2287 eques
626 2230 800 2287 summaque
817 2214 935 2286 referri,
960 2212 1012 2271 ubi
1034 2212 1113 2272 vidit
1136 2214 1225 2273 alior-
1243 2230 1265 2271 a

201 2321 267 2361 sum
290 2302 360 2361 duci
382 2320 474 2378 equos
499 2305 530 2360 et
557 2320 691 2377 currum,
720 2303 814 2361 multo
835 2302 936 2360 locem
959 2306 986 2360 et
1008 2303 1081 2360 laesi
1103 2306 1226 2363 testatis

199 2392 325 2463 foedeis
343 2408 416 2450 aras
437 2392 500 2449 iam
518 2391 636 2450 medem
652 2392 769 2451 incedit
785 2392 895 2450 media
917 2388 961 2466 [ct
978 2392 1080 2449 Marte
1097 2392 1225 2451 seeundo

200 2478 366 2555 terribilisJ:
400 2484 523 2557 propter
551 2480 640 2539 fidem
677 2480 872 2542 iu1isiurandi
904 2480 984 2557 quod
1020 2499 1088 2539 cum
1112 2479 1223 2541 Latino

200 2570 365 2645 perfecerat
393 2570 490 2628 solum
520 2570 682 2646 quaerebat
709 2571 858 2644 Turnum,
889 2589 977 2648 quem
1005 2570 1069 2628 sine
1099 2569 1222 2629 crimine

200 2659 351 2736 sacrilegii
369 2662 472 2734 posset
490 2659 635 2719 occidere:
659 2660 712 2719 sed
730 2679 797 2718 cum
813 2661 929 2719 videret
947 2659 1004 2718 sibi
1021 2658 1085 2718 eins
1104 2661 1258 2736 copiama

200 2747 350 2825 denegari,
368 2750 496 2807 testatus
515 2747 618 2808 Iovem
636 2752 667 2808 et
685 2752 798 2807 eeteros
816 2748 887 2807 deos
905 2768 959 2823 per
977 2767 1052 2825 qnos
1069 2751 1222 2809 iuraverat

200 2855 231 2895 se
258 2837 290 2894 in
317 2835 427 2895 bellum
454 2840 630 2898 necessitate
652 2836 754 2913 potius
783 2855 874 2912 qnam
900 2837 1056 2896 voluntate
1084 2837 1221 2915 conpelli,

199 2927 312 2985 invasit
334 2927 456 2985 tandem
478 2926 601 2986 medios.
632 2925 755 2985 tandem
776 2924 855 2997 ideo,
883 2927 956 2999 quia
978 2926 1030 2985 diu
1053 2928 1221 3003 expectavit

200 3035 236 3073 ne
255 3015 322 3075 finis
341 3016 413 3074 belli
425 3036 480 3091 per
494 3015 590 3075 Turni
602 3015 695 3074 solius
709 3032 810 3072 necem
824 3014 973 3088 potuisset
986 3018 1074 3075 exire.
1097 3017 1220 3090 medios,

199 3104 312 3180 inquit,
335 3104 464 3165 secundo
487 3105 583 3163 Marte
604 3103 724 3164 invadit
745 3101 901 3161 terribilis:
924 3123 1034 3181 magna
1057 3105 1116 3164 viri
1134 3106 1220 3172 fortis
1236 3121 1257 3162 ec

200 3194 382 3253 constantia!
414 3212 474 3252 non
497 3193 648 3253 dubitavit
669 3190 783 3251 medios
810 3191 951 3251 invadere
973 3195 1027 3252 ubi
1055 3214 1072 3253 a
1096 3196 1219 3256 circum-

200 3284 273 3342 fusis
296 3285 399 3359 posset
420 3282 560 3358 interfici3
583 3300 649 3342 ecce
672 3285 704 3341 et
725 3280 853 3341 feliciter
870 3285 987 3360 pugnat
1010 3284 1141 3345 vallatus
1164 3286 1220 3345 ini-

204 3396 418 3403 .-.-—-—.

272 3460 287 3505 2
307 3451 454 3520 infirmeV
468 3469 533 3506 -eon
551 3451 594 3505 ed.
668 3452 799 3506 thoraca
816 3470 904 3507 uuum
922 3468 975 3506 om.
990 3453 1023 3508 V.
1092 3456 1222 3522 Ssuerot

199 3532 230 3578 at
254 3525 416 3589 sandow
436 3522 461 3575 V
484 3529 544 3577 erat
567 3528 599 3576 at
620 3522 760 3578 incassum
781 3523 803 3590 f.
827 3523 870 3578 ed.
897 3525 1034 3590 (fcaduet
1059 3526 1102 3579 ed.
1126 3529 1220 3598 post).

192 3601 210 3648 9
235 3597 351 3652 deterat
376 3594 420 3650 ed.
495 3599 528 3648 12
552 3610 566 3649 c
589 3609 643 3647 orn.
664 3594 708 3649 ed.
782 3600 815 3647 22
841 3597 1049 3650 iam-medios
1072 3614 1123 3650 0111.
1148 3598 1193 3653 ed.
1216 3600 1219 3668 l

180 3675 255 3721 el-
273 3676 310 3726 23
331 3669 472 3728 terridtle‘s
496 3668 579 3726 deest
602 3665 634 3722 'm
650 3664 689 3736 V,
710 3665 762 3721 aad
783 3666 957 3736 explicator,
973 3667 1031 3719 linc
1054 3668 1130 3719 intre.
1154 3673 1223 3735 post

170 3742 285 3799 medios
303 3745 363 3817 (28)
385 3743 454 3801 add.
473 3743 518 3802 ed.
596 3745 634 3799 28
653 3740 765 3799 incedit
783 3738 830 3794 od.
