2725 4150
545 323 809 379 uuaumosvin
1127 329 1188 394 121

166 493 342 571 prolixitate
361 493 563 569 suspenderet.
595 490 729 553 Arcades
750 494 797 551 ais
819 495 888 562 oris,
905 511 999 568 aereas
1017 513 1036 553 a
1054 495 1191 554 Pallante

163 584 338 663 profectam,
363 584 414 655 qai
435 600 532 657 repeat
553 582 736 642 Euandrum
758 584 881 651 comites,
905 585 956 656 qai
978 585 1065 658 eiam
1091 586 1189 650 111111,

168 673 296 747 detepere
319 673 414 732 locam
433 677 459 730 et
473 689 599 746 poscere
616 672 649 730 ia
667 673 814 731 1111111111
831 673 942 741 arban,
960 673 1108 731 Pallantis
1121 690 1185 747 pro·

168 764 219 822 aad
242 762 277 819 de
299 762 416 819 nomiae
438 762 635 820 Pallanteum.
666 761 698 818 la'
721 761 827 820 bellam
850 762 975 821 adsidue
997 762 1108 820 ducant
1125 774 1235 824 11111

135 855 250 926 specte
272 850 395 910 Latara.
440 851 492 909 laos
520 851 625 909 castris
652 850 758 909 adhibe
784 851 876 909 socios
900 855 927 909 et
947 852 1067 925 foedera
1089 852 1191 925 lanae:

167 940 349 1018 promiserat
368 959 398 1000 se
417 939 521 1015 paucis
541 958 604 999 esse
625 939 776 998 dictamum
795 942 826 998 et
843 940 899 999 hoo
917 942 1026 1014 tenuit,
1049 939 1102 999 sed
1124 940 1191 1015 ipsa

167 1047 266 1107 pauca
288 1029 386 1087 latum
408 1028 521 1088 habent
542 1028 742 1103 intellectum3
765 1048 835 1087 nam
858 1029 935 1088 nihil
958 1029 994 1088 de
1017 1030 1191 1089 necessariis

167 1118 385 1196 praetermisit,
408 1120 444 1177 ut
466 1119 564 1177 solent
588 1117 704 1177 efficere
727 1119 780 1193 qui
798 1119 964 1195 conpendio
983 1119 1106 1178 student
1123 1137 1191 1178 eon·

168 1207 269 1268 stricti
287 1207 439 1267 sermonis.
469 1207 546 1266 dixit
564 1206 643 1265 enim
662 1226 767 1285 genus,
780 1226 888 1267 nomen
902 1213 932 1268 et
946 1209 1025 1268 unde
1040 1208 1193 1267 videretur

122 1316 149 1357 ro
168 1298 376 1373 adsumptum,
408 1316 498 1373 quem
527 1296 623 1356 secuti
652 1299 846 1355 noscerentur
878 1300 909 1356 et
940 1318 1031 1373 quam
1063 1298 1192 1373 proximi

167 1389 276 1461 essent,
295 1405 331 1444 ne
350 1386 450 1445 taedio
469 1385 589 1445 Aeneae
608 1386 687 1444 foret
703 1386 761 1444 tali
778 1388 912 1461 tempore
935 1387 1101 1464 longinqua
1123 1406 1191 1463 pro·

167 1477 273 1554 sectio,
302 1475 419 1551 aperuit
446 1475 500 1533 ubi
527 1476 683 1535 civitatem
710 1474 914 1534 condidissent
940 1478 970 1534 et
997 1494 1058 1550 quo
1081 1494 1117 1533 ea
1139 1496 1191 1535 no·

167 1567 248 1624 mine
267 1568 424 1624 vocaretur
443 1567 473 1624 et
490 1566 523 1623 in
541 1564 625 1624 euius
644 1564 787 1623 honorem
809 1564 871 1623 tale
892 1564 1072 1624 vocabulum
1094 1584 1192 1623 meru-

167 1656 254 1729 isset,
290 1653 448 1730 praevenit
485 1672 555 1713 vero
592 1652 694 1713 omnia
727 1672 802 1728 quae
840 1653 953 1730 opponi
989 1673 1005 1711 e
1042 1655 1191 1713 contrario

121 1761 148 1801 11
168 1744 345 1820 potuissent.
402 1744 535 1803 dicturus
559 1744 672 1820 quippe
695 1741 766 1801 inde
788 1761 876 1818 posse
900 1741 1013 1801 auxilia
1036 1742 1191 1818 provenire

169 1833 323 1909 praecepit
336 1832 587 1909 desperationem
600 1834 703 1908 posset
717 1830 797 1889 enim
811 1832 871 1891 diei
884 1832 1023 1892 fortassis
1037 1852 1097 1891 non
1112 1832 1192 1905 dent,

171 1924 262 1997 atque
290 1922 357 1980 ideo
388 1921 465 1980 dixit
494 1922 555 1980 illis
582 1938 807 1997 nonnumquam
837 1940 905 1981 oum
928 1921 1046 1982 Latinis
1071 1940 1192 1981 causam

170 2010 303 2070 extitisse
335 2010 482 2086 bellandi,
514 2013 549 2068 ut
581 2010 699 2069 Aeneas
730 2010 836 2070 fideret
867 2013 955 2071 certis
988 2016 1020 2070 et
1052 2013 1090 2071 ad
1121 2013 1192 2081 illos

168 2104 363 2177 praesumpta
393 2100 558 2160 intentione
589 2101 794 2175 contenderet,
824 2101 929 2161 debere
958 2102 1028 2162 illos
1052 2104 1083 2161 et
1105 2121 1192 2178 posse

123 2207 150 2246 ao
169 2189 276 2249 castris
300 2190 438 2250 Troianis
469 2189 607 2267 adiungi,
637 2209 706 2249 cum
735 2191 821 2250 vetus
848 2191 1077 2250 inimicitiarum
1102 2209 1192 2250 causa

169 2279 355 2340 subsisteret.
386 2280 460 2338 haee
478 2279 600 2337 fuerunt
619 2278 706 2357 signa
723 2280 931 2339 instructionis
950 2300 1028 2356 quae
1052 2280 1193 2339 docerent

168 2368 359 2429 nescientem.
390 2368 501 2428 idcireo
515 2371 617 2427 autem
631 2368 708 2427 dixit
721 2367 852 2428 Arcades
867 2388 927 2427 non
946 2388 1008 2428 esse
1026 2367 1192 2446 indigenas,

168 2461 204 2518 ut
231 2458 327 2517 Italos
358 2457 527 2517 ostenderet
556 2475 678 2534 perosos
708 2456 818 2515 habere
848 2459 1020 2534 peregrinos
1050 2458 1080 2514 et
1110 2458 1191 2532 ipsos

169 2547 302 2606 Arcades
325 2546 544 2606 demonstraret
566 2548 670 2606 eontra
690 2547 822 2605 aemulos
847 2564 916 2605 suos
941 2565 1009 2604 eum
1027 2545 1192 2623 peregrinis

123 2650 257 2713 esposse
280 2635 380 2695 venire
403 2636 551 2695 Troianis.
597 2654 780 2711 consequens
804 2636 866 2694 ruit
888 2635 979 2693 etiam
1001 2635 1087 2693 illam
1110 2653 1194 2710 prae-

169 2727 271 2786 venire
289 2728 415 2802 partem,
433 2727 575 2801 quoniam
593 2745 689 2784 novus
708 2725 890 2801 perindeque
908 2723 1063 2802 incognita
1080 2723 1192 2783 habens

169 2815 310 2875 universa
333 2815 434 2891 potuit
453 2814 549 2872 dicere
568 2832 621 2873 nec
639 2815 775 2874 homines
794 2815 867 2873 novi
883 2832 937 2873 neo
955 2814 1022 2872 loca
1040 2832 1094 2872 nec
1112 2813 1194 2873 viam

171 2923 231 2980 qua
259 2903 333 2962 duce
362 2903 400 2962 ad
428 2922 478 2962 eos
508 2921 609 2962 secure
637 2904 819 2979 perveniam.
864 2904 927 2976 ipse
950 2920 999 2977 epo
1023 2908 1061 2972 le,
1084 2903 1193 2980 inquit,

169 2994 246 3065 ripis
269 2997 295 3051 et
316 2997 391 3050 reeta
414 2993 535 3063 placatae
558 2992 673 3059 decom,
698 2993 855 3052 adversam
878 2995 967 3052 remis
989 3010 1109 3066 sapaes
1127 2995 1194 3052 sab-

123 3095 152 3134 ao
170 3086 267 3140 ceolas
293 3086 326 3139 at
353 3099 483 3140 amnem:
514 3080 587 3140 dicit
618 3080 692 3156 quid
721 3082 775 3140 fiat
805 3084 835 3141 et
865 3082 1013 3157 quomodo
1043 3082 1111 3157 fiat3
1138 3083 1194 3140 hoe

171 3170 251 3229 enim
281 3170 476 3230 conveniebat
506 3170 606 3229 studio
637 3171 721 3247 pleni
750 3171 886 3230 fautoris.
937 3190 1006 3249 ego,
1028 3172 1141 3246 inquit,
1165 3174 1194 3228 te

170 3260 278 3318 ducam
301 3279 354 3336 per
377 3279 496 3318 amnem
518 3280 618 3318 meum
646 3260 703 3319 hoc
727 3260 900 3320 conlaturus
923 3259 1038 3319 meritis
1062 3260 1137 3333 tuis,
1159 3263 1196 3317 ut

243 3431 434 3497 lappellaate
452 3446 503 3498 pro
523 3447 541 3483 a
560 3429 691 3483 Pallante
704 3428 739 3483 V.
812 3435 828 3482 3
852 3430 969 3499 delipere
987 3428 1021 3481 V.
1095 3434 1112 3482 4
1131 3430 1195 3497 pal-

170 3501 272 3554 lantem
296 3517 347 3568 pro
371 3502 549 3556 Pallanteum
568 3499 601 3554 V.
677 3506 710 3554 16
730 3501 795 3554 dent
808 3499 834 3553 V
852 3502 932 3554 ibant
949 3500 993 3554 ed.
1073 3505 1106 3553 19
1132 3515 1195 3554 eoa·

169 3571 278 3625 tendere
304 3572 409 3627 deberet
436 3572 479 3627 ed.
506 3574 579 3640 post.
652 3572 715 3626 illoc
740 3573 766 3626 ei
788 3571 814 3624 V
836 3572 880 3624 ed.
908 3572 927 3624 i.
952 3572 1025 3625 caim
1053 3571 1096 3625 ed.
1122 3573 1194 3640 post.

170 3648 203 3696 21
227 3643 406 3711 paaeraatV
430 3650 509 3698 eruat
532 3643 576 3697 ed.
601 3600 717 3709 sacrant
738 3659 789 3697 nos
815 3642 954 3697 11110.
984 3643 987 3713 1
1022 3642 1127 3697 doceret
1151 3642 1195 3696 ed.

169 3719 205 3768 26
223 3730 306 3769 aoooa
320 3713 346 3767 V
365 3732 434 3769 corr.
454 3715 499 3770 ed.
525 3714 528 3785 1
557 3714 672 3783 perinde
692 3714 735 3768 ed.
809 3719 843 3767 29
862 3730 950 3770 remes
967 3712 1175 3785 1111111111
