2725 4150
545 332 799 388 mnemosvn
1139 336 1183 403 67·

160 504 304 561 iuvenum
326 505 356 561 te
380 500 516 580 exagitat
537 521 610 562 cura
632 505 675 578 et,
699 520 767 562 cum
790 501 831 562 sis
852 505 936 562 vates
954 503 1135 580 templisque
1153 506 1183 563 te

159 590 331 651 dedicatam
353 608 416 650 esse
439 591 610 667 conveniat,
632 592 680 651 vis
703 591 779 651 scire
802 591 876 667 quid
896 594 1062 669 pugnaturi
1081 596 1184 671 agant,

159 680 235 756 quid
259 680 371 740 armati
391 679 561 756 disponant.
599 698 671 740 earn
695 681 748 740 titi
770 681 871 740 dianna
894 682 1007 756 efytpa‘es
1029 683 1185 756 attempta

158 769 250 829 tueri:
281 769 477 845 repetendum
505 772 552 830 est
580 769 638 828 tibi
667 769 814 846 officium,
844 769 924 845 quod
951 770 1073 830 incauta
1101 771 1182 832 dese·

131 858 263 934 eruisti,
291 877 384 919 serva.
401 858 525 919 deorum
548 859 661 937 effigies
685 861 717 918 et
738 861 897 919 numinum
918 860 1033 937 templa
1055 861 1182 920 custodi.

158 949 236 1008 bella
262 948 322 1006 atri
342 965 503 1022 pacemque
522 952 630 1023 pereat,
654 949 721 1021 qais
744 949 819 1008 tella
839 949 983 1023 peranda:
1013 948 1065 1008 ille
1093 948 1183 1010 debet

157 1036 394 1098 sollicitudinem
415 1040 545 1097 tractare
568 1039 653 1115 pacis
676 1056 711 1097 aa
733 1037 806 1096 belli
829 1039 884 1114 qui
906 1038 1049 1099 dimicare
1069 1038 1183 1098 sufficit

158 1129 190 1186 et
211 1145 319 1202 pacem
340 1125 453 1186 virtute
476 1145 651 1203 conponere.

231 1215 356 1276 Talibus
373 1215 485 1276 Allecto
508 1217 592 1275 dietis
616 1216 727 1275 enercit
747 1216 781 1274 in
802 1216 882 1276 tras:
913 1219 1059 1294 accepta,
1072 1216 1182 1294 inquit,
1191 1225 1243 1275 445

116 1319 140 1359 a
156 1304 269 1365 talium
298 1305 447 1364 dictorum
477 1304 589 1364 iniuria
618 1304 736 1364 Allecto
765 1305 848 1365 faeta
878 1308 924 1366 est
951 1309 1075 1383 repente
1105 1326 1181 1384 quae

156 1395 232 1470 fuit,
255 1413 316 1454 non
339 1394 419 1453 enim
438 1394 561 1454 difficile
579 1395 761 1454 commoveri
778 1396 879 1471 potuit
895 1394 928 1453 in
948 1415 1008 1472 qua
1027 1399 1182 1473 supererat

157 1483 240 1560 quod
269 1484 374 1560 quieta
403 1483 568 1561 perturbat.
615 1487 647 1542 at
674 1485 775 1543 tacent
804 1485 902 1542 oranti
930 1486 1045 1543 subitas
1075 1488 1182 1544 trernar

156 1576 280 1646 ocaapnt
297 1576 396 1632 antas:
424 1591 491 1632 cum
513 1573 587 1633 haec
610 1572 736 1632 dixisset
759 1573 891 1647 Turnus,
914 1573 1018 1632 eodem
1036 1573 1180 1650 temporis

155 1665 270 1738 puncto
303 1661 483 1721 contremuit
514 1665 545 1722 et
576 1661 614 1721 ab
643 1661 796 1722 iniuriosis
823 1662 947 1722 vocibus
975 1662 1014 1722 ad
1042 1662 1181 1739 depreoa·
1241 1703 1245 1710 -

113 1765 138 1805 1s
155 1752 272 1810 tionem
301 1770 461 1811 conversus
488 1771 595 1830 rogare
623 1753 722 1828 coepit
748 1751 867 1811 iratam.
913 1752 1063 1826 denpaere
1090 1752 1181 1811 ocati:

155 1859 252 1924 usque
276 1839 351 1900 adeo
373 1841 550 1917 perterritis
573 1841 646 1913 tuit,
664 1842 701 1900 ut
718 1840 799 1900 oculi
817 1842 881 1900 eius
900 1842 1035 1920 vigorem
1056 1841 1181 1901 solitum

154 1929 364 2006 perdidissent.
411 1933 450 1988 tot
471 1930 585 2004 Erinys
614 1931 716 1988 sibilat
743 1930 860 2004 hydris:
891 1949 980 2007 quem
1011 1931 1090 1990 enim
1119 1950 1180 1990 non

154 2022 283 2079 terreret
311 2021 467 2079 tantorum
496 2019 660 2079 multitudo
690 2019 886 2098 serpentium,
915 2039 991 2098 quae
1013 2020 1180 2081 minacibus

154 2108 252 2168 sibilis
275 2128 438 2187 personans
460 2109 636 2169 turbaverat
657 2109 846 2169 intuentem?
882 2114 1021 2183 tantaque
1038 2127 1070 2169 se
1087 2111 1181 2184 factes

109 2216 136 2256 aa
155 2200 268 2272 aperit;
290 2199 462 2258 crescebant
484 2218 560 2275 quae
583 2199 746 2257 metuentis
767 2198 958 2258 formidinem
977 2201 1179 2259 cumularent:

154 2292 217 2347 tam
246 2289 385 2359 flamnea
414 2292 550 2360 araneas
580 2289 695 2346 lamina
723 2293 906 2347 cunctantem
939 2292 965 2347 et
995 2293 1180 2361 quaerentem

154 2377 250 2436 dicere
272 2377 367 2451 plara
393 2378 534 2452 reppulit:
566 2378 674 2454 incipit
701 2396 846 2454 exponere
872 2377 945 2453 quid
967 2377 1009 2436 sit
1031 2380 1178 2453 tantaque
1188 2386 1241 2436 450

153 2484 185 2526 se
207 2465 301 2526 facies
325 2468 431 2545 aperit.
467 2469 545 2542 tum,
568 2467 625 2526 hoc
649 2468 696 2526 est
718 2466 837 2541 deinde,
861 2484 928 2525 cum
951 2466 1045 2525 oculis
1069 2466 1177 2525 Famae

154 2556 343 2615 emitteretur
365 2556 549 2631 incendium,
572 2575 639 2615 oum
664 2556 738 2631 quid
759 2554 933 2615 iracundiae
953 2558 1070 2631 gereret
1088 2557 1178 2615 tortis

109 2660 135 2703 ae
152 2646 186 2703 in
215 2663 391 2722 perversum
421 2645 515 2704 oculis
544 2647 719 2719 testaretur,
751 2645 887 2703 orantem
913 2644 1047 2720 reppulit
1074 2646 1105 2703 et
1128 2664 1177 2704 vs·

151 2733 376 2795 hementissime
401 2735 611 2811 deprecantem
634 2733 785 2793 trudendo
808 2732 990 2810 conpescuit.
1033 2734 1178 2808 penninos·

152 2840 207 2897 qne
231 2824 322 2882 erexit
344 2824 475 2882 crinitas
498 2825 617 2897 anquis,
642 2841 718 2899 quos
740 2822 847 2881 habuit
869 2822 902 2881 in
919 2821 974 2881 illa
992 2824 1178 2899 serpentium

151 2912 244 2972 turba
273 2913 420 2988 potiores,
448 2914 625 2985 verberaque
655 2913 798 2981 insonuit,
828 2911 861 2970 id
889 2914 935 2971 est
960 2912 1082 2991 flagella
1109 2932 1177 2973 con·

152 3002 259 3076 cussit,
286 3003 323 3059 ut
344 3001 500 3061 verberato
524 3020 591 3061 aere
614 3001 689 3077 quid
711 3002 777 3078 pati
800 3000 948 3077 potuisset
969 3001 1034 3079 ipse
1058 3004 1176 3063 Turnus

108 3107 135 3147 ao
152 3090 331 3151 adverteret.
371 3091 531 3163 rabidoque
553 3091 624 3149 naec
646 3090 763 3149 addidit
784 3108 847 3150 ore:
879 3110 947 3150 oum
968 3092 1176 3152 commotionis

151 3198 224 3240 suae
247 3182 295 3239 tot
318 3180 406 3258 signa
427 3178 622 3256 prodidisset,
645 3180 872 3240 convenientem
893 3180 990 3240 iratae
1011 3199 1176 3241 sermonem

225 3368 329 3436 tqaa'd
346 3370 449 3423 aranti
466 3368 493 3422 V
510 3369 609 3437 qnidoe
627 3386 653 3422 a.
673 3368 717 3423 ed.
788 3369 868 3423 telle
887 3369 964 3436 (allae
981 3367 1093 3436 V)-8
1112 3384 1175 3421 con-

146 3456 252 3508 ponere
270 3456 325 3493 om
340 3438 384 3493 ed.
444 3445 459 3492 9
478 3440 691 3494 talibas-iras
709 3456 763 3494 om,
778 3439 822 3494 ed.
883 3445 915 3491 11
935 3440 1084 3505 diffiealter
1103 3438 1146 3492 ed.
1168 3439 1172 3511 Ι

150 3528 256 3579 semper
274 3517 335 3565 erat
352 3511 395 3564 ed.
470 3517 502 3564 12
520 3512 693 3578 pennrbaret
711 3510 755 3565 ed.
781 3510 784 3582 l
810 3510 916 3564 orantis
933 3507 967 3563 V.
994 3509 997 3581 t
1022 3511 1112 3564 sabito
1129 3510 1174 3565 ed.

151 3588 186 3636 14
205 3583 241 3636 ab
260 3598 314 3636 om.
329 3581 373 3636 ed.
429 3587 461 3636 17
480 3588 533 3637 tote
551 3583 622 3635 einis
639 3583 741 3653 sybilla
759 3581 867 3654 thyaris
879 3579 914 3634 V.
968 3585 1003 3635 is
1022 3588 1182 3650 serpentum

150 3655 191 3721 (et
208 3652 294 3719 infra)
316 3654 357 3706 ed.
431 3659 466 3707 26
484 3654 662 3725 penanosqae
685 3674 739 3728 pro
764 3662 790 3714 et
815 3655 939 3729 penninos
957 3652 1128 3725 Verginii
1151 3651 1201 3705 aa.

140 3728 178 3772 30
190 3722 345 3787 'worm
362 3726 461 3777 contra
478 3726 602 3798 interpr,
619 3728 655 3788 V.

1020 3836 1062 3894 b*
