<?xml version="1.0" encoding="UTF-8"?>
<!DOCTYPE html PUBLIC "-//W3C//DTD XHTML 1.0 Transitional//EN"
    "http://www.w3.org/TR/xhtml1/DTD/xhtml1-transitional.dtd">
<html xmlns="http://www.w3.org/1999/xhtml" xml:lang="en" lang="en">
 <head>
  <title>
</title>
<meta http-equiv="Content-Type" content="text/html;charset=utf-8" />
  <meta name='ocr-system' content='tesseract 3.04.00' />
  <meta name='ocr-capabilities' content='ocr_page ocr_carea ocr_par ocr_line ocrx_word'/>
</head>
<body>
  <div class='ocr_page' id='page_1' title='image "./tibericlaudidon00georgoog_0487.png"; bbox 0 0 2725 4150; ppageno 0'>
   <div class='ocr_carea' id='block_1_1' title="bbox 184 310 924 380">
    <p class='ocr_par' dir='ltr' id='par_1_1' title="bbox 184 310 924 380">
     <span class='ocr_line' id='line_1_1' title="bbox 184 310 924 380; baseline -0.005 -11"><span class='ocrx_word' id='word_1_1' title='bbox 184 313 251 380; x_wconf 84' lang='lat'>466</span> <span class='ocrx_word' id='word_1_2' title='bbox 470 310 611 368; x_wconf 82' lang='lat' dir='ltr'>DONATI</span> <span class='ocrx_word' id='word_1_3' title='bbox 629 310 799 366; x_wconf 79' lang='lat' dir='ltr'>INTERPR.</span> <span class='ocrx_word' id='word_1_4' title='bbox 815 310 924 366; x_wconf 76' lang='lat' dir='ltr'>Vnus.</span> 
     </span>
    </p>
   </div>
   <div class='ocr_carea' id='block_1_2' title="bbox 181 478 1258 3421">
    <p class='ocr_par' dir='ltr' id='par_1_2' title="bbox 181 478 1258 3421">
     <span class='ocr_line' id='line_1_2' title="bbox 183 478 1212 559; baseline -0.001 -18"><span class='ocrx_word' id='word_1_5' title='bbox 183 478 347 557; x_wconf 82' lang='lat' dir='ltr'>instructa3</span> <span class='ocrx_word' id='word_1_6' title='bbox 368 480 459 559; x_wconf 79' lang='lat' dir='ltr'>fingit</span> <span class='ocrx_word' id='word_1_7' title='bbox 475 483 555 539; x_wconf 91' lang='lat' dir='ltr'>enim</span> <span class='ocrx_word' id='word_1_8' title='bbox 573 498 604 540; x_wconf 92' lang='lat' dir='ltr'>se</span> <span class='ocrx_word' id='word_1_9' title='bbox 622 483 756 541; x_wconf 86' lang='lat' dir='ltr'>me&#39;tnere</span> <span class='ocrx_word' id='word_1_10' title='bbox 774 483 805 541; x_wconf 90' lang='lat' dir='ltr'>et</span> <span class='ocrx_word' id='word_1_11' title='bbox 823 499 942 540; x_wconf 91' lang='lat' dir='ltr'>omnem</span> <span class='ocrx_word' id='word_1_12' title='bbox 959 479 992 538; x_wconf 92' lang='lat' dir='ltr'>in</span> <span class='ocrx_word' id='word_1_13' title='bbox 1010 480 1146 539; x_wconf 82' lang='lat' dir='ltr'>Turnum</span> <span class='ocrx_word' id='word_1_14' title='bbox 1163 481 1212 540; x_wconf 92' lang='lat' dir='ltr'>in·</span> 
     </span>
     <span class='ocr_line' id='line_1_3' title="bbox 183 568 1213 648; baseline 0.002 -19"><span class='ocrx_word' id='word_1_15' title='bbox 183 570 300 630; x_wconf 78' lang='lat' dir='ltr'>sidiam</span> <span class='ocrx_word' id='word_1_16' title='bbox 327 571 463 648; x_wconf 85' lang='lat' dir='ltr'>congerit</span> <span class='ocrx_word' id='word_1_17' title='bbox 487 589 614 646; x_wconf 87' lang='lat' dir='ltr'>eumque</span> <span class='ocrx_word' id='word_1_18' title='bbox 641 588 710 629; x_wconf 94' lang='lat' dir='ltr'>eum</span> <span class='ocrx_word' id='word_1_19' title='bbox 737 569 850 630; x_wconf 88' lang='lat' dir='ltr'>adserit</span> <span class='ocrx_word' id='word_1_20' title='bbox 875 568 1040 646; x_wconf 81' lang='lat' dir='ltr'>plurimum</span> <span class='ocrx_word' id='word_1_21' title='bbox 1062 588 1150 648; x_wconf 89' lang='lat' dir='ltr'>posse</span> <span class='ocrx_word' id='word_1_22' title='bbox 1180 575 1213 631; x_wconf 89' lang='lat' dir='ltr'>et</span> 
     </span>
     <span class='ocr_line' id='line_1_4' title="bbox 184 658 1212 736; baseline 0.001 -18"><span class='ocrx_word' id='word_1_23' title='bbox 184 658 223 718; x_wconf 92' lang='lat' dir='ltr'><strong>ab</strong></span> <span class='ocrx_word' id='word_1_24' title='bbox 246 659 385 719; x_wconf 87' lang='lat' dir='ltr'>omnibus</span> <span class='ocrx_word' id='word_1_25' title='bbox 406 659 515 734; x_wconf 79' lang='lat' dir='ltr'>metui,</span> <span class='ocrx_word' id='word_1_26' title='bbox 538 659 609 718; x_wconf 89' lang='lat' dir='ltr'>odia</span> <span class='ocrx_word' id='word_1_27' title='bbox 632 659 660 719; x_wconf 91' lang='lat' dir='ltr'>si</span> <span class='ocrx_word' id='word_1_28' title='bbox 682 658 799 719; x_wconf 88' lang='lat' dir='ltr'>maiora</span> <span class='ocrx_word' id='word_1_29' title='bbox 821 658 979 736; x_wconf 83' lang='lat' dir='ltr'>conquirit</span> <span class='ocrx_word' id='word_1_30' title='bbox 1012 658 1076 734; x_wconf 88' lang='lat' dir='ltr'>det,</span> <span class='ocrx_word' id='word_1_31' title='bbox 1098 658 1212 736; x_wconf 82' lang='lat' dir='ltr'>inquit,</span> 
     </span>
     <span class='ocr_line' id='line_1_5' title="bbox 183 747 1213 826; baseline 0.002 -19"><span class='ocrx_word' id='word_1_32' title='bbox 183 748 354 809; x_wconf 87' lang='lat' dir='ltr'>libertatem</span> <span class='ocrx_word' id='word_1_33' title='bbox 377 747 462 806; x_wconf 89' lang='lat' dir='ltr'>fandi</span> <span class='ocrx_word' id='word_1_34' title='bbox 483 748 633 825; x_wconf 90' lang='lat' dir='ltr'>flatusque</span> <span class='ocrx_word' id='word_1_35' title='bbox 661 748 810 823; x_wconf 79' lang='lat' dir='ltr'>remittat,</span> <span class='ocrx_word' id='word_1_36' title='bbox 840 748 929 826; x_wconf 81' lang='lat' dir='ltr'><strong>quasi</strong></span> <span class='ocrx_word' id='word_1_37' title='bbox 954 748 1033 807; x_wconf 93' lang='lat' dir='ltr'>nulli</span> <span class='ocrx_word' id='word_1_38' title='bbox 1054 750 1101 808; x_wconf 84' lang='lat' dir='ltr'>fas</span> <span class='ocrx_word' id='word_1_39' title='bbox 1130 753 1213 810; x_wconf 85' lang='lat' dir='ltr'>esset</span> 
     </span>
     <span class='ocr_line' id='line_1_6' title="bbox 182 836 1258 916; baseline 0 -20"><span class='ocrx_word' id='word_1_40' title='bbox 182 838 268 916; x_wconf 91' lang='lat' dir='ltr'>loqui</span> <span class='ocrx_word' id='word_1_41' title='bbox 286 838 340 898; x_wconf 91' lang='lat' dir='ltr'>aut</span> <span class='ocrx_word' id='word_1_42' title='bbox 358 837 499 897; x_wconf 88' lang='lat' dir='ltr'>anhelare</span> <span class='ocrx_word' id='word_1_43' title='bbox 517 839 638 913; x_wconf 85' lang='lat' dir='ltr'>saltem,</span> <span class='ocrx_word' id='word_1_44' title='bbox 656 838 717 897; x_wconf 90' lang='lat' dir='ltr'>nisi</span> <span class='ocrx_word' id='word_1_45' title='bbox 733 836 879 897; x_wconf 86' lang='lat' dir='ltr'>voluisset</span> <span class='ocrx_word' id='word_1_46' title='bbox 896 837 1015 898; x_wconf 81' lang='lat' dir='ltr'>Turnus</span> <span class='ocrx_word' id='word_1_47' title='bbox 1034 842 1066 898; x_wconf 93' lang='lat' dir='ltr'>et</span> <span class='ocrx_word' id='word_1_48' title='bbox 1082 844 1211 916; x_wconf 79' lang='lat' dir='ltr'>rogatus</span> <span class='ocrx_word' id='word_1_49' title='bbox 1245 855 1258 896; x_wconf 80' lang='lat' dir='ltr'>e</span> 
     </span>
     <span class='ocr_line' id='line_1_7' title="bbox 183 926 1212 1005; baseline 0.001 -18"><span class='ocrx_word' id='word_1_50' title='bbox 183 926 395 1005; x_wconf 69' lang='lat' dir='ltr'>praecepisset,</span> <span class='ocrx_word' id='word_1_51' title='bbox 436 927 544 1003; x_wconf 80' lang='lat' dir='ltr'>incipit</span> <span class='ocrx_word' id='word_1_52' title='bbox 565 928 628 987; x_wconf 88' lang='lat' dir='ltr'>iam</span> <span class='ocrx_word' id='word_1_53' title='bbox 651 946 806 1005; x_wconf 82' lang='lat' dir='ltr'><strong>erumpere</strong></span> <span class='ocrx_word' id='word_1_54' title='bbox 830 926 863 985; x_wconf 92' lang='lat' dir='ltr'>in</span> <span class='ocrx_word' id='word_1_55' title='bbox 886 945 923 986; x_wconf 89' lang='lat' dir='ltr'>ea</span> <span class='ocrx_word' id='word_1_56' title='bbox 945 946 1022 1005; x_wconf 91' lang='lat' dir='ltr'>quae</span> <span class='ocrx_word' id='word_1_57' title='bbox 1044 927 1118 986; x_wconf 91' lang='lat' dir='ltr'>olim</span> <span class='ocrx_word' id='word_1_58' title='bbox 1140 947 1212 1003; x_wconf 88' lang='lat' dir='ltr'>pro·</span> 
     </span>
     <span class='ocr_line' id='line_1_8' title="bbox 183 1015 1212 1094; baseline 0.002 -19"><span class='ocrx_word' id='word_1_59' title='bbox 183 1017 260 1077; x_wconf 78' lang='lat' dir='ltr'>ferre</span> <span class='ocrx_word' id='word_1_60' title='bbox 274 1015 426 1093; x_wconf 81' lang='lat' dir='ltr'>cupiebat,</span> <span class='ocrx_word' id='word_1_61' title='bbox 442 1018 479 1076; x_wconf 91' lang='lat' dir='ltr'>ut</span> <span class='ocrx_word' id='word_1_62' title='bbox 496 1016 649 1094; x_wconf 86' lang='lat' dir='ltr'>conpleret</span> <span class='ocrx_word' id='word_1_63' title='bbox 663 1034 740 1093; x_wconf 89' lang='lat' dir='ltr'>quae</span> <span class='ocrx_word' id='word_1_64' title='bbox 758 1016 841 1094; x_wconf 91' lang='lat' dir='ltr'>apud</span> <span class='ocrx_word' id='word_1_65' title='bbox 853 1016 977 1075; x_wconf 84' lang='lat' dir='ltr'><strong>Aenean</strong></span> <span class='ocrx_word' id='word_1_66' title='bbox 994 1035 1026 1076; x_wconf 91' lang='lat' dir='ltr'>se</span> <span class='ocrx_word' id='word_1_67' title='bbox 1039 1017 1212 1094; x_wconf 84' lang='lat' dir='ltr'>professum</span> 
     </span>
     <span class='ocr_line' id='line_1_9' title="bbox 182 1098 1211 1186; baseline 0.001 -20"><span class='ocrx_word' id='word_1_68' title='bbox 182 1123 246 1166; x_wconf 86' lang='lat' dir='ltr'>esse</span> <span class='ocrx_word' id='word_1_69' title='bbox 268 1106 454 1165; x_wconf 86' lang='lat' dir='ltr'>meminerat</span> <span class='ocrx_word' id='word_1_70' title='bbox 491 1105 608 1166; x_wconf 85' lang='lat' dir='ltr'>dixerat</span> <span class='ocrx_word' id='word_1_71' title='bbox 625 1105 739 1184; x_wconf 92' lang='lat' dir='ltr'>quippe</span> <span class='ocrx_word' id='word_1_72' title='bbox 756 1098 851 1186; x_wconf 83' lang='lat'>(128)</span> <span class='ocrx_word' id='word_1_73' title='bbox 869 1107 923 1183; x_wconf 87' lang='lat' dir='ltr'>„et</span> <span class='ocrx_word' id='word_1_74' title='bbox 940 1108 984 1182; x_wconf 88' lang='lat' dir='ltr'>te,</span> <span class='ocrx_word' id='word_1_75' title='bbox 1002 1107 1029 1166; x_wconf 92' lang='lat' dir='ltr'>si</span> <span class='ocrx_word' id='word_1_76' title='bbox 1048 1126 1108 1181; x_wconf 91' lang='lat' dir='ltr'><strong>qua</strong></span> <span class='ocrx_word' id='word_1_77' title='bbox 1125 1106 1211 1167; x_wconf 81' lang='lat' dir='ltr'>viam</span> 
     </span>
     <span class='ocr_line' id='line_1_10' title="bbox 183 1194 1211 1273; baseline 0.002 -19"><span class='ocrx_word' id='word_1_78' title='bbox 183 1194 300 1254; x_wconf 75' lang='lat' dir='ltr'>dederit</span> <span class='ocrx_word' id='word_1_79' title='bbox 322 1196 457 1271; x_wconf 84' lang='lat' dir='ltr'>fortuna,</span> <span class='ocrx_word' id='word_1_80' title='bbox 485 1194 595 1255; x_wconf 87' lang='lat' dir='ltr'>Latino</span> <span class='ocrx_word' id='word_1_81' title='bbox 622 1196 783 1273; x_wconf 80' lang='lat' dir='ltr'>iungemus</span> <span class='ocrx_word' id='word_1_82' title='bbox 810 1196 888 1273; x_wconf 84' lang='lat' dir='ltr'>regi,</span> <span class='ocrx_word' id='word_1_83' title='bbox 915 1198 1044 1271; x_wconf 89' lang='lat' dir='ltr'>quaerat</span> <span class='ocrx_word' id='word_1_84' title='bbox 1065 1194 1124 1256; x_wconf 92' lang='lat' dir='ltr'>sibi</span> <span class='ocrx_word' id='word_1_85' title='bbox 1146 1195 1211 1256; x_wconf 83' lang='lat' dir='ltr'>foe·</span> 
     </span>
     <span class='ocr_line' id='line_1_11' title="bbox 183 1282 1258 1363; baseline 0.001 -21"><span class='ocrx_word' id='word_1_86' title='bbox 183 1282 254 1343; x_wconf 84' lang='lat' dir='ltr'>dara</span> <span class='ocrx_word' id='word_1_87' title='bbox 277 1282 429 1344; x_wconf 82' lang='lat' dir='ltr'>Turnus“.</span> <span class='ocrx_word' id='word_1_88' title='bbox 465 1285 565 1344; x_wconf 83' lang='lat' dir='ltr'>utitur</span> <span class='ocrx_word' id='word_1_89' title='bbox 585 1282 681 1363; x_wconf 88' lang='lat' dir='ltr'>igitur</span> <span class='ocrx_word' id='word_1_90' title='bbox 704 1284 858 1345; x_wconf 78' lang='lat' dir='ltr'>occasione</span> <span class='ocrx_word' id='word_1_91' title='bbox 885 1284 988 1344; x_wconf 90' lang='lat' dir='ltr'>oblata</span> <span class='ocrx_word' id='word_1_92' title='bbox 1015 1285 1154 1344; x_wconf 77' lang='lat' dir='ltr'><strong>fortunae</strong></span> <span class='ocrx_word' id='word_1_93' title='bbox 1179 1288 1212 1346; x_wconf 92' lang='lat' dir='ltr'>et</span> <span class='ocrx_word' id='word_1_94' title='bbox 1230 1304 1258 1344; x_wconf 78' lang='lat' dir='ltr'>ss</span> 
     </span>
     <span class='ocr_line' id='line_1_12' title="bbox 183 1371 1211 1452; baseline 0.003 -20"><span class='ocrx_word' id='word_1_95' title='bbox 183 1371 422 1450; x_wconf 83' lang='lat' dir='ltr'>oportunitatem</span> <span class='ocrx_word' id='word_1_96' title='bbox 443 1375 589 1450; x_wconf 84' lang='lat' dir='ltr'>temporis</span> <span class='ocrx_word' id='word_1_97' title='bbox 615 1374 739 1450; x_wconf 86' lang='lat' dir='ltr'>retinet,</span> <span class='ocrx_word' id='word_1_98' title='bbox 767 1394 828 1452; x_wconf 90' lang='lat' dir='ltr'><strong>qua</strong></span> <span class='ocrx_word' id='word_1_99' title='bbox 854 1374 1009 1433; x_wconf 90' lang='lat' dir='ltr'>meliorem</span> <span class='ocrx_word' id='word_1_100' title='bbox 1038 1376 1093 1434; x_wconf 92' lang='lat' dir='ltr'>aut</span> <span class='ocrx_word' id='word_1_101' title='bbox 1113 1374 1211 1435; x_wconf 87' lang='lat' dir='ltr'>talem</span> 
     </span>
     <span class='ocr_line' id='line_1_13' title="bbox 182 1462 1211 1541; baseline 0 -18"><span class='ocrx_word' id='word_1_102' title='bbox 182 1467 289 1540; x_wconf 90' lang='lat' dir='ltr'>postea</span> <span class='ocrx_word' id='word_1_103' title='bbox 307 1464 437 1541; x_wconf 90' lang='lat' dir='ltr'>reperire</span> <span class='ocrx_word' id='word_1_104' title='bbox 460 1481 520 1523; x_wconf 90' lang='lat' dir='ltr'>non</span> <span class='ocrx_word' id='word_1_105' title='bbox 542 1465 657 1540; x_wconf 89' lang='lat' dir='ltr'>posset,</span> <span class='ocrx_word' id='word_1_106' title='bbox 681 1466 713 1524; x_wconf 92' lang='lat' dir='ltr'>et</span> <span class='ocrx_word' id='word_1_107' title='bbox 731 1464 818 1539; x_wconf 89' lang='lat' dir='ltr'>quasi</span> <span class='ocrx_word' id='word_1_108' title='bbox 836 1462 891 1523; x_wconf 90' lang='lat' dir='ltr'>sub</span> <span class='ocrx_word' id='word_1_109' title='bbox 909 1466 993 1524; x_wconf 91' lang='lat' dir='ltr'>metu</span> <span class='ocrx_word' id='word_1_110' title='bbox 1011 1464 1129 1541; x_wconf 88' lang='lat' dir='ltr'>positus</span> <span class='ocrx_word' id='word_1_111' title='bbox 1146 1483 1211 1525; x_wconf 92' lang='lat' dir='ltr'>non</span> 
     </span>
     <span class='ocr_line' id='line_1_14' title="bbox 182 1552 1210 1631; baseline 0.001 -19"><span class='ocrx_word' id='word_1_112' title='bbox 182 1552 323 1630; x_wconf 91' lang='lat' dir='ltr'>obliquas</span> <span class='ocrx_word' id='word_1_113' title='bbox 345 1554 421 1627; x_wconf 89' lang='lat' dir='ltr'>iam,</span> <span class='ocrx_word' id='word_1_114' title='bbox 444 1552 497 1612; x_wconf 91' lang='lat' dir='ltr'>sed</span> <span class='ocrx_word' id='word_1_115' title='bbox 515 1554 636 1631; x_wconf 82' lang='lat' dir='ltr'>apertas</span> <span class='ocrx_word' id='word_1_116' title='bbox 653 1552 829 1613; x_wconf 80' lang='lat' dir='ltr'>inimicitias</span> <span class='ocrx_word' id='word_1_117' title='bbox 846 1552 1016 1631; x_wconf 88' lang='lat' dir='ltr'>profitetur:</span> <span class='ocrx_word' id='word_1_118' title='bbox 1039 1555 1140 1627; x_wconf 89' lang='lat' dir='ltr'>cuius,</span> <span class='ocrx_word' id='word_1_119' title='bbox 1162 1552 1210 1613; x_wconf 89' lang='lat' dir='ltr'>in·</span> 
     </span>
     <span class='ocr_line' id='line_1_15' title="bbox 183 1641 1210 1720; baseline 0.002 -19"><span class='ocrx_word' id='word_1_120' title='bbox 183 1643 264 1718; x_wconf 88' lang='lat' dir='ltr'>quit,</span> <span class='ocrx_word' id='word_1_121' title='bbox 292 1641 329 1701; x_wconf 97' lang='lat' dir='ltr'>ob</span> <span class='ocrx_word' id='word_1_122' title='bbox 353 1642 522 1720; x_wconf 89' lang='lat' dir='ltr'>auspicium</span> <span class='ocrx_word' id='word_1_123' title='bbox 550 1643 733 1718; x_wconf 88' lang='lat' dir='ltr'>infaustum,</span> <span class='ocrx_word' id='word_1_124' title='bbox 766 1641 941 1702; x_wconf 89' lang='lat' dir='ltr'>detestabile</span> <span class='ocrx_word' id='word_1_125' title='bbox 971 1641 1086 1702; x_wconf 89' lang='lat' dir='ltr'>scilicet</span> <span class='ocrx_word' id='word_1_126' title='bbox 1114 1643 1210 1719; x_wconf 88' lang='lat' dir='ltr'>atque</span> 
     </span>
     <span class='ocr_line' id='line_1_16' title="bbox 182 1729 1256 1809; baseline -0.002 -18"><span class='ocrx_word' id='word_1_127' title='bbox 182 1732 344 1792; x_wconf 83' lang='lat' dir='ltr'>funestum.</span> <span class='ocrx_word' id='word_1_128' title='bbox 380 1730 433 1791; x_wconf 92' lang='lat' dir='ltr'>ubi</span> <span class='ocrx_word' id='word_1_129' title='bbox 455 1729 541 1808; x_wconf 92' lang='lat' dir='ltr'>loqui</span> <span class='ocrx_word' id='word_1_130' title='bbox 564 1733 663 1809; x_wconf 90' lang='lat' dir='ltr'>coepit</span> <span class='ocrx_word' id='word_1_131' title='bbox 684 1733 718 1791; x_wconf 93' lang='lat' dir='ltr'>in</span> <span class='ocrx_word' id='word_1_132' title='bbox 735 1731 932 1791; x_wconf 89' lang='lat' dir='ltr'>seditionibus</span> <span class='ocrx_word' id='word_1_133' title='bbox 951 1730 1116 1792; x_wconf 76' lang='lat' dir='ltr'>excitandis</span> <span class='ocrx_word' id='word_1_134' title='bbox 1134 1733 1210 1791; x_wconf 86' lang='lat' dir='ltr'>arti-</span> <span class='ocrx_word' id='word_1_135' title='bbox 1229 1747 1256 1790; x_wconf 82' lang='lat' dir='ltr'>rs</span> 
     </span>
     <span class='ocr_line' id='line_1_17' title="bbox 182 1819 1210 1898; baseline 0.001 -17"><span class='ocrx_word' id='word_1_136' title='bbox 182 1821 244 1896; x_wconf 80' lang='lat' dir='ltr'>lex,</span> <span class='ocrx_word' id='word_1_137' title='bbox 273 1819 456 1898; x_wconf 83' lang='lat' dir='ltr'>interposuit</span> <span class='ocrx_word' id='word_1_138' title='bbox 483 1819 649 1898; x_wconf 87' lang='lat' dir='ltr'>aliudque</span> <span class='ocrx_word' id='word_1_139' title='bbox 676 1823 870 1881; x_wconf 83' lang='lat' dir='ltr'>moverentur</span> <span class='ocrx_word' id='word_1_140' title='bbox 898 1821 1031 1882; x_wconf 86' lang='lat' dir='ltr'>universi</span> <span class='ocrx_word' id='word_1_141' title='bbox 1059 1823 1090 1880; x_wconf 93' lang='lat' dir='ltr'>et</span> <span class='ocrx_word' id='word_1_142' title='bbox 1116 1841 1210 1882; x_wconf 90' lang='lat' dir='ltr'>unus·</span> 
     </span>
     <span class='ocr_line' id='line_1_18' title="bbox 183 1909 1209 1988; baseline 0 -17"><span class='ocrx_word' id='word_1_143' title='bbox 183 1909 311 1987; x_wconf 89' lang='lat' dir='ltr'>quisque</span> <span class='ocrx_word' id='word_1_144' title='bbox 329 1910 435 1970; x_wconf 86' lang='lat' dir='ltr'>salutis</span> <span class='ocrx_word' id='word_1_145' title='bbox 454 1928 526 1969; x_wconf 90' lang='lat' dir='ltr'>suae</span> <span class='ocrx_word' id='word_1_146' title='bbox 545 1910 735 1971; x_wconf 91' lang='lat' dir='ltr'>commodum</span> <span class='ocrx_word' id='word_1_147' title='bbox 746 1913 881 1971; x_wconf 87' lang='lat' dir='ltr'>tractans</span> <span class='ocrx_word' id='word_1_148' title='bbox 896 1910 1041 1988; x_wconf 89' lang='lat' dir='ltr'>quicquid</span> <span class='ocrx_word' id='word_1_149' title='bbox 1053 1910 1090 1969; x_wconf 92' lang='lat' dir='ltr'>de</span> <span class='ocrx_word' id='word_1_150' title='bbox 1103 1910 1209 1971; x_wconf 79' lang='lat' dir='ltr'>Turno</span> 
     </span>
     <span class='ocr_line' id='line_1_19' title="bbox 182 1999 1208 2079; baseline 0 -20"><span class='ocrx_word' id='word_1_151' title='bbox 182 2017 287 2077; x_wconf 84' lang='lat' dir='ltr'>aspere</span> <span class='ocrx_word' id='word_1_152' title='bbox 309 2001 450 2079; x_wconf 82' lang='lat' dir='ltr'><strong>ageretur</strong></span> <span class='ocrx_word' id='word_1_153' title='bbox 467 1999 595 2060; x_wconf 89' lang='lat' dir='ltr'>libenter</span> <span class='ocrx_word' id='word_1_154' title='bbox 618 2000 768 2079; x_wconf 88' lang='lat' dir='ltr'>acciperet</span> <span class='ocrx_word' id='word_1_155' title='bbox 790 2001 821 2058; x_wconf 91' lang='lat' dir='ltr'>et</span> <span class='ocrx_word' id='word_1_156' title='bbox 843 1999 970 2060; x_wconf 90' lang='lat' dir='ltr'>audiret.</span> <span class='ocrx_word' id='word_1_157' title='bbox 1002 1999 1100 2060; x_wconf 91' lang='lat' dir='ltr'>dicam</span> <span class='ocrx_word' id='word_1_158' title='bbox 1122 2000 1208 2077; x_wconf 89' lang='lat' dir='ltr'>equi·</span> 
     </span>
     <span class='ocr_line' id='line_1_20' title="bbox 183 2089 1208 2167; baseline 0.001 -19"><span class='ocrx_word' id='word_1_159' title='bbox 183 2089 264 2165; x_wconf 86' lang='lat' dir='ltr'>dem,</span> <span class='ocrx_word' id='word_1_160' title='bbox 286 2091 357 2149; x_wconf 90' lang='lat' dir='ltr'>licet</span> <span class='ocrx_word' id='word_1_161' title='bbox 379 2109 463 2150; x_wconf 89' lang='lat' dir='ltr'>arma</span> <span class='ocrx_word' id='word_1_162' title='bbox 485 2090 561 2149; x_wconf 86' lang='lat' dir='ltr'>mihi</span> <span class='ocrx_word' id='word_1_163' title='bbox 579 2093 766 2167; x_wconf 87' lang='lat' dir='ltr'>mortemque</span> <span class='ocrx_word' id='word_1_164' title='bbox 788 2089 932 2149; x_wconf 87' lang='lat' dir='ltr'>minetur:</span> <span class='ocrx_word' id='word_1_165' title='bbox 955 2090 1037 2166; x_wconf 93' lang='lat' dir='ltr'>quod</span> <span class='ocrx_word' id='word_1_166' title='bbox 1055 2089 1100 2149; x_wconf 89' lang='lat' dir='ltr'>ait</span> <span class='ocrx_word' id='word_1_167' title='bbox 1120 2089 1208 2166; x_wconf 86' lang='lat' dir='ltr'>mihi,</span> 
     </span>
     <span class='ocr_line' id='line_1_21' title="bbox 182 2178 1256 2258; baseline 0.001 -20"><span class='ocrx_word' id='word_1_168' title='bbox 182 2178 239 2239; x_wconf 91' lang='lat' dir='ltr'>hoc</span> <span class='ocrx_word' id='word_1_169' title='bbox 257 2179 396 2258; x_wconf 82' lang='lat' dir='ltr'>intellegi</span> <span class='ocrx_word' id='word_1_170' title='bbox 408 2181 523 2256; x_wconf 83' lang='lat' dir='ltr'>potest:</span> <span class='ocrx_word' id='word_1_171' title='bbox 545 2180 633 2254; x_wconf 89' lang='lat' dir='ltr'>mihi,</span> <span class='ocrx_word' id='word_1_172' title='bbox 657 2181 729 2257; x_wconf 91' lang='lat' dir='ltr'>quia</span> <span class='ocrx_word' id='word_1_173' title='bbox 748 2179 937 2239; x_wconf 92' lang='lat' dir='ltr'>commodum</span> <span class='ocrx_word' id='word_1_174' title='bbox 951 2179 1108 2256; x_wconf 91' lang='lat' dir='ltr'>publicum</span> <span class='ocrx_word' id='word_1_175' title='bbox 1120 2181 1209 2239; x_wconf 88' lang='lat' dir='ltr'>tueor</span> <span class='ocrx_word' id='word_1_176' title='bbox 1227 2199 1256 2240; x_wconf 84' lang='lat' dir='ltr'>ao</span> 
     </span>
     <span class='ocr_line' id='line_1_22' title="bbox 183 2268 1209 2347; baseline 0 -18"><span class='ocrx_word' id='word_1_177' title='bbox 183 2270 369 2347; x_wconf 87' lang='lat' dir='ltr'><strong>salutemque</strong></span> <span class='ocrx_word' id='word_1_178' title='bbox 399 2271 586 2345; x_wconf 86' lang='lat' dir='ltr'>cunctorum,</span> <span class='ocrx_word' id='word_1_179' title='bbox 614 2268 772 2328; x_wconf 89' lang='lat' dir='ltr'>interitum</span> <span class='ocrx_word' id='word_1_180' title='bbox 794 2272 897 2347; x_wconf 81' lang='lat' dir='ltr'>parat,</span> <span class='ocrx_word' id='word_1_181' title='bbox 923 2269 1030 2345; x_wconf 89' lang='lat' dir='ltr'>procul</span> <span class='ocrx_word' id='word_1_182' title='bbox 1057 2268 1149 2329; x_wconf 89' lang='lat' dir='ltr'>dubio</span> <span class='ocrx_word' id='word_1_183' title='bbox 1177 2271 1209 2329; x_wconf 92' lang='lat' dir='ltr'>et</span> 
     </span>
     <span class='ocr_line' id='line_1_23' title="bbox 182 2357 1209 2437; baseline -0.001 -18"><span class='ocrx_word' id='word_1_184' title='bbox 182 2359 306 2437; x_wconf 83' lang='lat' dir='ltr'>paribus</span> <span class='ocrx_word' id='word_1_185' title='bbox 321 2358 390 2418; x_wconf 88' lang='lat' dir='ltr'>aliis</span> <span class='ocrx_word' id='word_1_186' title='bbox 405 2360 435 2418; x_wconf 93' lang='lat' dir='ltr'>et</span> <span class='ocrx_word' id='word_1_187' title='bbox 448 2360 588 2419; x_wconf 90' lang='lat' dir='ltr'><strong>fortunae</strong></span> <span class='ocrx_word' id='word_1_188' title='bbox 597 2357 745 2417; x_wconf 90' lang='lat' dir='ltr'>rationem</span> <span class='ocrx_word' id='word_1_189' title='bbox 759 2358 953 2434; x_wconf 89' lang='lat' dir='ltr'>sequentibus</span> <span class='ocrx_word' id='word_1_190' title='bbox 968 2358 1067 2418; x_wconf 68' lang='lat' dir='ltr'>dnum</span> <span class='ocrx_word' id='word_1_191' title='bbox 1079 2357 1209 2436; x_wconf 84' lang='lat' dir='ltr'>spondet</span> 
     </span>
     <span class='ocr_line' id='line_1_24' title="bbox 182 2446 1207 2527; baseline -0.001 -19"><span class='ocrx_word' id='word_1_192' title='bbox 182 2466 237 2508; x_wconf 90' lang='lat' dir='ltr'>sua</span> <span class='ocrx_word' id='word_1_193' title='bbox 259 2448 292 2507; x_wconf 93' lang='lat' dir='ltr'>in</span> <span class='ocrx_word' id='word_1_194' title='bbox 315 2449 523 2527; x_wconf 84' lang='lat' dir='ltr'>desperatione</span> <span class='ocrx_word' id='word_1_195' title='bbox 546 2446 735 2524; x_wconf 90' lang='lat' dir='ltr'>supplicium.</span> <span class='ocrx_word' id='word_1_196' title='bbox 776 2448 892 2507; x_wconf 89' lang='lat' dir='ltr'>lumina</span> <span class='ocrx_word' id='word_1_197' title='bbox 915 2450 962 2507; x_wconf 91' lang='lat' dir='ltr'>tot</span> <span class='ocrx_word' id='word_1_198' title='bbox 989 2447 1129 2508; x_wconf 89' lang='lat' dir='ltr'>cecidisse</span> <span class='ocrx_word' id='word_1_199' title='bbox 1151 2446 1207 2507; x_wconf 91' lang='lat' dir='ltr'>du·</span> 
     </span>
     <span class='ocr_line' id='line_1_25' title="bbox 183 2535 1206 2615; baseline 0 -18"><span class='ocrx_word' id='word_1_200' title='bbox 183 2557 250 2597; x_wconf 91' lang='lat' dir='ltr'>cum</span> <span class='ocrx_word' id='word_1_201' title='bbox 272 2541 427 2615; x_wconf 85' lang='lat' dir='ltr'>totamque</span> <span class='ocrx_word' id='word_1_202' title='bbox 446 2536 583 2598; x_wconf 86' lang='lat' dir='ltr'>videmus</span> <span class='ocrx_word' id='word_1_203' title='bbox 600 2536 768 2596; x_wconf 88' lang='lat' dir='ltr'>consedisse</span> <span class='ocrx_word' id='word_1_204' title='bbox 785 2537 891 2597; x_wconf 87' lang='lat' dir='ltr'>urbem</span> <span class='ocrx_word' id='word_1_205' title='bbox 907 2537 1003 2613; x_wconf 74' lang='lat' dir='ltr'>luctu,</span> <span class='ocrx_word' id='word_1_206' title='bbox 1026 2538 1096 2597; x_wconf 91' lang='lat' dir='ltr'>dum</span> <span class='ocrx_word' id='word_1_207' title='bbox 1114 2535 1206 2597; x_wconf 86' lang='lat' dir='ltr'>Troia</span> 
     </span>
     <span class='ocr_line' id='line_1_26' title="bbox 181 2625 1254 2706; baseline 0 -19"><span class='ocrx_word' id='word_1_208' title='bbox 181 2629 313 2704; x_wconf 91' lang='lat' dir='ltr'>temptat</span> <span class='ocrx_word' id='word_1_209' title='bbox 335 2630 448 2706; x_wconf 85' lang='lat' dir='ltr'>castra,</span> <span class='ocrx_word' id='word_1_210' title='bbox 470 2627 527 2685; x_wconf 94' lang='lat' dir='ltr'>hoc</span> <span class='ocrx_word' id='word_1_211' title='bbox 552 2627 597 2685; x_wconf 88' lang='lat' dir='ltr'>est</span> <span class='ocrx_word' id='word_1_212' title='bbox 623 2625 696 2702; x_wconf 90' lang='lat' dir='ltr'>quid</span> <span class='ocrx_word' id='word_1_213' title='bbox 718 2625 862 2687; x_wconf 89' lang='lat' dir='ltr'>faciemus</span> <span class='ocrx_word' id='word_1_214' title='bbox 886 2627 967 2686; x_wconf 89' lang='lat' dir='ltr'>caeci</span> <span class='ocrx_word' id='word_1_215' title='bbox 990 2627 1044 2705; x_wconf 92' lang='lat' dir='ltr'>qui</span> <span class='ocrx_word' id='word_1_216' title='bbox 1066 2625 1130 2704; x_wconf 87' lang='lat' dir='ltr'>spei</span> <span class='ocrx_word' id='word_1_217' title='bbox 1151 2646 1206 2686; x_wconf 93' lang='lat' dir='ltr'>no·</span> <span class='ocrx_word' id='word_1_218' title='bbox 1225 2647 1254 2688; x_wconf 79' lang='lat' dir='ltr'>aa</span> 
     </span>
     <span class='ocr_line' id='line_1_27' title="bbox 182 2714 1207 2794; baseline 0 -18"><span class='ocrx_word' id='word_1_219' title='bbox 182 2718 262 2776; x_wconf 89' lang='lat' dir='ltr'>strae</span> <span class='ocrx_word' id='word_1_220' title='bbox 276 2718 324 2775; x_wconf 92' lang='lat' dir='ltr'>tot</span> <span class='ocrx_word' id='word_1_221' title='bbox 336 2714 522 2793; x_wconf 90' lang='lat' dir='ltr'>perdidimus</span> <span class='ocrx_word' id='word_1_222' title='bbox 539 2714 655 2774; x_wconf 88' lang='lat' dir='ltr'>lumina</span> <span class='ocrx_word' id='word_1_223' title='bbox 671 2717 702 2774; x_wconf 90' lang='lat' dir='ltr'>et</span> <span class='ocrx_word' id='word_1_224' title='bbox 719 2735 781 2775; x_wconf 90' lang='lat' dir='ltr'>non</span> <span class='ocrx_word' id='word_1_225' title='bbox 799 2716 933 2794; x_wconf 87' lang='lat' dir='ltr'><strong>aliquam</strong></span> <span class='ocrx_word' id='word_1_226' title='bbox 950 2718 1069 2793; x_wconf 88' lang='lat' dir='ltr'>partem</span> <span class='ocrx_word' id='word_1_227' title='bbox 1085 2719 1207 2776; x_wconf 90' lang='lat' dir='ltr'>nostrae</span> 
     </span>
     <span class='ocr_line' id='line_1_28' title="bbox 181 2803 1205 2884; baseline 0.001 -19"><span class='ocrx_word' id='word_1_228' title='bbox 181 2805 275 2880; x_wconf 92' lang='lat' dir='ltr'>urbis,</span> <span class='ocrx_word' id='word_1_229' title='bbox 289 2803 342 2864; x_wconf 92' lang='lat' dir='ltr'>sed</span> <span class='ocrx_word' id='word_1_230' title='bbox 352 2805 450 2863; x_wconf 88' lang='lat' dir='ltr'>totam</span> <span class='ocrx_word' id='word_1_231' title='bbox 458 2803 596 2865; x_wconf 83' lang='lat' dir='ltr'>civitatis</span> <span class='ocrx_word' id='word_1_232' title='bbox 607 2803 715 2864; x_wconf 88' lang='lat' dir='ltr'>faciem</span> <span class='ocrx_word' id='word_1_233' title='bbox 724 2805 854 2866; x_wconf 88' lang='lat' dir='ltr'>luctibus</span> <span class='ocrx_word' id='word_1_234' title='bbox 863 2804 999 2866; x_wconf 83' lang='lat' dir='ltr'>videmus</span> <span class='ocrx_word' id='word_1_235' title='bbox 1009 2805 1205 2884; x_wconf 78' lang='lat' dir='ltr'>oppressam?</span> 
     </span>
     <span class='ocr_line' id='line_1_29' title="bbox 182 2893 1206 2972; baseline 0 -18"><span class='ocrx_word' id='word_1_236' title='bbox 182 2894 337 2972; x_wconf 84' lang='lat' dir='ltr'>colligitur</span> <span class='ocrx_word' id='word_1_237' title='bbox 359 2896 459 2953; x_wconf 91' lang='lat' dir='ltr'>totum</span> <span class='ocrx_word' id='word_1_238' title='bbox 487 2893 543 2970; x_wconf 86' lang='lat' dir='ltr'>sic,</span> <span class='ocrx_word' id='word_1_239' title='bbox 570 2895 704 2954; x_wconf 88' lang='lat' dir='ltr'>infausta</span> <span class='ocrx_word' id='word_1_240' title='bbox 727 2895 822 2954; x_wconf 81' lang='lat' dir='ltr'>Turni</span> <span class='ocrx_word' id='word_1_241' title='bbox 848 2894 983 2972; x_wconf 90' lang='lat' dir='ltr'>auspicia</span> <span class='ocrx_word' id='word_1_242' title='bbox 1006 2897 1136 2971; x_wconf 89' lang='lat' dir='ltr'>quantas</span> <span class='ocrx_word' id='word_1_243' title='bbox 1159 2895 1206 2954; x_wconf 92' lang='lat' dir='ltr'>in·</span> 
     </span>
     <span class='ocr_line' id='line_1_30' title="bbox 181 2983 1207 3064; baseline 0.001 -21"><span class='ocrx_word' id='word_1_244' title='bbox 181 2984 313 3043; x_wconf 86' lang='lat' dir='ltr'>flixerint</span> <span class='ocrx_word' id='word_1_245' title='bbox 342 2983 441 3043; x_wconf 83' lang='lat' dir='ltr'>clades</span> <span class='ocrx_word' id='word_1_246' title='bbox 464 2985 568 3043; x_wconf 84' lang='lat' dir='ltr'>vident</span> <span class='ocrx_word' id='word_1_247' title='bbox 595 3003 697 3044; x_wconf 90' lang='lat' dir='ltr'>omnes</span> <span class='ocrx_word' id='word_1_248' title='bbox 725 2987 756 3043; x_wconf 90' lang='lat' dir='ltr'>et</span> <span class='ocrx_word' id='word_1_249' title='bbox 778 2986 915 3064; x_wconf 83' lang='lat' dir='ltr'>gemunt,</span> <span class='ocrx_word' id='word_1_250' title='bbox 944 2984 1022 3044; x_wconf 92' lang='lat' dir='ltr'>nihil</span> <span class='ocrx_word' id='word_1_251' title='bbox 1049 2987 1096 3045; x_wconf 91' lang='lat' dir='ltr'>est</span> <span class='ocrx_word' id='word_1_252' title='bbox 1125 2985 1207 3062; x_wconf 93' lang='lat' dir='ltr'>quod</span> 
     </span>
     <span class='ocr_line' id='line_1_31' title="bbox 181 3071 1254 3152; baseline 0.003 -21"><span class='ocrx_word' id='word_1_253' title='bbox 181 3092 242 3133; x_wconf 91' lang='lat' dir='ltr'>non</span> <span class='ocrx_word' id='word_1_254' title='bbox 265 3071 394 3133; x_wconf 90' lang='lat' dir='ltr'>luctibus</span> <span class='ocrx_word' id='word_1_255' title='bbox 422 3072 568 3134; x_wconf 87' lang='lat' dir='ltr'>redundet</span> <span class='ocrx_word' id='word_1_256' title='bbox 596 3076 626 3133; x_wconf 91' lang='lat' dir='ltr'>et</span> <span class='ocrx_word' id='word_1_257' title='bbox 648 3072 795 3149; x_wconf 87' lang='lat' dir='ltr'>lacrimis,</span> <span class='ocrx_word' id='word_1_258' title='bbox 821 3074 935 3152; x_wconf 82' lang='lat' dir='ltr'>periere</span> <span class='ocrx_word' id='word_1_259' title='bbox 958 3076 1006 3134; x_wconf 89' lang='lat' dir='ltr'>tot</span> <span class='ocrx_word' id='word_1_260' title='bbox 1028 3074 1132 3149; x_wconf 86' lang='lat' dir='ltr'>duces,</span> <span class='ocrx_word' id='word_1_261' title='bbox 1158 3074 1207 3132; x_wconf 93' lang='lat' dir='ltr'>lu·</span> <span class='ocrx_word' id='word_1_262' title='bbox 1225 3093 1254 3134; x_wconf 83' lang='lat' dir='ltr'>eo</span> 
     </span>
     <span class='ocr_line' id='line_1_32' title="bbox 181 3163 1206 3242; baseline -0.002 -18"><span class='ocrx_word' id='word_1_263' title='bbox 181 3164 265 3224; x_wconf 91' lang='lat' dir='ltr'>mina</span> <span class='ocrx_word' id='word_1_264' title='bbox 287 3163 403 3223; x_wconf 89' lang='lat' dir='ltr'>scilicet</span> <span class='ocrx_word' id='word_1_265' title='bbox 425 3165 603 3239; x_wconf 89' lang='lat' dir='ltr'>ceterorum,</span> <span class='ocrx_word' id='word_1_266' title='bbox 631 3164 745 3240; x_wconf 88' lang='lat' dir='ltr'>periere</span> <span class='ocrx_word' id='word_1_267' title='bbox 767 3164 868 3242; x_wconf 90' lang='lat' dir='ltr'>plures</span> <span class='ocrx_word' id='word_1_268' title='bbox 891 3163 927 3222; x_wconf 91' lang='lat' dir='ltr'>de</span> <span class='ocrx_word' id='word_1_269' title='bbox 950 3163 1068 3240; x_wconf 89' lang='lat' dir='ltr'>multis,</span> <span class='ocrx_word' id='word_1_270' title='bbox 1090 3164 1206 3240; x_wconf 88' lang='lat' dir='ltr'>periere</span> 
     </span>
     <span class='ocr_line' id='line_1_33' title="bbox 181 3251 1206 3314; baseline -0.001 -2"><span class='ocrx_word' id='word_1_271' title='bbox 181 3253 327 3314; x_wconf 88' lang='lat' dir='ltr'>meliores.</span> <span class='ocrx_word' id='word_1_272' title='bbox 373 3251 510 3312; x_wconf 84' lang='lat' dir='ltr'>faciendo</span> <span class='ocrx_word' id='word_1_273' title='bbox 539 3253 635 3312; x_wconf 89' lang='lat' dir='ltr'>totius</span> <span class='ocrx_word' id='word_1_274' title='bbox 664 3253 797 3314; x_wconf 86' lang='lat' dir='ltr'>civitatis</span> <span class='ocrx_word' id='word_1_275' title='bbox 824 3254 1136 3314; x_wconf 86' lang='lat' dir='ltr'>commemorationem</span> <span class='ocrx_word' id='word_1_276' title='bbox 1165 3253 1206 3312; x_wconf 92' lang='lat' dir='ltr'>ad</span> 
     </span>
     <span class='ocr_line' id='line_1_34' title="bbox 182 3342 1206 3421; baseline -0.002 -17"><span class='ocrx_word' id='word_1_277' title='bbox 182 3342 279 3404; x_wconf 90' lang='lat' dir='ltr'>omnis</span> <span class='ocrx_word' id='word_1_278' title='bbox 302 3343 354 3420; x_wconf 92' lang='lat' dir='ltr'>qui</span> <span class='ocrx_word' id='word_1_279' title='bbox 382 3343 509 3403; x_wconf 87' lang='lat' dir='ltr'>coneilio</span> <span class='ocrx_word' id='word_1_280' title='bbox 537 3342 705 3402; x_wconf 89' lang='lat' dir='ltr'>intererant</span> <span class='ocrx_word' id='word_1_281' title='bbox 732 3343 865 3403; x_wconf 89' lang='lat' dir='ltr'>dolorem</span> <span class='ocrx_word' id='word_1_282' title='bbox 891 3343 1031 3402; x_wconf 82' lang='lat' dir='ltr'>funerum</span> <span class='ocrx_word' id='word_1_283' title='bbox 1057 3343 1206 3421; x_wconf 89' lang='lat' dir='ltr'>pertinere</span> 
     </span>
    </p>
   </div>
   <div class='ocr_carea' id='block_1_3' title="bbox 168 3566 1207 3784">
    <p class='ocr_par' dir='ltr' id='par_1_3' title="bbox 168 3566 1207 3784">
     <span class='ocr_line' id='line_1_35' title="bbox 254 3566 1207 3639; baseline 0.003 -19"><span class='ocrx_word' id='word_1_284' title='bbox 254 3572 270 3620; x_wconf 82' lang='lat'><strong>5</strong></span> <span class='ocrx_word' id='word_1_285' title='bbox 289 3569 405 3623; x_wconf 83' lang='lat' dir='ltr'>sulutem</span> <span class='ocrx_word' id='word_1_286' title='bbox 418 3566 445 3622; x_wconf 99' lang='lat' dir='ltr'><strong>V</strong></span> <span class='ocrx_word' id='word_1_287' title='bbox 462 3568 558 3623; x_wconf 85' lang='lat' dir='ltr'>saltem</span> <span class='ocrx_word' id='word_1_288' title='bbox 576 3567 619 3622; x_wconf 87' lang='lat' dir='ltr'>ed.</span> <span class='ocrx_word' id='word_1_289' title='bbox 676 3573 692 3622; x_wconf 85' lang='grc'><strong>9</strong></span> <span class='ocrx_word' id='word_1_290' title='bbox 711 3570 853 3639; x_wconf 68' lang='lat' dir='ltr'>impimus</span> <span class='ocrx_word' id='word_1_291' title='bbox 870 3570 903 3622; x_wconf 90' lang='lat' dir='ltr'>nt</span> <span class='ocrx_word' id='word_1_292' title='bbox 922 3574 973 3623; x_wconf 77' lang='lat'>129</span> <span class='ocrx_word' id='word_1_293' title='bbox 987 3568 1021 3623; x_wconf 88' lang='lat' dir='ltr'>V.</span> <span class='ocrx_word' id='word_1_294' title='bbox 1075 3572 1109 3622; x_wconf 83' lang='lat'>20</span> <span class='ocrx_word' id='word_1_295' title='bbox 1126 3574 1207 3623; x_wconf 77' lang='lat' dir='ltr'>tueor</span> 
     </span>
     <span class='ocr_line' id='line_1_36' title="bbox 180 3637 1205 3709; baseline 0.004 -18"><span class='ocrx_word' id='word_1_296' title='bbox 180 3655 234 3692; x_wconf 88' lang='lat' dir='ltr'>orn.</span> <span class='ocrx_word' id='word_1_297' title='bbox 257 3655 362 3709; x_wconf 78' lang='lat' dir='ltr'>quaero</span> <span class='ocrx_word' id='word_1_298' title='bbox 386 3641 452 3708; x_wconf 88' lang='lat' dir='ltr'>post</span> <span class='ocrx_word' id='word_1_299' title='bbox 474 3646 633 3695; x_wconf 66' lang='lat' dir='ltr'>mecon</span> <span class='ocrx_word' id='word_1_300' title='bbox 658 3640 790 3709; x_wconf 90' lang='lat' dir='ltr'>interpol.</span> <span class='ocrx_word' id='word_1_301' title='bbox 814 3640 857 3694; x_wconf 88' lang='lat' dir='ltr'>ed.</span> <span class='ocrx_word' id='word_1_302' title='bbox 880 3637 887 3653; x_wconf 83' lang='lat'><strong>‘</strong></span> <span class='ocrx_word' id='word_1_303' title='bbox 931 3646 965 3694; x_wconf 77' lang='lat'>22</span> <span class='ocrx_word' id='word_1_304' title='bbox 989 3642 1095 3695; x_wconf 74' lang='lat' dir='ltr'>ratione</span> <span class='ocrx_word' id='word_1_305' title='bbox 1114 3638 1141 3693; x_wconf 88' lang='lat' dir='ltr'><strong>V</strong></span> <span class='ocrx_word' id='word_1_306' title='bbox 1159 3639 1205 3695; x_wconf 90' lang='lat' dir='ltr'>ed.</span> 
     </span>
     <span class='ocr_line' id='line_1_37' title="bbox 168 3711 887 3784; baseline 0.001 -20"><span class='ocrx_word' id='word_1_307' title='bbox 168 3727 251 3767; x_wconf 73' lang='lat' dir='ltr'>-uem</span> <span class='ocrx_word' id='word_1_308' title='bbox 268 3729 336 3769; x_wconf 82' lang='lat' dir='ltr'>nos:</span> <span class='ocrx_word' id='word_1_309' title='bbox 355 3711 478 3784; x_wconf 90' lang='lat' dir='ltr'>respicit</span> <span class='ocrx_word' id='word_1_310' title='bbox 496 3730 520 3770; x_wconf 84' lang='lat' dir='ltr'>v.</span> <span class='ocrx_word' id='word_1_311' title='bbox 538 3715 600 3769; x_wconf 77' lang='lat'><strong>345.</strong></span> <span class='ocrx_word' id='word_1_312' title='bbox 671 3717 708 3766; x_wconf 69' lang='lat'>23</span> <span class='ocrx_word' id='word_1_313' title='bbox 725 3713 759 3767; x_wconf 79' lang='lat' dir='ltr'>iu</span> <span class='ocrx_word' id='word_1_314' title='bbox 776 3729 830 3766; x_wconf 91' lang='lat' dir='ltr'>om.</span> <span class='ocrx_word' id='word_1_315' title='bbox 844 3711 887 3766; x_wconf 87' lang='lat' dir='ltr'>ed.</span> 
     </span>
    </p>
   </div>
   <div class='ocr_carea' id='block_1_4' title="bbox 0 0 1368 4150">
    <p class='ocr_par' dir='ltr' id='par_1_4' title="bbox 0 0 1368 4150">
     <span class='ocr_line' id='line_1_38' title="bbox 0 0 1368 4150; baseline 0 0"><span class='ocrx_word' id='word_1_316' title='bbox 0 0 1368 4150; x_wconf 95' lang='lat' dir='ltr'> </span> 
     </span>
    </p>
   </div>
  </div>
 </body>
</html>
