2725 4150
186 346 252 413 566
474 342 614 399 nonen
631 342 802 397 misma
816 341 925 397 unna.

185 517 324 588 naturus,
346 512 412 590 ipse
434 512 580 592 gauderet
601 510 749 572 universis
772 511 809 571 de
831 512 941 572 eventu
963 510 1035 569 belli
1058 511 1214 588 suspensis

186 603 325 663 adserens
354 603 432 662 nihil
453 602 519 661 fieri
546 601 718 677 etaetatis,
748 600 814 660 fata
841 601 943 660 autem
969 599 1038 677 ipsa
1064 620 1120 677 pro
1150 602 1213 662 suis

185 691 323 770 partibus
346 691 456 767 facere,
479 693 601 751 tantum
623 709 694 751 vero
718 689 754 749 de
772 690 900 750 victoria
918 708 1056 749 securum
1075 708 1157 766 esse,
1178 698 1215 751 ut

185 783 247 842 iam
269 784 353 858 pacis
375 782 457 859 leges
480 780 676 841 desiderasset
699 779 811 839 audire.

257 871 380 930 Postera
401 872 452 929 niu
474 887 603 929 sunnine
625 871 782 944 spernebat
800 868 909 927 iumine
927 869 1035 927 montis
1052 872 1119 927 ortu
1140 869 1213 939 dies,
1243 885 1255 926 s

126 971 178 1022 115
187 978 253 1019 cum
266 961 398 1033 prunum
418 959 476 1019 alto
494 976 526 1018 se
541 960 654 1033 querite
672 959 777 1017 tolient
788 957 866 1017 Solis
880 959 945 1032 equi
962 958 1109 1030 tueeinque
1128 959 1215 1019 elutis

186 1050 312 1109 nundus
330 1050 445 1122 efnaei,
470 1066 606 1121 compenor
624 1048 665 1107 ud
683 1052 827 1107 certamen
844 1064 970 1123 manuue
987 1048 1042 1106 sui
1060 1049 1214 1107 moenibus

186 1139 270 1197 serbis
293 1138 418 1197 diunensi
439 1138 599 1212 Rutulique
620 1137 679 1195 uiri
703 1138 864 1209 Teucrique
883 1137 1048 1211 parabunt,
1072 1135 1147 1213 quia
1170 1138 1214 1197 sio

188 1228 306 1286 Turnus
325 1227 536 1301 constituerat,
553 1228 589 1285 ut
606 1225 775 1286 lucescente
794 1225 842 1284 die
859 1224 997 1302 proxima
1014 1228 1213 1303 pugnaretur,

187 1335 257 1375 mox
278 1319 315 1376 ut
342 1316 452 1376 exoriri
478 1319 618 1392 coeperat
641 1315 708 1391 lux,
738 1334 878 1392 campum
906 1314 1035 1391 parabat
1064 1316 1213 1375 exercitus
1232 1332 1256 1372 1o

186 1406 320 1483 partium
342 1405 526 1465 dimensione
554 1408 704 1479 currente,
734 1409 770 1464 ut
791 1403 962 1463 latitudinis
988 1405 1084 1463 totins
1112 1407 1214 1482 spatia

188 1514 223 1555 ex
251 1513 347 1573 aequo
375 1494 502 1573 singulis
528 1495 731 1571 provenirent.
775 1495 809 1552 in
830 1494 980 1567 medioque
1001 1494 1082 1567 focos
1105 1495 1214 1554 cidiis

187 1585 389 1644 communibus
401 1602 474 1644 orus
481 1584 666 1659 quominus:
678 1585 802 1661 propter
816 1584 1070 1643 consecrationem
1083 1582 1214 1643 foederis

187 1692 255 1734 aras
279 1673 454 1733 statuebant
480 1692 516 1733 ex
543 1673 678 1751 gramine
706 1675 738 1732 et
759 1673 909 1750 parabant
935 1672 1018 1732 focos
1045 1672 1079 1730 in
1106 1672 1214 1748 medio,

187 1763 244 1823 hoc
262 1765 309 1823 est
326 1764 359 1821 in
376 1762 487 1838 limite,
506 1763 558 1839 qui
576 1762 650 1822 duas
669 1763 765 1839 partis
783 1761 982 1822 testabantur.
1011 1761 1130 1821 effectas
1145 1762 1214 1838 diis,
1233 1778 1257 1819 u

187 1852 296 1930 inquit,
314 1852 529 1926 communibus,
546 1852 620 1930 quio
638 1852 737 1911 adhuc
754 1852 902 1911 incertum
917 1850 976 1909 fuit
990 1870 1080 1927 quam
1094 1854 1214 1927 partem

189 1944 268 2002 esset
279 1945 419 2001 secutura
428 1941 563 2002 victoria.
586 1940 754 2018 parabatur
767 1944 868 2000 autem
878 1943 947 1999 ante
960 1940 1066 1999 urbem
1079 1940 1215 2015 spatium

189 2030 363 2104 certaturis,
386 2034 423 2092 ut
441 2031 477 2091 de
499 2031 594 2091 muris
612 2030 769 2090 inbellium
787 2030 880 2091 oeulis
901 2029 1068 2090 subiaceret
1084 2027 1214 2090 duorum

189 2123 340 2180 certamen
369 2123 400 2180 et
425 2121 564 2182 fortunae
594 2119 748 2180 iudicium.
794 2121 848 2179 ulii
872 2122 1036 2193 fontemque
1061 2119 1215 2194 unusque

129 2220 180 2270 120
188 2212 322 2284 ferebant
343 2211 432 2270 ueluti
455 2212 514 2270 tino
537 2214 564 2269 et
585 2211 712 2269 undena
730 2214 860 2282 temporo
877 2210 981 2268 uincti:
1003 2208 1142 2268 forabunt
1160 2210 1215 2268 alii
1234 2226 1260 2267 eo

190 2301 282 2361 sacris
305 2301 473 2360 necessaria
495 2300 556 2376 ipsi
578 2318 697 2375 quoque
724 2318 785 2358 non
809 2298 906 2357 alieno
930 2299 1014 2357 cultu
1039 2297 1144 2358 vestiti
1166 2300 1215 2358 vel

190 2390 297 2449 ornati.
339 2391 471 2462 procedit
493 2388 564 2462 tenio
587 2386 777 2447 Ausonidum
793 2389 948 2460 pilataque
966 2388 1066 2462 plenis
1092 2389 1215 2462 aomina

83 2493 84 2497 ’
190 2496 221 2538 se
243 2479 374 2552 tundunt
392 2480 502 2552 portis:
524 2477 621 2554 pilata
644 2477 722 2537 dixit
743 2478 814 2554 pilis
838 2480 968 2551 armeta,
991 2477 1089 2554 pilum
1110 2479 1214 2535 autem

191 2586 283 2646 genus
312 2570 358 2627 est
379 2567 441 2626 teli.
486 2566 583 2644 plenis
611 2586 681 2627 vero
709 2568 805 2643 portis
836 2567 958 2643 agmina
985 2585 1017 2626 se
1047 2565 1215 2625 fundebant

191 2676 295 2716 eorum
318 2657 431 2717 scilicet
450 2658 503 2733 qui
526 2655 622 2716 securi
639 2656 760 2716 fuerant
777 2657 852 2716 facti
870 2655 906 2715 de
926 2655 1023 2715 alieno
1043 2654 1215 2731 oertmine,
1234 2674 1259 2715 as

191 2745 373 2824 quidudum
390 2744 539 2824 fugientes
553 2764 710 2804 murorum
727 2744 898 2823 petiverant
915 2747 984 2804 tuta
999 2748 1029 2805 et
1047 2743 1215 2805 evidentem

191 2839 348 2896 evaserant
370 2839 503 2895 mortem.
539 2854 631 2909 nunc,
655 2836 728 2911 quia
751 2836 848 2894 omnis
871 2835 976 2894 aberat
997 2837 1107 2909 metus,
1130 2835 1214 2894 nullo

191 2928 315 3005 cogente
333 2927 471 2984 certatim
493 2943 556 2984 sese
575 2923 743 2984 fundebant
759 2925 792 2983 in
811 2928 916 3001 aperta
934 2943 1117 3001 camporum.
1147 2925 1216 2983 hinc

192 3016 300 3074 Troius
315 3016 411 3075 uiuis
426 3015 649 3089 Tyrrhenusque
667 3014 729 3072 ruit
745 3015 840 3073 curiis
858 3014 999 3073 enercims
1017 3015 1124 3083 armis,
1142 3014 1216 3073 haut

131 3113 181 3163 125
191 3121 274 3164 secus
295 3104 430 3163 instructi
451 3105 544 3176 ferro,
573 3121 662 3176 quam
684 3104 712 3162 ei
734 3120 843 3177 aspero
864 3104 977 3163 Martis
995 3121 1102 3178 piique
1123 3107 1216 3163 nocet·
1233 3119 1260 3160 ao

264 3315 279 3363 2
302 3312 362 3365 sine
384 3309 444 3377 fato
467 3308 510 3364 ed.
585 3308 770 3365 atantuuV
789 3315 846 3365 tum
865 3309 909 3364 ed.
939 3309 943 3380 t
976 3325 1103 3365 securum
1123 3308 1149 3363 V
1170 3309 1213 3364 ed.

191 3399 219 3438 ee
236 3388 276 3437 a?
332 3383 399 3435 ‘lin
416 3386 552 3436 certamen
569 3381 613 3435 ed.
668 3379 785 3452 SeislV
803 3383 844 3436 eie
862 3398 913 3435 noe
931 3397 986 3436 om.
1003 3379 1046 3435 ed.
1103 3386 1136 3435 12
1155 3383 1215 3436 ein·

190 3454 251 3524 nuti
276 3453 320 3508 ed.
394 3457 427 3507 15
450 3454 541 3509 hoc-
560 3458 592 3506 16
614 3453 802 3507 communitus
824 3468 878 3507 om.
900 3452 943 3506 ed.
977 3456 979 3521 t
1014 3454 1081 3506 ante
1106 3453 1216 3519 effeetus

191 3525 286 3580 nescio
305 3540 343 3578 an
360 3541 427 3580 oras
445 3523 589 3579 exciderit.
658 3529 692 3576 22
711 3524 831 3594 anserinis
848 3524 996 3590 effutiunt
1008 3522 1042 3578 V.
1112 3529 1147 3577 24
1165 3540 1216 3594 oy-

191 3599 283 3652 minus
301 3596 480 3662 effundebant
491 3594 525 3649 V:
549 3611 615 3664 ergo
634 3594 729 3649 nescio
748 3610 786 3648 an
803 3593 874 3648 Don.
892 3612 921 3650 ee
932 3595 1087 3663 ‘effundunt
1103 3593 1215 3664 legerit,

190 3666 268 3736 quod
293 3666 520 3737 Vergiliauorum
545 3665 681 3721 librorum
709 3664 803 3720 nullus
830 3665 958 3734 exhibet,
984 3666 1034 3720 sed
1059 3666 1134 3720 inira
1158 3682 1216 3722 aeae

174 3739 345 3807 fundebunt
361 3738 502 3812 seriptum
520 3740 573 3796 eet.
