2725 4150
545 341 808 397 anuamosvm
1126 349 1188 413 127

170 514 195 570 si
215 510 373 570 verbomm
392 513 579 586 conponatur
597 510 761 584 ordinatio,
781 531 883 570 eorum
902 513 1017 572 scilicet
1036 532 1112 589 quae
1130 533 1191 572 me·

169 604 286 659 trorum
314 618 404 659 causa
431 601 579 675 permixta
607 603 687 658 sunt.
734 601 776 659 sic
799 603 901 677 potest
922 604 953 660 et
976 602 1059 660 aliud
1081 604 1190 661 vitium

169 689 288 767 corrigi,
307 691 333 748 si
351 689 405 748 fiat
423 689 586 764 ordinatim
605 689 689 764 prius
705 689 815 766 quippe
835 690 910 749 dixit
927 693 1042 750 mactat
1061 695 1092 750 et
1109 691 1191 752 sistit

168 785 286 857 postea,
315 797 384 837 oum
411 780 543 854 primum
570 780 611 837 sit
628 780 747 854 sistere,
775 780 936 838 secundum
958 782 1097 840 mactare.
1145 799 1190 840 or·

138 886 149 925 s
169 870 307 927 dinamus
321 887 392 945 ergo
407 871 462 926 sio:
477 888 568 944 quam
583 867 651 943 pius
666 870 784 928 Aeneas
804 868 860 927 tibi
878 870 966 942 enim,
980 869 1045 945 tibi,
1059 871 1191 928 maxima

167 958 258 1032 Iuno,
283 958 322 1016 ad
344 976 412 1016 aras
436 975 503 1015 cum
526 975 616 1034 grege
640 959 722 1017 sistit
744 960 775 1016 et
794 977 879 1018 sacra
897 959 994 1019 ferens
1014 978 1082 1019 cum
1100 977 1190 1037 grege

167 1050 295 1121 mactat3
319 1065 387 1104 cum
411 1067 501 1124 grege
525 1046 605 1105 enim
627 1046 673 1106 bis
698 1047 838 1107 debemus
869 1050 1011 1125 accipere.
1064 1049 1191 1123 Thybris

168 1155 203 1194 ea
226 1138 359 1207 fluuium,
383 1153 473 1208 quara
496 1137 583 1209 leupo
602 1140 651 1205 est,
670 1141 752 1195 aeae
770 1140 925 1196 tumentem
944 1139 1039 1197 leniit:
1061 1138 1191 1215 Thybris

167 1245 286 1284 omnem
309 1228 441 1299 noctem,
463 1226 496 1283 in
520 1227 667 1301 quantum
690 1226 790 1302 fuerat
812 1227 913 1305 longa,
941 1228 1067 1286 fluvium
1094 1229 1190 1302 leniit,

123 1331 149 1370 ro
167 1317 224 1373 hoc
254 1318 300 1373 est
329 1334 441 1392 aquam
472 1317 651 1374 verticosum
680 1316 812 1374 fluminis
837 1318 893 1376 sui.
940 1335 1032 1393 supra
1056 1320 1190 1376 enimin

168 1403 296 1479 septimo
315 1403 392 1463 libro
417 1395 490 1484 (31)
514 1406 559 1462 ait
581 1404 761 1478 „verticibus
784 1405 899 1481 rapidis
923 1407 953 1463 et
975 1408 1072 1465 multa
1095 1408 1191 1466 flavus

167 1495 280 1552 harena
309 1495 341 1551 in
371 1512 453 1551 mare
486 1491 682 1569 prommpit.“
738 1497 790 1570 qui
820 1513 857 1552 ne
887 1495 958 1553 talis
988 1499 1066 1555 esset
1088 1496 1191 1555 Aenea

166 1585 358 1659 navigatura,
372 1582 525 1657 placidum
543 1583 656 1642 fecerat
669 1582 723 1659 qui
737 1583 868 1642 faciendi
881 1582 988 1642 habuit
1001 1587 1190 1660 potestatem.

167 1676 286 1730 noctem
314 1673 462 1748 prolixam
489 1675 603 1749 posuit,
630 1672 792 1731 hiemalem
815 1673 941 1732 scilicet:
965 1673 1112 1749 probatur
1134 1674 1191 1734 hoo

123 1774 148 1814 rs
167 1782 203 1820 ex
233 1780 280 1835 eo,
312 1764 385 1838 quia
412 1761 535 1820 Aenean
566 1762 642 1821 dixit
671 1762 726 1820 sub
759 1762 852 1840 gelidi
882 1762 1012 1822 aetheris
1041 1783 1094 1822 axe
1123 1783 1190 1839 pro·

169 1851 318 1924 cubuisse,
345 1851 402 1909 boc
429 1854 475 1909 est
501 1852 534 1909 in
563 1853 628 1910 loco
657 1853 801 1927 pruinoso
830 1872 865 1911 ex
887 1852 994 1911 hiemis
1019 1871 1119 1913 causa.
1166 1857 1192 1911 et

168 1942 257 1998 tacita
286 1942 414 2010 refluens
442 1942 485 1998 ita
514 1942 642 1999 substitit
670 1941 755 2000 uada
783 1942 878 2000 utitis:
909 1945 952 2002 sic
979 1942 1062 2002 mitis
1091 1943 1191 2002 fuerat

166 2031 264 2089 factus
288 2029 369 2088 unda
391 2030 533 2089 refluente
561 2031 617 2089 hoc
644 2035 690 2091 est
716 2049 853 2107 repressa
881 2033 912 2091 et
938 2035 1071 2107 retenta,
1098 2036 1132 2091 ut
1157 2033 1190 2091 ia

166 2137 276 2177 uioreea
305 2121 402 2193 stupui
428 2120 620 2192 placidaeque
645 2122 770 2194 paludis
799 2126 938 2180 sterneret
965 2140 1073 2195 aequor
1096 2124 1189 2196 aquis,

123 2224 149 2263 so
168 2208 264 2282 [remo
282 2213 314 2267 ut
337 2210 482 2267 iuctauaeu
504 2208 648 2284 abessetJ:
670 2213 758 2269 tanta
776 2211 857 2269 illius
877 2212 1010 2270 fluminis
1028 2212 1189 2287 placiditas

168 2298 242 2370 fuit,
271 2301 305 2355 ut
335 2317 388 2357 nec
419 2317 526 2356 sonum
557 2299 688 2376 aliquem
717 2302 853 2360 mitteret
880 2301 1014 2359 cadentis
1038 2301 1136 2359 undae
1160 2305 1190 2359 et

168 2388 290 2445 remotis
313 2387 480 2446 tumoribus
503 2387 659 2464 praeberet
680 2389 789 2448 faciem
812 2391 925 2466 stagni,
952 2390 1127 2448 intantum
1154 2393 1191 2447 ut

168 2477 258 2534 remis
286 2476 435 2535 luctamen
463 2496 523 2535 non
554 2481 733 2553 superasset.
782 2496 848 2552 erpo
872 2480 925 2536 iter
947 2479 1093 2550 inceptum
1121 2479 1234 2540 cele-90

167 2570 237 2623 raut
265 2584 382 2624 rumare
411 2568 553 2624 secunda:
581 2566 641 2625 iter
670 2566 746 2626 dixit
775 2567 870 2642 ipsius
894 2566 1025 2627 fluminis
1048 2569 1189 2642 tractum,

123 2669 148 2708 aa
167 2674 227 2712 non
251 2655 332 2729 quod
354 2674 445 2714 naves
470 2658 627 2731 tamquam
653 2656 687 2713 in
714 2660 795 2715 terra
823 2655 1020 2715 ambularent.
1070 2676 1188 2715 rumore

168 2744 310 2802 secundo:
346 2763 487 2820 prospero
518 2764 666 2821 aquarum
696 2764 854 2804 murmure.
908 2765 1027 2805 rumore
1059 2746 1189 2806 secundo

167 2835 267 2908 potest
286 2836 377 2892 etiam
396 2836 439 2893 sio
456 2835 603 2912 intellegi,
622 2838 657 2893 ut
674 2834 742 2893 ideo
757 2834 882 2892 Troiani
900 2834 1070 2914 peragendo
1089 2837 1188 2912 spatio

167 2923 298 2981 fluminis
322 2942 443 2998 operam
467 2923 583 2999 darent,
606 2924 686 2999 quod
710 2924 837 2983 animati
858 2925 979 2984 fuerant
997 2926 1189 3002 opinionibus

167 3013 318 3087 prosperis
342 3014 372 3070 et
395 3012 433 3071 ad
457 3014 603 3088 optimam
624 3032 707 3089 spem
726 3013 936 3089 properabant.
974 3016 1083 3074 labitur
1100 3020 1189 3074 uecta

122 3113 148 3153 ea
166 3102 253 3159 uadis
277 3102 371 3159 abies:
398 3121 489 3162 naves
513 3102 552 3161 ad
579 3121 667 3161 usum
694 3103 785 3162 maris
810 3104 931 3163 effectae
959 3104 1136 3164 labebantur
1157 3105 1189 3163 in

167 3190 253 3249 vadis
276 3191 332 3249 hoc
351 3193 396 3249 est
414 3194 445 3249 in
464 3192 585 3250 flumine
604 3192 687 3267 quod
704 3193 744 3251 ad
761 3194 858 3252 vicem
877 3194 1022 3253 vadorum
1040 3197 1189 3253 straverat

240 3384 255 3430 2
274 3380 300 3432 si
311 3384 400 3446 potest
413 3378 528 3433 aliudV
541 3385 568 3434 et
580 3381 620 3434 sie
632 3396 660 3447 p.
675 3398 701 3435 a.
717 3380 761 3434 ed.
775 3382 815 3435 sie
826 3398 855 3449 p.
870 3387 895 3435 et
909 3399 934 3435 a.
950 3398 1009 3434 nos.
1065 3387 1081 3435 6
1100 3382 1189 3450 crepis

166 3452 215 3503 stit
228 3448 254 3500 V
273 3466 341 3503 corr.
362 3450 405 3504 ed.
480 3456 513 3504 10
536 3453 696 3505 verticosum
713 3451 740 3505 V
762 3453 908 3507 oertuibus
931 3452 1117 3507 abuudautem
1144 3451 1187 3505 ed.

169 3527 201 3573 12
217 3524 328 3575 Aeaeae
348 3521 391 3576 ed.
448 3528 481 3575 14
500 3523 612 3576 divitem
626 3524 768 3590 prolixam
781 3522 808 3576 V
825 3530 929 3578 uectem
943 3541 988 3592 pr.
1008 3540 1059 3576 nos
1078 3524 1189 3578 divitem

166 3599 270 3646 uectem
284 3608 329 3660 pr.
350 3593 393 3646 ed.
465 3599 498 3647 20
516 3594 741 3649 runo-abesset
758 3594 839 3648 deest
856 3596 887 3647 in
900 3594 934 3659 V,
954 3595 1003 3648 sed
1023 3594 1190 3662 explicatur.

167 3669 201 3715 22
226 3665 257 3716 iu
279 3670 387 3719 tautum
399 3696 432 3704 -
448 3671 481 3719 23
501 3670 657 3737 superasset
680 3682 736 3724 om.
761 3684 794 3724 ac
810 3666 988 3738 traaauillae
1004 3666 1124 3736 putabis
1139 3664 1211 3716 um-

158 3733 255 3783 stitar't
276 3734 318 3788 ed.
395 3742 429 3791 24
453 3740 508 3795 iter
519 3772 555 3783 -
571 3746 608 3797 26
627 3742 753 3801 seuuao
776 3760 835 3799 om.
854 3741 903 3797 ed.
977 3744 1018 3793 ‘ti
1035 3733 1162 3792 uastat
1184 3728 1236 3782 aa.
