2725 4150
556 303 797 360 Anunmosxt
1120 312 1184 378 461

167 473 248 530 dicta
272 490 375 548 causa,
402 473 438 530 ut
465 472 529 548 ipse
551 465 663 532 indicet
691 472 742 532 ubi
765 473 806 533 sit
828 475 859 533 et
880 475 913 533 in
936 494 996 552 qua
1018 479 1105 553 parte
1128 479 1186 539 ter·

166 580 267 618 rarum
291 563 322 620 et
340 561 425 637 quali
447 560 508 620 situ
527 560 651 621 diffusus
674 579 738 622 esse
760 562 906 624 videatur.
937 563 1076 626 Aurunci
1093 567 1187 626 Retro

167 651 243 722 iique
270 654 422 708 serenici
447 667 560 710 emnem
587 651 677 709 deiros
705 656 835 711 exercent
861 652 945 712 colles
972 658 1058 728 otqiw
1084 655 1188 715 berron

167 741 332 812 asperrimo
350 744 493 814 posceret:
524 757 584 798 non
606 739 706 815 nobis,
734 740 786 801 sed
810 741 1039 804 adhaerentibus
1066 745 1097 803 et
1120 763 1187 804 con·

136 844 147 882 o
166 829 259 906 tignis
277 829 375 904 utilis,
395 832 538 905 quoniam
556 830 613 888 hoc
630 829 757 889 remotio
776 830 852 891 facit
870 833 901 890 et
917 831 1085 910 longinqua
1103 850 1187 909 sepa·

165 920 258 993 reti03
276 919 368 977 istum
387 917 514 996 denique
527 918 663 978 Aumnci
681 921 786 979 serunt
799 923 854 980 aut
867 923 1004 997 poscunt.
1037 922 1187 998 quomodo

166 1005 334 1082 „serunt“?
364 1007 512 1083 quomodo
535 1006 728 1084 ‚,pascunt“?
756 1028 886 1085 vomere,
909 1009 1023 1086 inquit,
1051 1013 1188 1073 exercent

166 1098 246 1172 quod
268 1100 369 1174 potest
391 1097 451 1157 ooli
473 1099 504 1155 et
520 1100 650 1174 pascunt
670 1097 751 1173 quod
768 1099 885 1176 respuit
905 1101 1077 1177 asperitatis
1096 1119 1187 1163 causa

166 1187 322 1246 culturam.
354 1186 460 1262 positis
478 1186 568 1246 ubere
590 1186 651 1247 alio
671 1189 787 1263 serunt,
810 1189 925 1265 colunt,
948 1193 1086 1266 pascunt.
1116 1192 1249 1253 baec320

122 1291 147 1330 io
164 1277 259 1333 omnis
288 1277 366 1349 repio
399 1280 424 1334 et
453 1276 521 1335 celsi
544 1276 640 1351 pinpo
666 1278 761 1349 piraeo
788 1279 895 1336 mortis
927 1279 1010 1338 cedet
1040 1281 1187 1341 amicitiae

166 1366 344 1423 Teucrorum
372 1370 398 1423 et
422 1365 549 1437 foederis
576 1383 687 1438 aequos
710 1366 843 1426 cibamus
866 1367 955 1441 lepos:
987 1386 1064 1444 quae
1088 1373 1187 1430 essent

165 1473 277 1529 aequae
298 1453 425 1514 foederis
449 1454 528 1533 leges
551 1455 617 1531 ipso
640 1454 792 1531 exposuit3
815 1456 860 1516 ait
882 1455 961 1515 enim
984 1458 1131 1530 sociosque
1153 1460 1187 1517 irc

163 1562 255 1616 recreo
273 1560 414 1613 vocemus,
433 1546 469 1604 ut
486 1545 629 1603 societate
647 1543 760 1621 recepti
773 1564 828 1604 nec
841 1546 972 1621 potiores
987 1544 1074 1605 Italis
1089 1549 1187 1607 essent

163 1651 217 1691 nec
235 1633 390 1692 inferiores
409 1632 532 1693 civibus.
569 1634 736 1703 madert,
755 1634 783 1693 si
800 1638 900 1694 tortus
916 1652 1007 1704 amor,
1028 1639 1054 1694 et
1072 1637 1187 1696 moenio

119 1736 145 1776 15
164 1722 303 1780 wodani:
335 1721 360 1780 si
387 1722 470 1800 regio
498 1721 559 1782 illis
586 1721 649 1782 ista
672 1723 844 1800 conplacuit
868 1727 900 1784 ot
928 1725 1058 1784 istarum
1085 1744 1186 1785 amore

164 1810 316 1869 ducuntur
333 1814 496 1887 terrarum,
514 1812 588 1871 istas
607 1811 742 1871 incolant
761 1815 791 1872 et
808 1814 927 1874 moenia
941 1814 1078 1876 condant.
1109 1814 1186 1874 dixit

162 1920 254 1959 unam
272 1902 420 1960 tractatus
442 1902 489 1960 sui
508 1902 538 1960 et
552 1901 717 1961 sententiae
730 1904 856 1978 purtem,
874 1905 910 1962 ut
924 1904 1075 1981 accipiant
1088 1922 1185 1984 agros,

163 1990 321 2050 considant
339 1992 369 2049 et
390 1991 543 2050 civitatem
561 1990 631 2065 sibi,
650 1991 676 2051 si
689 1991 853 2068 voluerint,
872 1992 1016 2069 condant,
1035 1994 1186 2055 subnectit

162 2081 288 2139 alteram
306 2082 362 2139 hoc
380 2080 482 2139 modo:
510 2081 558 2139 sire
576 2081 652 2141 aiios
668 2082 741 2154 sireis
761 2081 888 2141 aliumve
908 2100 1056 2157 capessere
1071 2090 1185 2160 cerotem

117 2186 144 2223 ro
162 2173 203 2227 est
226 2170 345 2228 errimus
362 2172 543 2242 possentque
565 2170 625 2229 solo
643 2170 778 2230 deaedew
797 2176 908 2241 reostro,
933 2173 978 2232 bis
995 2174 1087 2232 eteros
1105 2174 1183 2234 Italo
1194 2181 1246 2230 325

161 2263 293 2317 texemus
315 2259 418 2318 robore
440 2260 539 2329 corb,
563 2260 732 2333 seripturis
754 2261 886 2334 conplere
907 2261 1020 2320 coleret:
1044 2261 1091 2321 sin
1113 2282 1183 2323 vero

161 2346 280 2405 illorum
306 2347 413 2407 animis
437 2347 554 2408 sederet
575 2350 705 2409 transire
729 2349 767 2409 ad
791 2350 851 2408 alia
874 2351 964 2425 atque
988 2350 1063 2409 alias
1086 2352 1183 2429 gentis

162 2439 192 2494 et
214 2438 341 2513 populos
366 2455 523 2514 occupare,
551 2437 682 2517 navigiis
705 2440 842 2499 iuvemus
867 2438 905 2497 ad
927 2438 1095 2517 longinqua
1117 2460 1183 2516 per·

161 2528 272 2603 gentis,
300 2529 437 2586 texamus
464 2526 578 2605 viginti
598 2527 684 2588 navis
711 2528 773 2603 vel,
804 2527 830 2587 si
856 2528 1000 2587 maiorem
1026 2548 1183 2588 numerum

116 2632 142 2671 ss
161 2617 299 2690 conplere
321 2617 460 2692 possunt,
482 2617 600 2694 inpigro
618 2635 840 2694 praeparemus.
877 2616 985 2693 incipit
1008 2616 1104 2678 dicere
1127 2619 1183 2678 hoc

160 2703 260 2778 ipsum
282 2705 364 2764 factu
388 2724 450 2765 esse
470 2705 649 2765 facillimum
672 2709 703 2764 et
720 2724 808 2782 posse
831 2705 894 2765 sine
914 2705 1091 2766 detrimento
1115 2726 1183 2766 con·

160 2794 244 2869 pleri.
290 2795 365 2853 iacet
393 2795 488 2854 omnis
518 2795 559 2854 ad
586 2795 701 2854 wedam
731 2797 881 2855 materies:
914 2795 994 2871 quod
1024 2795 1068 2856 ait
1096 2795 1183 2873 iacet,

161 2882 293 2941 ostendit
315 2883 424 2959 speciei
446 2884 543 2961 ipsius
571 2903 606 2943 ex
629 2883 815 2944 abundantia
838 2883 987 2945 vilitatem
1010 2904 1064 2944 neo
1088 2885 1181 2945 absci-

161 2972 249 3031 dendi
274 2974 327 3031 aut
350 2972 528 3049 exportandi
554 2973 688 3033 laborem
716 2992 779 3033 esse
807 2974 1020 3050 necessarium,
1048 2993 1115 3033 cum
1143 2974 1182 3033 ad

115 3079 142 3117 eo
159 3061 260 3137 ipsum
283 3062 355 3120 litus
378 3081 441 3121 esse
465 3062 618 3123 videretur
640 3064 737 3123 omnis
764 3064 919 3139 materies,
943 3064 999 3123 hoc
1027 3066 1072 3123 est
1095 3082 1181 3123 omne

233 3203 248 3250 2
267 3197 358 3264 qualis
375 3197 451 3251 istud
468 3197 588 3264 diffusus
600 3196 626 3249 V
644 3198 736 3267 quotis
750 3199 801 3253 iste
816 3199 843 3253 d.
858 3198 902 3253 ed.
917 3200 995 3267 quali
1009 3200 1066 3253 situ
1079 3198 1106 3252 d.
1121 3214 1180 3253 nos.

160 3274 176 3320 4
196 3284 252 3321 riori
270 3269 389 3322 oobn-
401 3273 417 3321 9
431 3268 524 3323 coleret
538 3275 659 3337 pascent
677 3286 731 3323 om⁴
749 3269 792 3323 ed.
813 3286 847 3324 ex
864 3269 890 3322 H
908 3269 966 3323 iam
984 3287 1008 3323 v.
1025 3270 1052 3323 d.
1067 3269 1182 3324 Hoeven

159 3357 186 3407 p.
203 3344 236 3391 13
257 3339 359 3394 edidit:
378 3340 460 3395 ubere
478 3356 530 3408 pro
544 3356 613 3409 agro
626 3342 660 3394 ut
673 3356 769 3411 georg.
784 3346 809 3409 2,
821 3347 881 3396 234.
937 3347 970 3395 13
989 3343 1142 3397 societatem
1156 3339 1182 3393 V

159 3413 191 3464 ire
209 3427 230 3463 s.
250 3409 292 3464 ed.
350 3416 382 3464 15
397 3428 521 3467 amorum
533 3412 674 3467 duceretur
687 3413 811 3479 ferorum
819 3412 852 3467 V.
909 3418 942 3467 16
956 3429 1039 3468 seusu
1051 3412 1181 3467 coirrotV

159 3484 228 3535 istos
246 3484 370 3537 incoloret
387 3500 450 3537 nos:
469 3484 701 3538 illis—incoloret
718 3486 823 3539 temere
842 3486 910 3538 mut.
927 3485 969 3539 ed.
991 3484 994 3556 4
1020 3482 1181 3539 cordontV

159 3570 229 3606 corr.
251 3554 294 3608 ed.
369 3560 403 3609 18
426 3561 452 3609 et
474 3556 610 3609 ciuitatem
627 3554 653 3608 V
676 3561 702 3610 et
725 3572 778 3609 om.
800 3555 845 3611 ed.
918 3560 954 3609 i‘t
981 3556 1128 3633 otiumque
1149 3552 1202 3602 ab

159 3630 193 3678 23
213 3626 328 3693 populis
345 3624 378 3680 V.
406 3626 411 3697 t
440 3628 548 3698 mcipii
565 3626 729 3686 iubemusV
750 3646 803 3700 pro
823 3628 969 3686 commodo
987 3622 1154 3680 substituit
1169 3616 1224 3667 ab.

154 3702 192 3747 26
203 3697 312 3760 farrum
330 3696 356 3751 V
366 3698 449 3765 factu
468 3699 510 3755 ed.
