2725 4150
519 351 704 408 AENEIDOS
722 352 762 406 XI
1085 354 1150 421 511

133 524 282 599 pecudum
313 539 432 599 greges,
463 539 532 579 oum
563 521 599 581 de
629 522 696 580 loco
731 520 933 580 traducuntur
968 519 1008 579 ad
1043 522 1152 581 locum.

135 614 284 688 quantum
309 611 404 688 igitur
430 609 463 667 in
490 608 607 670 Latinis
634 609 762 670 militiae
790 609 917 670 dedecus
940 609 1012 684 fuit,
1034 612 1070 669 ut
1093 628 1153 670 non

134 703 253 760 tantum
283 701 387 778 fugere
416 718 521 759 verum
551 701 602 777 agi
630 719 713 759 more
742 701 895 759 mutorum
924 699 1101 759 animalium
1124 703 1155 760 et

134 791 240 867 inpelli
257 789 442 849 viderentur!
479 789 618 862 princeps
636 792 750 848 tomas
767 789 883 849 inducit
898 785 1017 848 Asilas:
1039 789 1154 866 primus

103 880 235 939 aAsilas
267 879 386 939 induxit
416 881 532 937 turmas
563 879 597 936 in
627 878 755 955 medios3
792 879 860 956 quis
892 879 973 938 enim
1007 880 1155 939 metueret

134 967 298 1046 fugientis?
329 969 446 1040 iamque
465 968 707 1043 propinquabunt
727 969 832 1042 portis,
855 985 1031 1043 rursornpue
1048 969 1156 1028 Lutirri

134 1059 289 1117 clamorem
311 1058 415 1116 toltum
437 1061 464 1116 et
484 1057 587 1116 reolliu
609 1057 684 1116 eollo
705 1058 869 1129 reflectunt:
895 1057 949 1116 ubi
970 1057 1032 1117 iem
1051 1056 1154 1118 Latini

132 1147 262 1224 proximi
284 1165 348 1207 esse
367 1149 527 1223 coeperant
543 1147 649 1224 portis,
666 1149 821 1224 resumpta
839 1146 967 1207 audacia
985 1149 1015 1207 et
1032 1147 1154 1225 proprio

131 1238 286 1296 intellecto
310 1235 452 1296 dedecore
473 1238 596 1313 repente
619 1236 659 1295 ad
680 1255 814 1315 pugnam
842 1256 911 1296 eum
933 1237 1061 1297 elamore
1085 1257 1154 1298 oon-

88 1351 114 1388 ιο
132 1328 213 1385 versi
235 1328 315 1387 sunt.
359 1326 391 1384 lei
412 1327 543 1400 sepiunt,
568 1325 624 1384 hoc
647 1328 694 1385 est
716 1325 853 1402 Troiani,
876 1328 1050 1401 penitusque
1076 1329 1155 1388 datis

132 1417 303 1489 referuntur
331 1416 468 1474 tabae:
498 1415 663 1474 debuerant
684 1415 772 1474 enim
804 1416 928 1475 celerius
960 1436 1092 1477 remeare
1122 1418 1155 1476 in

133 1524 286 1581 eampum,
318 1523 355 1563 ne
387 1504 521 1563 locorum
550 1503 724 1565 condicione
756 1507 811 1564 aut
847 1505 1000 1582 aliquibus
1037 1505 1155 1566 insidiis

133 1597 326 1671 caperentur,
348 1593 397 1653 vel
419 1594 547 1653 maxime
569 1613 695 1654 recursu
716 1593 869 1671 insperato
892 1594 1018 1672 decepti.
1059 1596 1156 1669 quoue

133 1686 185 1743 ubi
207 1685 319 1742 alterno
338 1700 518 1758 promerens
538 1685 652 1758 purpite
670 1688 781 1756 pontes
803 1702 883 1744 mene
904 1685 967 1743 ruit
988 1685 1029 1744 od
1047 1688 1217 1744 terremotu

89 1794 114 1833 re
133 1773 321 1846 scopulosque
357 1773 518 1846 superiacit
552 1772 637 1832 undo
672 1790 812 1846 epicurus
843 1777 1056 1859 wernerum
1086 1775 1157 1833 unu

128 1862 286 1935 perfundit
307 1862 458 1929 borreum,
482 1879 562 1921 uuor
582 1862 710 1936 rupidus
727 1866 803 1921 retro
822 1867 907 1937 atque
925 1868 1008 1923 aestu
1024 1864 1157 1923 revoluto

133 1953 286 2010 resorbens
312 1968 388 2009 sura
415 1951 493 2025 sepit
521 1951 645 2024 litusque
671 1953 748 2011 oudo
776 1952 888 2012 lubente
914 1953 1065 2028 relinquit:
1087 1972 1156 2031 pro-

133 2040 208 2119 priis
239 2043 270 2100 et
300 2040 428 2118 signatis
458 2039 558 2100 verbis
588 2059 728 2118 expressa
757 2043 946 2119 conparatio,
974 2062 1035 2120 qua
1058 2046 1156 2103 osten·

133 2132 253 2190 deretur
285 2131 419 2190 alternus
450 2129 594 2208 impetus,
626 2131 760 2208 spatium
791 2133 822 2190 et
853 2131 969 2192 alterna
996 2134 1157 2210 succesum

89 2241 115 2279 eo
134 2241 204 2280 nam
235 2239 339 2280 revera
368 2219 411 2279 sio
441 2239 477 2279 ex
507 2221 570 2279 alto
600 2220 757 2297 inpellitur
786 2239 881 2296 mare,
904 2224 939 2281 ut
961 2225 1157 2299 properantes

134 2311 243 2369 fluetus
272 2311 305 2367 in
333 2309 456 2368 ultimas
486 2309 614 2369 harenas
643 2328 740 2386 usque
770 2309 935 2369 tendantur
964 2314 1055 2387 atque
1087 2313 1157 2372 inde

134 2399 292 2477 explicatis
317 2398 453 2475 lapsibus
481 2397 586 2458 eodem
614 2398 694 2458 unde
724 2400 867 2459 venerant
898 2399 1069 2460 referantur
1100 2402 1157 2460 lin·

135 2492 259 2566 quentes
284 2507 356 2548 saxa
380 2507 457 2564 quae
479 2488 601 2547 fuerant
624 2489 818 2566 supergressi
851 2489 895 2547 bis
919 2489 1009 2548 Tusci
1031 2490 1158 2550 Rutulos

134 2597 215 2654 opere
238 2579 279 2637 ud
300 2580 417 2637 moenio
439 2594 550 2646 orsos,
575 2578 620 2637 bie
642 2578 740 2636 reiecti
767 2578 860 2636 armis
887 2583 1050 2653 respectent
1077 2584 1220 2656 corporeo

90 2686 116 2725 es
135 2672 273 2742 tepentes:
296 2669 436 2743 quotiens
457 2666 490 2725 id
512 2667 628 2727 factum
656 2668 699 2727 sit
722 2665 810 2725 dixit:
838 2666 942 2743 Tusci,
969 2669 1084 2746 inquit,
1112 2669 1158 2730 bis

134 2758 265 2816 Rutulos
295 2758 421 2834 egerunt
450 2755 489 2815 ad
518 2756 651 2832 moenia,
679 2755 726 2816 bis
756 2757 860 2815 reiecti
882 2759 966 2833 sunt,
988 2759 1035 2817 ita
1057 2761 1158 2819 tamen

135 2849 230 2921 cauti,
254 2866 291 2905 ne
314 2848 473 2922 insequens
496 2845 592 2905 hostis
616 2864 737 2905 aversos
761 2845 943 2923 opprimeret
965 2849 1019 2906 aut
1045 2847 1158 2925 feriret,

135 2956 197 3013 qua
220 2955 313 2995 causa
335 2934 548 3013 respectabant
568 2935 625 2994 hoo
648 2937 695 2994 est
716 2937 881 2996 retrorsum
907 2935 1104 2997 attendebant
1128 2941 1159 2998 et

135 3027 229 3085 scutis
255 3028 342 3103 terga
369 3025 492 3101 propria
519 3024 691 3085 tuebantur.
741 3043 798 3101 par
824 3024 1005 3103 fugientium
1034 3046 1158 3087 numero

90 3133 115 3171 eo
136 3118 263 3191 putatur
289 3133 353 3174 esse
380 3113 530 3189 eondiei03
558 3113 605 3173 bis
635 3114 716 3172 enim
743 3113 844 3191 fugati
871 3117 942 3174 sunt
968 3115 1090 3191 Rutuli,
1111 3116 1157 3177 bis

135 3206 240 3279 Tusci,
264 3203 316 3263 sed
337 3205 369 3262 in
392 3223 426 3262 eo
446 3203 629 3263 Rutulorum
647 3201 766 3280 turpius
785 3203 900 3263 factum
919 3204 1158 3282 deprehenditur,

209 3344 222 3391 1
252 3339 404 3393 raduntur
425 3337 452 3392 V
479 3338 664 3394 caemar
694 3338 740 3404 (ef.
766 3339 827 3406 734)
855 3354 906 3392 nos
937 3340 1087 3395 trahemur
1113 3341 1157 3395 ed.

136 3417 151 3463 3
170 3410 248 3476 fuere
261 3409 287 3463 V
304 3410 398 3480 supere
416 3426 467 3464 nos
485 3410 554 3476 ferri
572 3409 616 3463 cd.
694 3409 829 3464 5Asilue
853 3409 883 3462 in
905 3410 1020 3479 interpr.
1040 3428 1094 3466 om.
1113 3413 1156 3467 ed.

136 3489 151 3533 6
178 3498 340 3551 rursumque
360 3481 386 3536 V
407 3497 556 3549 rerumque
581 3480 624 3534 ed.
649 3482 677 3534 et
700 3480 783 3551 Verg.
808 3480 882 3552 libri.
961 3487 993 3535 13
1018 3500 1158 3539 recursum

134 3559 243 3621 operato
262 3552 288 3606 V
308 3570 378 3608 corr.
401 3553 444 3608 ed.
523 3558 557 3606 11
580 3559 669 3607 terrae
692 3552 736 3607 ed.
811 3556 843 3605 15
862 3555 1016 3621 superiora
1031 3555 1157 3610 andoV.

136 3631 170 3679 19
189 3624 424 3679 secessichorr.
442 3625 485 3680 ed.
559 3629 594 3677 24
611 3630 733 3692 respecto
747 3622 780 3678 V.
853 3628 887 3677 25
906 3626 1067 3693 quotieeeeV
1086 3630 1158 3698 quod

135 3696 180 3750 ed.
208 3697 211 3764 l
241 3696 315 3750 dixit
332 3712 385 3751 om.
401 3697 444 3751 ed.
518 3700 551 3749 31
570 3694 823 3750 rutulommVed.
847 3696 996 3753 iberorum
1014 3702 1164 3766 exposa.

135 3768 233 3835 lapsus
251 3766 357 3822 Donati
374 3767 487 3823 videtur
505 3782 566 3822 esse
583 3768 617 3821 ut
636 3772 661 3835 9,
676 3771 740 3823 450.
