2725 4150
558 289 786 347 nummosi
1116 293 1180 362 377

161 460 247 520 nevis
270 459 304 519 in
326 460 422 519 ultum
445 459 616 534 duceretur,
643 463 675 520 et
702 458 877 521 escendendi
900 463 930 520 et
952 458 1094 521 exiliendi
1116 480 1181 538 rep·

161 548 274 626 perisse
310 549 429 609 Turnus
464 548 631 610 remedium
665 551 780 628 posset:
819 568 898 609 nunc
929 552 1019 626 repta
1050 552 1108 625 est,
1147 554 1182 611 ut

161 639 232 698 ente
255 639 288 697 in
311 638 410 699 cltum
436 638 604 716 perveniret
631 656 723 715 quem
745 639 907 699 sentiretur
931 637 1055 699 nexibus
1078 638 1180 699 libere.

161 726 250 805 quusi
271 727 451 788 inhaesisset
472 746 558 803 sexo,
580 729 624 788 sic
651 727 729 788 dixit
755 728 903 805 avulsem3
931 728 1074 789 avellitur
1101 727 1180 788 enim

132 816 244 893 equod
273 818 337 878 sine
364 818 397 878 vi
423 836 484 879 non
510 819 612 896 potest
638 818 782 894 seperari
825 817 910 877 iilum
937 821 1035 878 actem
1063 815 1182 879 Aeneas

160 907 309 966 absentem
325 907 360 966 in
371 906 490 980 proelia
504 908 614 981 poscit:
631 925 720 968 verus
733 907 852 967 Aeneas
871 906 1025 967 absentem
1038 908 1181 986 ignorans

161 995 328 1072 quaerebat
356 995 492 1056 Turnum
521 999 553 1056 et
580 995 704 1073 petebat
731 996 763 1056 in
796 996 919 1074 proelia.
972 997 1059 1058 obvie
1087 997 1181 1057 multa

159 1085 260 1144 cirues
281 1085 403 1146 demittit
420 1102 544 1159 corpora
559 1086 661 1146 morti:
684 1104 754 1145 eum
771 1088 928 1163 quaereret
945 1085 1092 1163 Tamum,
1115 1088 1180 1163 qui·

160 1192 289 1250 cumque
310 1174 359 1234 illi
381 1174 502 1234 obviem
524 1176 646 1235 fuerunt
668 1176 759 1235 morti
781 1179 852 1235 sunt
873 1173 989 1235 traditi.
1025 1179 1087 1234 cm
1110 1176 1181 1236 levis

115 1281 143 1322 rc
159 1264 233 1324 beet
253 1264 335 1323 eitra
357 1264 486 1325 latebas
507 1264 570 1324 iem
593 1265 708 1337 quaerit
728 1265 834 1340 iunge,
857 1265 910 1325 sed
931 1265 1054 1324 srebiime
1076 1265 1181 1325 coiens

159 1353 234 1412 nebi
263 1369 294 1412 se
322 1353 473 1412 inmiscet
501 1357 598 1413 meae:
629 1352 704 1414 levis
733 1353 853 1429 umbre,
884 1371 960 1430 qnee
989 1353 1112 1414 Aenean
1142 1356 1180 1415 si·

159 1442 331 1502 muleveret
348 1441 529 1521 fugientem,
552 1442 691 1519 conplete
710 1461 744 1502 eo
764 1442 844 1520 quod
862 1442 962 1502 fueret
980 1441 1180 1503 necessarium

159 1531 289 1590 ulterius
311 1531 442 1592 latebras
465 1550 525 1592 non
554 1532 699 1608 quuesiit,
727 1531 778 1592 sed
801 1551 831 1592 se
855 1531 983 1592 nubibus
1006 1530 1128 1591 miscuit
1150 1534 1181 1591 et

160 1638 196 1679 eo
225 1619 305 1678 unde
334 1623 458 1681 venerat
486 1621 639 1681 remeavit.
685 1638 751 1680 evsm
780 1622 917 1680 Twrnmte
945 1620 1040 1680 medie
1069 1620 1180 1680 interea
1190 1631 1241 1681 665

116 1727 142 1769 rs
158 1710 219 1783 fert
249 1724 373 1784 aequore
404 1711 502 1770 terto:
544 1711 658 1771 interea
691 1712 872 1770 commotum
902 1710 1029 1789 pelagus
1060 1708 1180 1769 turbine

159 1797 302 1858 trahebat
323 1797 443 1878 longius
466 1800 609 1859 Turnum.

232 1887 364 1962 Respicit
388 1889 514 1964 ignarus
539 1905 640 1948 rerum
665 1888 857 1964 ingratusque
879 1889 985 1949 cebetis
1007 1891 1034 1948 et
1055 1887 1181 1962 demitis

160 1994 229 2036 cum
249 1993 317 2037 ecee
338 1995 447 2037 munus
470 1978 511 2038 ed
532 1978 632 2037 sidera
654 1978 760 2038 tendit
786 1996 840 2055 pro
869 1979 994 2039 adverso
1018 1977 1179 2040 aestimans

161 2066 282 2127 Turnus
312 2066 393 2145 qnod
422 2086 476 2144 pro
506 2068 602 2145 ipsius
631 2067 733 2128 fuerat
761 2069 858 2129 seinte
886 2069 1052 2146 perfectum
1079 2070 1109 2128 et
1131 2089 1181 2147 ge·

115 2177 143 2217 sc
161 2159 277 2217 storum
303 2176 358 2232 pro
386 2174 417 2216 se
444 2156 561 2216 nescius
587 2156 719 2218 tetendit
740 2176 847 2218 manus
871 2158 1031 2219 adsidere
1054 2158 1181 2218 etheec

160 2245 359 2325 gemibundus
378 2245 495 2321 effudit,
519 2264 578 2323 quo
601 2247 634 2305 in
657 2247 738 2307 lecto
761 2246 911 2324 potuisset
932 2246 1046 2326 ingrati
1069 2248 1180 2307 crimen

159 2336 325 2412 incurrere,
352 2334 410 2395 nisi
437 2338 523 2414 gestu
549 2336 685 2396 nesciret.
730 2337 910 2411 emcipotens
930 2338 1056 2411 genitor,
1079 2340 1181 2396 meren

159 2441 207 2483 me
229 2425 350 2484 crimine
372 2425 494 2499 digitum
516 2424 628 2484 ductii
650 2429 677 2484 et
699 2425 768 2484 telis
794 2425 912 2485 colenti
934 2425 1093 2500 expendere
1111 2442 1181 2499 pce·

160 2514 239 2573 nas?
275 2514 380 2573 hocine
402 2513 474 2589 tibi,
496 2512 645 2591 Iuppiter,
675 2512 811 2592 placuit?
846 2506 903 2573 liae
925 2534 974 2572 me
996 2532 1093 2590 poene
1115 2512 1179 2591 dig-

115 2620 141 2661 su
160 2621 234 2660 num
259 2620 322 2663 esse
345 2601 478 2663 duxisti?
513 2604 588 2663 haec
609 2605 645 2662 ut
663 2603 786 2677 diceret,
810 2601 977 2663 ostenditur
999 2601 1180 2662 intellexisse

161 2691 300 2751 fraudem
323 2711 413 2767 quem
435 2710 541 2769 passus
564 2694 618 2752 est.
654 2692 763 2768 incipit
785 2710 956 2751 enumerare
979 2690 1080 2751 omnia
1102 2710 1180 2768 quae

161 2780 210 2839 illi
245 2799 358 2857 poenes
397 2782 490 2841 enimi
531 2780 715 2842 adferebant.
779 2797 834 2854 que
869 2782 950 2854 feror
985 2780 1064 2839 erede
1100 2781 1180 2840 abii?
1190 2787 1242 2837 6⁵10

161 2869 276 2944 nescio,
307 2870 420 2947 inquit,
453 2890 512 2948 quo
541 2871 635 2945 feror,
666 2870 745 2930 unde
776 2872 878 2929 temen
910 2870 1079 2929 recesserim
1110 2871 1179 2929 scic.

161 2975 238 3033 quae
263 2976 310 3019 me
335 2961 409 3035 sega
437 2976 555 3033 quemve
576 2960 712 3020 redamet?
749 2959 848 3036 qualis
872 2976 952 3034 eum,
975 2978 1042 3019 cum
1066 2958 1180 3037 fugisse

115 3067 141 3107 ec
160 3047 279 3115 videor,
302 3049 399 3125 qualis
418 3049 458 3108 ed
480 3068 530 3109 eos
550 3068 624 3125 qnos
643 3047 761 3109 deserui
778 3046 951 3108 rediturus?
982 3048 1181 3109 Laurentisne

235 3246 435 3311 incendendi
452 3255 496 3309 ed.
517 3254 521 3326 l
541 3257 663 3324 repperis
679 3253 849 3311 emmecsV
868 3270 937 3309 corr.
957 3254 1000 3310 ed.
1064 3260 1181 3324 Flqreae-

159 3326 274 3383 rebatur
297 3344 365 3382 num
384 3325 410 3380 V
435 3328 560 3383 Taetrum
584 3327 731 3395 gemebat
756 3326 799 3383 ed.
827 3326 845 3451 ὲ
867 3326 982 3395 patebat
998 3324 1025 3379 V
1047 3342 1116 3381 corr.
1136 3326 1180 3381 ed.

160 3404 178 3452 8
197 3398 305 3453 domim
316 3396 343 3451 V
360 3398 475 3454 dimittit
493 3398 536 3453 ed.
617 3402 651 3453 18
673 3398 745 3454 tollit
762 3397 789 3452 V
809 3414 825 3453 e
847 3442 853 3453 .
878 3400 994 3467 propter
1015 3398 1129 3453 remedie
1150 3398 1181 3451 in

159 3471 277 3537 interpr.
300 3470 388 3525 teredii
410 3469 522 3539 scripsi,
546 3468 622 3537 quod
645 3469 746 3538 optimi
764 3468 848 3541 Verg.
866 3468 934 3524 libri
955 3466 1070 3523 hebent.
1100 3468 1104 3541 l
1134 3486 1181 3525 ex,-

159 3543 290 3597 istimcns
308 3540 351 3595 ed.
407 3546 440 3595 21
459 3540 642 3612 gennebemdus
659 3540 703 3596 ed.
754 3546 788 3595 27
807 3542 872 3610 post
889 3542 963 3609 feror
980 3557 1037 3595 non
1055 3539 1186 3603 distinerix

160 3613 231 3681 quie
249 3611 319 3667 Don,
338 3612 412 3667 unde
428 3628 481 3681 pro
498 3612 565 3668 inde
583 3612 658 3667 unde
677 3611 809 3683 accipere
824 3612 952 3670 uidetur.
1022 3616 1064 3666 ‘lb
1080 3608 1195 3677 tererV

160 3684 204 3738 ed.
220 3684 301 3747 ferar
317 3685 453 3751 expectes.
528 3689 564 3740 30
582 3685 769 3745 rediturusV
791 3706 818 3746 c.
837 3705 903 3746 ecee
921 3686 973 3743 ed.
