2725 4150
186 352 252 418 622
471 348 924 405 nouimnrrnarnvnnc.

184 519 339 578 revocaret
360 536 380 576 a
402 536 517 597 pugna3
547 518 590 578 sic
619 517 700 577 enim
729 518 865 595 superius
893 509 967 600 (61)
993 516 1127 595 positum
1151 522 1213 579 eutr

186 606 258 686 „qni
275 609 306 666 ὴθ
324 626 452 684 cumque
469 609 593 666 manent
610 607 670 667 isto
689 607 851 667 certamine
869 625 956 667 casus
974 610 1006 667 et
1022 626 1084 683 me,
1099 606 1212 685 Turne,

184 699 321 772 manent,
344 696 435 756 simul
456 696 530 756 haec
552 696 652 757 invisa
672 697 844 773 relinquam
861 697 977 756 lumina
993 715 1048 756 nec
1066 715 1213 775 generum

186 786 308 846 Aenean
335 785 457 863 captiva
479 784 613 846 videbo“.
646 785 752 863 aliqua
769 788 871 845 tamen
888 786 972 863 loqui
994 786 1142 863 conpulsa
1165 789 1213 847 est

186 878 217 936 st
234 876 277 935 sic
291 875 385 935 vitam
403 893 489 935 suam
508 874 683 934 concludere
702 877 745 935 vi:
764 894 796 935 se
815 894 937 935 causam
954 875 1066 935 elamat
1084 876 1212 935 crimen·
1244 894 1257 935 s

186 983 243 1041 que
271 967 421 1041 caputque
448 963 605 1023 mulorum.
650 964 717 1041 ipse
744 967 917 1025 estractus
947 983 1035 1024 verus
1066 967 1099 1024 et
1124 966 1213 1025 nullu

185 1053 366 1113 defensionis
385 1071 441 1131 ope
456 1053 597 1113 suffiiltus
612 1073 703 1129 quem
720 1072 790 1115 reus
803 1054 868 1131 ipse
882 1053 1042 1114 confitetur
1056 1056 1087 1113 θὴ
1099 1053 1211 1115 firmat

186 1142 267 1220 quod
283 1143 396 1202 Amata
417 1141 563 1218 feriebat,
587 1144 730 1220 quoniam
753 1143 880 1222 cogebat
901 1143 1064 1219 dementia,
1081 1143 1213 1222 urgebat

185 1236 217 1291 et
238 1232 330 1291 furor.
362 1250 434 1291 num
456 1233 558 1291 nullus
581 1234 701 1309 estqui
718 1232 845 1292 crimina
867 1251 923 1292 sua
941 1233 1048 1310 sponte
1065 1231 1212 1309 fateatur,

183 1320 244 1381 nisi
268 1339 357 1398 quem
380 1322 446 1400 ugit
471 1320 640 1398 inpotentia
669 1322 778 1382 mentis
806 1323 861 1382 aut
886 1340 974 1398 quem
996 1322 1080 1381 tenet
1101 1324 1257 1382 mortiers

185 1409 329 1471 adfectus.
374 1410 442 1488 ipse
471 1410 566 1489 igitur
596 1414 757 1487 prosecuta
785 1415 833 1471 est
863 1410 1084 1471 accusationem
1114 1430 1212 1488 suam,

184 1500 252 1577 ipsa
272 1499 381 1560 iudicis
404 1500 535 1560 officium
557 1501 673 1575 tenuit,
695 1501 728 1559 in
751 1500 923 1559 executione
946 1501 1113 1560 sententiae
1136 1520 1212 1561 suae

184 1592 252 1667 ipse
269 1589 417 1649 carnificis
435 1590 532 1666 partis
550 1589 685 1665 inplevit.
708 1590 857 1663 mutoque
865 1606 922 1663 per
934 1594 1078 1649 memnon
1092 1590 1212 1650 dauns

184 1681 274 1752 effata
291 1680 434 1751 furorem,
458 1678 556 1739 multa
572 1680 730 1755 praeterea
747 1678 900 1739 effundens
920 1698 998 1755 quae
1016 1679 1213 1740 convenirent

184 1767 329 1828 dementis
356 1767 544 1845 furentisque
570 1786 729 1844 personae,
752 1785 923 1843 propureos
948 1768 1094 1828 mordere
1115 1786 1212 1828 manu
1231 1790 1257 1830 u

184 1856 324 1917 metue
340 1858 464 1916 amictus
483 1862 510 1916 et
526 1858 636 1916 codeces
654 1858 792 1931 informis
810 1858 859 1917 leli
876 1858 958 1916 trabe
970 1858 1058 1917 nectit
1075 1858 1113 1917 ab
1132 1858 1212 1917 allo:

182 1948 302 2023 prester
324 1947 421 2006 multa
438 1947 520 2006 mala
539 1965 615 2023 quae
632 1965 688 2023 per
705 1945 887 2006 dementiam
910 1949 941 2006 θὴ
957 1945 1088 2006 furorem
1107 1946 1212 2008 locuta

180 2037 230 2096 est
247 2034 369 2096 discidit
383 2055 501 2114 quoque
515 2054 697 2114 purpuream
710 2038 825 2098 restem
838 2034 1021 2114 perindeque
1035 2036 1211 2115 pretiosam.

184 2126 258 2204 qnid
281 2126 361 2184 enim
379 2126 414 2185 de
438 2125 549 2202 speciei
568 2127 676 2186 merito
696 2126 843 2204 cogitaret
866 2146 942 2204 quae
960 2126 1060 2204 ipsam
1078 2126 1210 2187 salutem

184 2234 269 2275 snam
287 2214 392 2275 mortis
409 2215 609 2275 destinatione
628 2214 868 2294 contempserat?
891 2219 922 2275 et
939 2215 1052 2275 nodum
1069 2216 1209 2276 informis
1229 2237 1257 2278 so

183 2305 237 2364 leti
255 2305 339 2364 trabe
358 2306 453 2364 nectit
467 2305 504 2364 eb
523 2305 600 2364 alta:
617 2305 768 2381 informis,
786 2306 843 2365 hoc
862 2308 984 2365 estnon
1004 2305 1210 2366 convenientis

183 2394 267 2455 sexui
284 2395 333 2455 vel
346 2395 462 2453 honori.
494 2395 589 2453 nodus
607 2393 826 2473 intellegendus
846 2397 892 2454 est
906 2415 965 2471 quo
983 2394 1088 2454 nexuit
1105 2395 1208 2456 fauces

183 2503 253 2544 suas
276 2487 307 2543 et
328 2483 419 2543 fimus
443 2502 531 2542 suum
549 2483 714 2561 pendulum
736 2483 815 2543 fecit
846 2502 935 2558 meam
953 2484 1065 2543 cladem
1081 2484 1208 2542 misaac

122 2576 336 2647 torporiosam
363 2590 497 2646 occepere
519 2573 661 2642 Latinae,
689 2574 756 2645 filio
772 2574 877 2646 primo
902 2591 996 2632 manu
1022 2575 1117 2644 flavos
1143 2572 1206 2631 La·

182 2663 267 2722 eiecto
289 2662 380 2721 meis
403 2667 429 2720 et
450 2679 551 2721 roseos
575 2662 691 2721 laetato
711 2679 818 2736 genas:
847 2665 1081 2722 consentaneum
1107 2662 1208 2721 fuerat
1227 2682 1255 2722 ss

183 2750 377 2811 domesticam
400 2750 515 2810 cladem
537 2751 635 2827 primo
657 2751 800 2811 mulieres
822 2769 955 2827 noscere,
980 2752 1126 2829 quoniam
1148 2753 1209 2811 viri

183 2839 215 2898 in
237 2839 307 2899 aliis
329 2840 450 2900 fuerant
472 2840 624 2917 occupati3
651 2859 754 2900 verum
777 2840 849 2917 quia
871 2840 1000 2900 secundo
1022 2840 1089 2900 loco
1112 2841 1208 2900 filiam

182 2930 310 3006 putatur
332 2931 516 3005 nominasse,
545 2949 605 2989 non
628 2931 759 2989 secundo
783 2930 908 3006 dictum,
938 2929 989 2990 sed
1008 2948 1076 2989 cum
1099 2931 1207 2991 ceteris

182 3017 299 3079 Latinis
322 3019 467 3079 matribus
492 3019 610 3080 audisse
628 3039 695 3078 eam
718 3019 952 3098 intellegendum
975 3022 1033 3095 est,
1056 3038 1118 3096 quo
1137 3039 1207 3080 con-

182 3110 268 3185 perto
290 3109 389 3184 prima
413 3108 533 3168 discidit
550 3127 679 3169 comam:
702 3110 813 3186 prima,
837 3109 893 3185 ait,
916 3110 1009 3169 vestis
1030 3108 1208 3169 indumenta
1226 3126 1254 3166 ao

256 3320 270 3367 1
293 3330 418 3369 secocore
436 3314 462 3368 V
480 3321 617 3370 revocaret
638 3332 690 3369 nos
708 3332 818 3371 evocare
836 3315 887 3370 ΗΟ
902 3315 946 3371 ed.
1024 3319 1041 3368 d
1059 3315 1120 3370 nise
1134 3314 1160 3367 V
1177 3316 1207 3369 ci

181 3401 209 3439 se
227 3402 278 3439 noe
296 3387 329 3439 iu
346 3402 374 3440 se
392 3385 419 3438 H
437 3403 465 3440 se
482 3386 526 3440 ed.
555 3387 558 3457 l
589 3403 674 3441 causa
688 3386 714 3440 V
728 3403 797 3441 corr.
816 3387 860 3442 ed.
889 3387 893 3460 Ι
922 3385 1064 3442 eloeustV
1082 3388 1206 3442 clamans

182 3455 225 3509 cd.
255 3457 257 3526 l
287 3458 443 3526 crimenque
460 3456 486 3510 V
509 3464 535 3512 et
556 3460 658 3512 crimen
679 3458 723 3512 ed.
797 3464 831 3512 15
849 3459 968 3514 domem
984 3458 1142 3527 Martique
1160 3458 1204 3512 ed.

176 3531 214 3582 28
224 3532 350 3600 putetur
363 3527 389 3584 V
403 3529 448 3585 ed.
468 3528 570 3599 „verba
586 3532 742 3598 corrupta“
758 3529 877 3584 adnotet
889 3529 1019 3599 Hoppius
1032 3546 1060 3599 p.
1072 3534 1107 3583 20
1118 3549 1146 3584 n.
1156 3535 1203 3583 44:

166 3617 224 3672 ego
249 3603 323 3675 quid
345 3603 397 3662 hic
421 3603 552 3677 corrupti
570 3601 686 3658 sitnon
699 3601 797 3656 videor
815 3601 896 3654 tuere
916 3602 967 3668 oui
983 3599 1142 3670 Vergilium
1160 3617 1204 3655 rc⁴

153 3677 401 3806 pzhenderent
430 3680 513 3755 quod
537 3676 694 3736 Lavinium
720 3671 846 3728 secundo
865 3671 934 3722 loeo
953 3670 1209 3734 nominassemus

144 3765 180 3804 re
221 3756 268 3809 tet
289 3753 371 3815 Don.
