2725 4150
200 352 266 417 240
484 348 625 404 DONATI
642 347 936 403 manupastus

199 517 324 595 proinde
360 519 470 578 notitia
501 519 635 577 locorum
665 518 807 577 instructu¹
842 516 1015 576 clauserunt
1046 513 1223 576 custodibus

198 608 307 667 silvam
330 609 361 666 et
383 607 484 666 omnia
506 607 573 666 loca
594 625 648 683 per
671 625 748 683 quae
772 605 859 665 evadi
870 605 1027 754 mast
1049 607 1223 665 tenuerunt.

198 696 276 757 silua
297 697 357 770 fuit
378 697 435 755 late
457 696 555 756 dunis
574 700 660 768 atque
681 696 747 755 ilice
764 696 852 770 niara
945 696 950 709 '
972 714 1004 765 a,
1028 712 1118 771 anna
1136 694 1224 755 densi

199 786 370 860 conplerant
388 786 518 858 undique
540 789 646 854 sentes,
670 803 745 844 rara
764 801 818 858 per
836 785 959 844 occultos
976 784 1100 844 ductat
1114 784 1223 844 secuda

200 875 301 935 ealles·
327 876 405 934 situs
428 874 522 935 silvae
549 874 582 932 in
603 876 724 933 tantum
747 873 937 949 describitur,
960 876 997 933 ut
1017 873 1096 932 nihil
1118 891 1223 949 super·
1254 893 1265 936 s

198 965 292 1023 fluum
318 966 433 1039 masat,
460 964 517 1023 hoc
544 963 639 1042 exigit
660 963 818 1023 brevitatis
840 962 933 1037 rati03
960 963 992 1022 id
1015 962 1095 1023 enim
1122 963 1223 1022 solum

198 1053 307 1113 habere
330 1051 418 1115 debet
440 1051 521 1129 quod
538 1052 613 1114 Niso
635 1055 666 1112 et
684 1053 818 1129 Euryalo
841 1051 938 1112 facere
956 1054 1058 1128 posset
1075 1071 1223 1128 errorem3

199 1144 298 1200 cetera
320 1160 390 1201 vero
413 1141 563 1219 descripta
585 1161 645 1202 non
669 1143 741 1201 sunt
764 1159 842 1218 quae
859 1141 980 1220 negotio
998 1159 1059 1200 non
1077 1132 1222 1220 congube-

199 1231 279 1289 baut.
322 1232 399 1290 silva
426 1231 521 1310 igitur
548 1233 696 1307 occupata
723 1230 857 1290 sentibus
884 1231 946 1289 fuit
973 1250 1027 1307 per
1053 1231 1222 1290 inmensam

199 1319 390 1380 latitudinem
413 1320 502 1395 fusis,
529 1319 649 1380 ilicibus
671 1320 779 1398 nigris,
806 1319 932 1380 ramosis
956 1323 991 1388 etp
1009 1320 1115 1397 spissis
1137 1321 1223 1380 tene·
1241 1341 1265 1381 ιο

199 1408 300 1483 bross,
323 1413 359 1468 ut
381 1412 501 1486 praeter
523 1409 738 1469 obscuritatem
756 1410 852 1488 noctis
876 1409 952 1470 alias
971 1411 1045 1469 atris
1063 1407 1222 1469 frondibus

200 1499 261 1558 suis
285 1499 422 1559 tenebras
445 1498 576 1558 adderet.
617 1517 688 1558 rara
715 1519 769 1575 per
796 1500 928 1558 occultos
956 1498 1084 1558 ducebat
1113 1497 1223 1558 semite

200 1588 304 1664 calles3
327 1587 459 1648 difficilis
482 1587 628 1648 transitus
651 1590 682 1647 et
704 1588 794 1664 plena
811 1587 1044 1665 investigatione
1066 1587 1222 1664 quaesitus

199 1679 279 1737 inter
297 1680 441 1756 angustos
459 1677 549 1737 calles
568 1680 689 1754 poterat
706 1677 839 1754 reperiri.
877 1677 967 1738 calles
987 1676 1059 1754 quid
1078 1675 1141 1737 sint
1156 1676 1223 1754 ipse

199 1769 290 1844 poeta
308 1767 460 1843 exposuit3
483 1766 551 1827 viae
570 1767 680 1845 quippe
700 1769 773 1826 sunt
794 1769 994 1845 peraugustae
1016 1766 1096 1826 inter
1114 1766 1223 1827 dumos
1242 1785 1265 1828 rs

200 1875 277 1933 quae
290 1856 341 1916 vix
355 1855 518 1915 admittant
530 1856 738 1916 transiturum.
763 1856 821 1915 duo
835 1855 929 1935 igitur
942 1855 1087 1931 subsidia,
1099 1855 1225 1915 videndi
1253 1919 1259 1933 ‚

200 1944 314 2005 scilicet
340 1946 431 2021 atque
458 1944 628 2022 gradiendi,
659 1945 843 2024 fugientibus
873 1945 1064 2024 negabantur
1095 1947 1126 2004 et
1155 1945 1224 2021 ipsa

200 2033 410 2095 describendae
433 2035 526 2095 silvae
549 2034 649 2095 fuerat
672 2053 776 2112 causa;
803 2054 858 2113 per
883 2035 957 2095 haec
987 2035 1066 2094 enim
1089 2035 1225 2112 separati

200 2126 272 2183 sunt
291 2127 421 2200 quinon
444 2123 609 2184 debuerant
627 2124 756 2184 discerni
779 2127 809 2184 et
831 2124 948 2185 ultimis
971 2123 1128 2202 suppliciis
1147 2124 1224 2184 dari.

200 2213 308 2290 incipit
328 2213 391 2272 iam
414 2212 618 2291 deceptionem
641 2215 740 2290 ipsam
759 2214 864 2275 dicere.
900 2214 1069 2288 Euryalaam
1088 2215 1224 2274 tenebrae
1241 2233 1266 2274 so

139 2306 191 2355 386
200 2320 352 2362 rannone
370 2318 548 2376 onerosaque
561 2304 676 2377 praeda
689 2304 844 2376 inpediunt
856 2303 990 2378 fallitque
1004 2304 1089 2362 tinor
1106 2304 1224 2379 cepione

201 2393 333 2451 ciarum:
355 2411 416 2451 non
430 2393 542 2470 praeda
554 2392 722 2469 inpediunt,
742 2392 885 2468 quoniam
900 2392 1062 2470 singularis
1080 2411 1224 2453 numerus

201 2481 313 2558 plurali
334 2481 421 2558 iungi
444 2502 503 2541 nou
527 2482 641 2559 potuit,
664 2481 716 2541 sed
733 2500 887 2541 ramorum
904 2481 1042 2542 tenebras
1061 2484 1092 2541 et
1109 2482 1224 2558 praeda

201 2569 395 2648 inpediebant
428 2570 530 2649 fugere
566 2570 735 2648 cupientem
767 2570 924 2631 accedente
953 2570 1045 2629 etiam
1075 2590 1110 2632 ee
1141 2570 1225 2649 quod

201 2662 313 2718 terrore
343 2660 433 2719 simul
463 2662 493 2719 et
523 2660 657 2721 locorum
685 2659 874 2738 ignoratione
907 2660 1047 2719 confusus
1078 2679 1138 2737 qno
1164 2662 1226 2721 iter
1242 2676 1267 2719 ss

201 2748 337 2808 tenderet
358 2749 517 2810 nesciebat.
557 2750 653 2809 Nisus
676 2750 753 2821 abit·
774 2750 891 2823 ianque
910 2750 1072 2824 inprudens
1090 2754 1226 2810 naserat

201 2838 290 2897 hostis
318 2841 403 2910 atque
430 2838 505 2897 locos
528 2840 579 2912 qut
600 2842 670 2911 poet
691 2836 787 2898 Albae
811 2839 847 2897 de
869 2840 986 2898 nonina
1008 2839 1078 2898 alieti
1099 2836 1223 2909 Albani,

201 2930 263 2985 lun
281 2944 332 2986 ren
349 2927 467 2986 stabula
486 2928 548 2987 alta
562 2928 693 2988 Latinus
705 2928 843 2987 babebat:
860 2927 965 3001 Nisus,
984 2929 1037 3005 qui
1050 2928 1135 2987 nullo
1149 2948 1224 3005 pon·

202 3015 280 3075 deris
303 3015 506 3093 inpedimento
530 3019 695 3091 teneretur,
723 3017 843 3076 adiutus
865 3018 1063 3094 prosperitate
1085 3017 1225 3093 fortuita,

203 3106 304 3167 omnia
320 3105 469 3182 inpedita,
488 3105 560 3165 dum
577 3106 685 3182 nescit,
704 3107 808 3167 evasit.
844 3110 877 3166 ul
899 3107 975 3165 stetit
995 3109 1021 3165 et
1037 3109 1154 3181 frusta
1171 3109 1224 3168 ab·
1242 3123 1267 3165 n

275 3317 291 3365 2
307 3314 461 3381 pernossent
479 3311 522 3366 ed.
584 3317 600 3365 3
619 3312 734 3367 barrida
751 3311 893 3365 Donatum
912 3314 1010 3366 contra
1023 3315 1144 3367 metrum
1159 3329 1224 3368 cum

203 3384 266 3438 ilice
290 3382 459 3453 coniungere
483 3384 567 3451 putat
591 3382 721 3453 Hoppius
743 3400 770 3451 p.
787 3387 829 3449 39,
853 3384 920 3452 quia
942 3386 1058 3438 ramosis
1080 3390 1105 3438 ct
1167 3385 1172 3398 '
1206 3387 1226 3441 's

203 3454 417 3523 interpretatur:
437 3454 487 3509 sed
506 3454 632 3508 dubitari
650 3456 753 3522 potest.
814 3460 831 3508 4
850 3455 965 3509 ducebat
983 3456 1022 3522 (et
1039 3455 1124 3526 infra)
1178 3456 1224 3512 ed.

204 3525 239 3580 ci.
259 3526 333 3582 Serv.
407 3531 440 3579 12
456 3543 507 3595 per
524 3525 675 3581 occultisV
690 3543 759 3581 corr.
774 3526 818 3580 ed.
891 3532 923 3580 14
942 3527 1022 3581 callis
1039 3528 1106 3595 quid
1123 3529 1162 3583 sit
1178 3528 1224 3586 od.

200 3603 237 3650 Μ
254 3599 405 3653 transitum
423 3597 466 3651 ed.
539 3603 574 3651 24
596 3597 760 3666 impediebat
778 3598 821 3652 ed.
851 3598 854 3652 l
888 3598 1056 3653 accedentem
1069 3597 1095 3651 V
1113 3605 1155 3654 ·tc
1172 3616 1224 3655 uos

188 3668 226 3720 et?
256 3674 301 3737 10,
320 3675 356 3725 63
389 3670 539 3728 accedunt
565 3668 609 3726 ed.
644 3669 649 3744 l
682 3670 765 3726 etiam
792 3686 822 3725 eo
849 3668 875 3723 V
905 3670 986 3723 timor
1017 3669 1151 3738 interpos.
1178 3670 1223 3728 od.

175 3743 216 3791 27
231 3740 312 3799 locos
328 3742 356 3799 V
372 3745 457 3803 lacus
476 3744 521 3803 ed.
599 3749 636 3802 30
657 3743 856 3817 impedimenta
874 3740 920 3796 ed.
