2725 4150
546 331 801 390 mnemosxu
1120 335 1185 402 605

165 505 250 563 souto
264 503 419 581 amplexus
433 503 475 563 sit
488 522 577 582 quem
594 501 745 562 oonsolari
759 502 867 561 osculis
887 503 918 562 et
931 501 1028 562 verbis
1046 501 1187 579 cupiebat

164 593 312 653 instruere
334 587 359 674 †
381 611 399 653 o
422 593 576 670 amplexus
599 591 722 666 armati,
751 609 788 650 ne
816 610 903 650 omen
932 593 1010 651 esset
1040 592 1186 668 deponere

162 685 283 742 sentum
306 683 338 742 et
359 680 497 742 manibus
519 680 608 742 nudis
626 680 720 739 filium
746 680 894 756 amplecti.
926 681 993 756 ipso
1012 683 1098 740 sento
1117 700 1186 739 eum

163 771 202 831 ad
225 790 257 832 se
280 771 399 850 oolligit
420 790 480 847 qno
504 776 588 831 etse
611 769 785 830 defensurus
813 770 913 829 fuerat
939 772 970 829 et
996 789 1100 831 securo
1123 770 1185 829 filio

131 859 354 938 sqnaesitnms
375 859 545 937 imperium.
581 861 709 934 interea,
734 859 805 937 quia
827 858 945 919 viderat
967 879 1034 919 eum
1057 860 1186 935 flentem,

162 952 194 1008 et
210 949 300 1009 leniit
317 949 426 1010 oseulis
444 949 578 1008 animum
596 948 685 1027 pueri
703 950 746 1023 et,
764 968 801 1007 ne
819 948 902 1008 ultra
916 951 994 1008 esset
1010 949 1046 1008 de
1059 951 1186 1025 paterna

161 1039 263 1100 salute
292 1042 461 1116 anspertus,
492 1038 580 1098 dietis
609 1057 729 1114 qnoque
757 1039 922 1113 conposuit.
955 1039 1045 1107 disee,
1075 1039 1186 1114 inquit,
1195 1049 1247 1099 435

158 1145 245 1202 puer,
268 1129 404 1188 virtutem
422 1145 457 1188 es
477 1145 524 1187 me
540 1144 698 1201 vermesque
716 1127 855 1196 laborem,
879 1130 1031 1202 fertonem
1049 1144 1084 1186 es
1103 1127 1187 1187 attis:

161 1217 244 1278 disee
266 1236 328 1277 non
353 1219 475 1278 tantum
501 1216 541 1276 ad
567 1217 711 1278 virtutem
737 1216 868 1293 pertinet
894 1236 999 1276 verum
1028 1217 1120 1276 etiam
1147 1218 1186 1278 ad

115 1325 142 1366 ro
159 1306 297 1367 laborem
320 1325 439 1383 quoqne
461 1309 492 1366 et
514 1306 678 1380 fortunam,
706 1308 741 1364 ut
763 1305 803 1364 sit
826 1306 905 1366 disee
927 1307 1083 1381 virtutem,
1107 1306 1186 1367 disee

159 1395 297 1456 laborem
319 1414 437 1471 verum,
459 1395 539 1456 disee
558 1396 726 1469 fortunam,
749 1394 802 1454 sed
825 1394 930 1456 divisit
953 1395 1026 1454 haee
1049 1396 1111 1455 alia
1134 1396 1185 1455 ad·

160 1484 295 1546 seribens
313 1504 458 1562 personae
476 1503 561 1560 snae,
580 1485 643 1543 alia
661 1483 738 1544 aliis.
771 1504 807 1543 ex
822 1504 879 1559 me,
897 1485 1006 1560 inquit,
1024 1484 1077 1558 fili,
1095 1485 1186 1544 velim

160 1574 260 1636 diseas
275 1594 368 1652 qaam
386 1574 426 1634 sit
443 1574 632 1634 eommodnm
645 1573 780 1633 studium
794 1575 904 1633 sectari
917 1575 1053 1649 virtutes,
1072 1576 1186 1649 quanta

159 1663 257 1725 animi
286 1663 435 1743 patientia
462 1663 578 1723 labores
606 1661 675 1722 duri
701 1663 851 1723 tolerandi
880 1664 941 1722 sint
970 1666 1000 1723 et
1028 1662 1185 1722 tolerando

115 1770 141 1812 re
159 1752 337 1832 superandi,
369 1755 518 1831 quantum
541 1756 643 1812 autem
665 1751 705 1811 ad
734 1754 858 1812 eventus
888 1752 1025 1812 fortunae
1047 1753 1186 1828 pertinet,

160 1844 217 1903 sub
236 1842 324 1903 onina
340 1843 476 1903 homines
496 1841 707 1921 periclitantur
723 1844 846 1916 inoerto,
861 1843 933 1917 opto
947 1861 982 1900 ex
997 1841 1064 1902 aliis
1079 1841 1185 1902 diseas

159 1950 241 1992 nuere
268 1935 295 1991 te
320 1949 387 1991 mee
413 1933 532 1991 dextero
555 1932 627 1991 betto
650 1931 804 2005 deferrem
826 1931 909 1989 dabit
930 1935 957 1989 et
977 1948 1089 2005 moyere
1110 1933 1186 1990 inter

155 2022 298 2095 praem
320 2022 417 2082 docet:
445 2021 520 2082 facit
543 2040 612 2081 eum
635 2020 671 2080 de
694 2019 901 2098 praesentibus
925 2039 1063 2081 securum
1085 2021 1184 2081 deten-

161 2112 277 2171 sionem
299 2110 503 2188 plenissimam
531 2109 680 2188 spondens
711 2113 742 2169 et
769 2129 804 2169 ex
832 2109 959 2171 victoria
987 2110 1184 2172 eommodum.

120 2215 144 2255 so
161 2204 194 2260 tu
219 2202 323 2274 facito,
353 2218 420 2260 neon
447 2219 513 2260 eum
539 2203 660 2260 matera
687 2200 844 2259 adoleverit
871 2204 965 2269 oetas,
996 2201 1038 2259 ste
1064 2218 1186 2273 memor,-

162 2289 250 2349 eitius
278 2290 359 2348 enim
387 2290 573 2367 superiorum
599 2290 688 2365 pueri
713 2290 892 2349 inmemores
914 2289 1005 2363 fiunt,
1036 2308 1112 2365 qnae
1138 2308 1184 2349 res

162 2380 329 2440 necessario
344 2379 525 2457 suggerebat
540 2380 577 2438 nt
590 2381 676 2455 gesta
689 2380 855 2455 praesentis
870 2378 1013 2455 temporis
1028 2377 1067 2436 ad
1081 2397 1184 2455 perpe·

162 2468 302 2528 tuitatem
325 2470 484 2528 memoriae
505 2467 797 2527 commendarentur:
822 2468 915 2526 facito
939 2470 1056 2541 teneas,
1074 2468 1184 2543 inquit,

163 2575 230 2617 eum
252 2556 347 2617 fueris
369 2557 477 2633 maior,
501 2576 535 2617 ae
558 2557 731 2618 memoriter
752 2557 857 2616 volvas
876 2576 953 2633 quae
974 2555 1083 2616 videris
1102 2576 1186 2634 puer.

128 2650 188 2704 oet
208 2651 235 2705 te
259 2647 358 2705 antero
379 2650 551 2720 repetentem
574 2647 705 2719 exempto
728 2650 844 2705 toorwm
867 2650 893 2705 et
910 2650 998 2719 poter
1017 2644 1136 2704 Aeneas
1159 2651 1185 2705 et
1193 2657 1245 2707 440

163 2735 445 2795 remeatremeat
461 2737 584 2795 Hector:
606 2739 638 2794 et
659 2754 728 2795 eum
746 2738 814 2793 tuos
838 2736 938 2794 animo
959 2735 1090 2812 eoeperis
1114 2754 1183 2794 enu-

162 2844 274 2884 merare
293 2825 430 2899 maiores,
448 2828 564 2903 patrem
579 2828 669 2900 atque
683 2823 867 2884 avunculum
883 2825 998 2883 imitari
1013 2824 1183 2900 sententiae,

162 2914 217 2973 hoo
240 2916 286 2974 est
307 2915 430 2974 tuorum
452 2916 553 2991 potius
577 2914 712 2974 exciteris
736 2913 887 2989 exemplis.

232 3090 249 3138 2
268 3100 285 3139 e
302 3086 446 3153 amplectae
463 3086 566 3139 armati
578 3084 604 3136 V
621 3100 703 3139 eruce
722 3084 832 3153 signavi
851 3091 901 3140 aut
919 3086 1063 3153 ompteous
1081 3086 1184 3139 armati

162 3154 283 3210 absurde
304 3156 347 3210 ed.
367 3156 486 3210 fortasse
508 3157 569 3211 ideo
592 3158 735 3225 amplexus
756 3163 888 3211 armatas.
962 3160 978 3209 3
1001 3157 1061 3225 ipso
1079 3155 1105 3209 V
1127 3157 1183 3224 ipsi

161 3227 204 3283 ed.
222 3229 281 3296 s'pse
299 3227 343 3282 ed.
361 3229 433 3296 post.
462 3227 466 3299 t
495 3244 556 3282 eum
571 3225 596 3279 V
611 3229 654 3281 ed.
673 3244 735 3282 eum
754 3227 797 3281 ed.
816 3229 888 3296 post.
963 3232 994 3280 11
1016 3244 1109 3282 oerum
1128 3243 1181 3280 om.

160 3298 204 3353 ed„
263 3304 296 3353 15
314 3298 353 3353 ad
369 3298 504 3355 ventusV
523 3300 561 3353 aet
579 3298 951 3355 commendaremus
968 3315 1026 3352 nos.
1053 3298 1056 3370 t
1084 3300 1183 3353 attinet

160 3370 203 3423 ed.
279 3375 312 3423 16
340 3368 467 3425 ensiusV
494 3387 515 3425 e.
543 3372 573 3425 oi
600 3371 643 3425 ed.
679 3371 682 3441 t
717 3372 821 3426 incerto
844 3370 869 3424 V
897 3373 930 3423 ut
957 3377 982 3435 1,
1004 3375 1056 3423 515
1083 3371 1182 3425 incerti

160 3440 203 3496 ed.
272 3445 307 3494 20
326 3442 419 3509 prima
436 3458 488 3509 pro
506 3448 617 3496 matrem
631 3442 664 3496 V.
738 3448 771 3497 21
791 3443 963 3510 superiorum
976 3439 1003 3493 V
1018 3442 1181 3509 praeterito-

159 3529 221 3569 rrme
246 3512 291 3566 ed.
364 3517 398 3565 23
422 3512 470 3580 fae
491 3514 532 3567 ita
555 3519 646 3568 terreas
666 3511 692 3565 V
714 3513 801 3578 facito
822 3520 840 3568 t.
864 3528 914 3566 nos
937 3512 984 3579 sae
1004 3513 1113 3566 Aeneas
1137 3511 1180 3566 ed.

160 3588 194 3637 24
217 3600 251 3639 ae
273 3600 327 3637 om.
347 3583 391 3640 ed.
464 3589 498 3638 25
519 3590 544 3639 te
563 3585 663 3639 omV.
739 3589 772 3638 25
793 3585 902 3639 imitare
915 3583 948 3637 V.
1022 3588 1056 3637 28
1075 3584 1124 3639 hoe
1142 3590 1181 3639 est

159 3661 269 3710 merum
282 3654 309 3708 V
324 3656 350 3709 h,
369 3671 390 3708 e.
410 3656 510 3712 virtute
532 3662 644 3712 tuorum
666 3654 712 3712 ed.
741 3655 749 3730 t
778 3673 811 3713 en
834 3654 967 3711 ceterisV
993 3656 1123 3709 anniteris
1135 3670 1195 3704 nos

153 3726 257 3777 temere
273 3727 342 3778 mut.
358 3724 401 3779 ed.
