2725 4150
556 325 785 382 rmnmosx
1115 329 1180 396 353

161 495 320 571 scalpentem
341 495 445 570 diripit
466 513 577 556 erasm
598 494 688 556 simul
712 495 770 555 duo
798 493 869 554 fecit
897 494 936 554 ad
957 513 1061 555 necem
1087 496 1181 556 Turni

162 583 342 645 necessaria:
363 586 484 644 hastam
504 585 590 647 misit
611 587 642 644 et
664 583 769 644 eduxit
790 583 902 663 vagina
925 582 1069 662 gladium,
1092 588 1136 660 ut,
1155 588 1181 646 si

162 675 251 734 hasta
269 676 408 750 optatum
425 673 571 735 tenuisset
588 677 737 749 eventum,
758 693 828 733 mox
844 673 897 732 ille
915 676 1022 750 parato
1040 692 1181 733 mucrone

162 764 287 840 plenum
309 762 345 822 de
368 765 454 824 hoste
476 764 661 842 supplicium
678 765 856 840 reportaret.
887 763 942 823 illa
959 763 1064 823 volans
1086 765 1182 823 macri

134 856 288 928 sserprmt
300 869 360 926 pua
377 853 504 927 immina
521 871 639 913 sanam
655 853 759 914 incidit
776 857 863 926 aare
879 853 961 912 ciam
979 853 1063 926 clipei
1080 852 1182 912 molita

158 959 214 1016 per
243 958 314 1002 oras
340 942 458 1002 tandem
485 943 572 1002 ctiam
597 960 705 1018 mapao
731 943 851 1002 ariacit
873 942 908 1001 de
930 958 1048 1015 corpore
1072 942 1182 1002 Tarni:

162 1032 260 1106 hasta,
283 1048 351 1091 cum
372 1032 497 1106 volaret,
520 1032 563 1092 sic
585 1031 702 1106 cecidit,
724 1034 760 1091 ut
777 1051 831 1108 per
848 1049 979 1091 summas
998 1049 1066 1092 oras
1084 1031 1182 1108 clipei,

163 1139 223 1198 qua
245 1119 367 1198 tegebat
388 1139 506 1181 umeros
529 1120 637 1196 Turni,
659 1123 730 1197 post
752 1121 959 1197 aliquantulas
982 1139 1081 1182 moras
1100 1121 1182 1189 viam

161 1211 193 1269 in
226 1227 335 1286 corpus
366 1209 476 1270 hostile
507 1211 673 1287 reppererit
704 1228 764 1269 non
796 1209 894 1269 solum
923 1209 1056 1271 traiectis
1084 1210 1181 1269 muni·

118 1299 271 1359 ramentis
293 1317 398 1359 verum
420 1300 513 1359 etiam
534 1301 693 1360 vulnerato
711 1298 777 1376 ipso
796 1297 849 1375 qui
867 1317 898 1359 se
916 1299 1080 1376 plurimum
1097 1319 1182 1376 prae·

161 1387 287 1448 ferebat.
317 1388 365 1447 bic
379 1389 500 1448 Taraas
516 1389 597 1462 ferro
611 1390 782 1462 praeficias
794 1389 884 1448 rebar
898 1392 982 1447 acuto
995 1388 1029 1446 ia
1041 1388 1183 1448 Palleata
1192 1399 1245 1449 480

162 1478 215 1536 dia
238 1477 353 1536 librans
374 1478 446 1538 iacit
467 1481 554 1551 atqua
574 1479 618 1538 ita
639 1479 738 1551 tatur:
760 1477 893 1551 Turnus,
915 1475 969 1535 ubi
992 1496 1027 1535 ex
1049 1477 1181 1538 vulneris

162 1584 254 1626 causa
276 1565 438 1627 violentior
459 1566 556 1638 factus
579 1569 634 1642 est,
652 1567 772 1627 hastam
791 1565 842 1625 diu
860 1564 974 1626 librans
991 1565 1023 1625 in
1040 1565 1183 1627 Pallanta

160 1655 233 1716 iecit
255 1656 475 1732 contemplatus
497 1656 550 1715 diu
571 1655 625 1715 ubi
642 1656 812 1716 Pallantem
831 1654 1008 1731 oportunius
1026 1654 1114 1715 ferire
1133 1655 1182 1715 de·

117 1761 144 1802 15
161 1744 289 1819 buismt,
319 1745 409 1805 simul
443 1746 516 1805 haec
548 1749 725 1822 prosecutus
760 1747 806 1804 est
837 1743 949 1805 verbis:
982 1745 1080 1819 aspice
1110 1762 1183 1803 acra

161 1851 247 1910 mapa
268 1835 307 1892 stt
328 1838 461 1893 nostrum
478 1835 660 1908 penetrabile
687 1834 788 1894 tabern:
816 1833 924 1911 proha,
950 1833 1064 1912 inquit,
1092 1833 1182 1893 exitio

161 1927 215 1983 tuo
240 1922 340 1982 cuium
362 1925 460 2001 magis
482 1923 523 1984 sit
545 1923 730 2001 penetrabile
753 1924 861 1999 telum,
887 1925 944 1984 hoa
967 1927 1013 1984 est
1035 1926 1121 1983 tuum
1143 1942 1183 1983 an

162 2031 273 2071 meum.
305 2013 432 2083 damac,
456 2017 488 2072 at
509 2014 646 2089 clipeare,
669 2017 710 2072 tot
730 2013 805 2087 ferri
828 2017 921 2090 torpa,
946 2018 986 2075 tot
1007 2014 1094 2084 acris,
1118 2031 1184 2074 cara

158 2103 248 2176 peltis
265 2102 369 2162 totiens
386 2104 469 2162 obeat
486 2104 668 2163 caccabata
686 2104 774 2173 caari,
792 2104 923 2164 oibraatr'
940 2104 1039 2178 caepis
1055 2104 1183 2163 mediam

117 2208 146 2248 aa
163 2192 382 2251 transverberat
415 2193 475 2251 tcta
515 2192 677 2266 loricamur
716 2210 816 2253 moras
856 2196 883 2253 et
913 2197 1016 2267 pectas
1049 2194 1246 2266 perforante

162 2282 280 2356 tepens:
305 2282 426 2341 hastam
449 2281 525 2341 dixit
550 2281 582 2340 in
610 2284 727 2342 scutum
754 2281 904 2342 Pallantis
931 2281 1095 2342 fortissimo
1121 2283 1183 2341 ictu

162 2370 333 2448 pervenisse
366 2372 468 2446 atque,
501 2374 538 2431 ut
568 2370 676 2431 melius
708 2371 850 2448 probaret
878 2370 934 2430 hoc
963 2372 1077 2447 ipsum,
1105 2372 1184 2430 scuti

163 2461 296 2537 primum
313 2458 486 2520 firmitatem
504 2460 602 2520 voluit
614 2460 707 2521 nosci.
739 2479 808 2520 cum
822 2460 926 2532 multa,
940 2460 1049 2535 inquit,
1064 2462 1183 2518 scutum

163 2554 250 2627 terga
272 2547 428 2608 habuisset
451 2548 527 2609 aeris
551 2552 582 2608 et
603 2549 676 2608 ferri
700 2551 840 2625 carieque
863 2549 941 2607 esset
963 2547 1183 2607 circumdatum

118 2652 146 2693 aa
163 2638 310 2715 plurimo,
333 2638 375 2697 sic
396 2639 499 2696 tamen
520 2637 662 2714 perfossis
685 2637 821 2697 omnibus
845 2639 876 2696 et
897 2637 1007 2697 loricae
1030 2635 1183 2696 dissolutis

163 2725 376 2803 inpedimentis
398 2729 503 2804 pectus
521 2726 680 2802 Pallantis,
700 2727 789 2803 quasi
806 2725 883 2784 nihil
901 2725 1077 2800 obstitisset,
1095 2726 1184 2801 plena

164 2817 276 2876 virtute
298 2819 475 2894 penuptum
497 2819 550 2877 est.
583 2835 651 2876 cnm
668 2817 701 2875 in
719 2814 817 2875 medio
835 2816 946 2892 posuit,
964 2834 1018 2874 nos
1037 2833 1184 2892 ponamus

164 2907 197 2964 in
220 2904 319 2983 capite
341 2905 426 2964 etin
448 2905 546 2965 medio
570 2909 600 2966 et
618 2906 676 2965 erit
693 2906 778 2964 nulla
797 2904 944 2965 confusio:
968 2924 1036 2964 oum
1055 2903 1183 2980 elipeum

165 3014 256 3071 quem
277 2993 380 3055 Pallas
403 2994 543 3073 gestabat
564 2986 706 3055 tot'ferri
729 2997 828 3073 terga,
851 2996 898 3053 tot
921 2992 999 3053 aeris
1027 2994 1183 3068 ambirent,

119 3098 147 3138 eo
165 3103 234 3143 cum
257 3083 344 3159 pellis
367 3085 448 3143 tauri
470 3084 582 3145 totiens
605 3104 672 3145 oras
697 3085 759 3144 eius
783 3082 994 3159 circumdaret,
1017 3082 1060 3143 sic
1081 3086 1183 3142 tamen

238 3224 252 3271 1
272 3217 343 3284 facit
360 3219 403 3273 ed.
478 3220 561 3275 eale
579 3219 623 3274 ed.
650 3220 654 3290 Ι
684 3234 814 3289 mamone
827 3217 878 3272 VR
897 3233 966 3272 corr.
986 3236 1007 3271 r.
1081 3224 1097 3272 6
1120 3234 1184 3273 oras

164 3289 217 3343 VR
241 3305 304 3344 ossa
329 3289 372 3344 ed.
392 3306 462 3345 corr.
481 3290 525 3345 od.
544 3292 617 3359 post.
699 3296 715 3346 8
742 3306 811 3360 qaae
831 3288 882 3342 VR
904 3289 948 3344 ed.
974 3290 1023 3358 qai
1047 3289 1090 3343 ed.
1110 3291 1182 3357 post.

164 3378 221 3431 Μ
239 3377 302 3486 ”iis
329 3359 845 3501 (ti'tt'ttltbbbtt
856 3359 1027 3501 tttbt·
1054 3432 1057 3502 r
1083 3362 1183 3486 tit:

163 3450 308 3574 memapis
320 3502 372 3558 VR
389 3451 506 3575 maper
571 3509 604 3558 1⁷
622 3504 717 3561 cairan
729 3503 781 3558 VR
799 3505 879 3560 cuias
897 3504 940 3559 ed.
1006 3508 1039 3557 18
1057 3503 1111 3569 feri
1123 3501 1182 3556 VR.

165 3580 200 3630 20
223 3575 385 3644 perfoderat
405 3574 465 3631 VR.
545 3581 579 3631 28
603 3576 726 3645 primam
746 3574 798 3629 VR
822 3578 903 3645 prias
929 3578 960 3631 et
981 3577 1131 3643 transpos,
1145 3574 1197 3625 eh.

160 3652 199 3769 «Ξὲ
212 3646 474 3775 eamn&
487 3647 541 3777 ἷξε
569 3650 575 3721 l
608 3665 671 3705 Μ
689 3646 742 3705 VR
766 3649 843 3721 ΕΜ
863 3649 911 3706 td.
936 3650 951 3724 l
980 3641 1220 3718 tupoaaaaem

194 3818 253 3858 Dora
262 3818 360 3869 interpr.
370 3823 438 3876 Verg.
455 3830 501 3872 vol.
511 3831 547 3876 11
1040 3830 1085 3882 ῃ
