2725 4150
187 320 251 384 120
466 315 608 371 DONATI
625 318 796 372 INTERPR.
811 318 920 373 VERG.

139 497 174 546 aa
182 485 260 556 fetus
274 486 361 544 caica
375 487 480 545 tacebat
492 486 570 556 alba,
585 487 646 545 solo
659 489 812 555 recubans,
823 488 884 548 albi
897 489 1007 547 circum
1019 489 1112 547 abero
1125 488 1205 546 acti:

183 573 329 652 benignus
356 576 487 635 monitor
513 577 615 635 omnia
642 574 671 634 ei
693 576 801 635 adimit
824 596 900 652 quae
922 577 1069 636 incertum
1092 576 1205 635 bellum

184 664 328 740 fecerant,
358 667 483 724 noverat
512 666 625 741 quippe
654 665 767 724 multos
797 666 930 725 homines
960 666 1028 725 falli
1050 684 1105 740 per
1127 685 1205 726 som·

183 753 269 812 nium
287 755 318 812 et
336 753 483 813 somniare
502 753 662 830 superflua,
682 754 762 831 quod
780 774 817 814 ne
835 756 953 814 Aeneae
977 753 1132 829 acciderat,
1151 755 1205 814 dat

184 842 212 901 ei
235 842 395 903 dormienti
417 843 516 921 signa,
541 862 618 919 quae
641 844 772 921 uigilans
791 844 933 920 probaret
954 845 988 903 in
1009 845 1084 903 luce.
1125 843 1205 915 hinc,
1236 858 1249 898 s

183 933 296 1009 inquit,
321 932 394 991 scies
418 933 496 991 veris
520 933 550 990 te
573 931 706 1007 institui,
730 952 798 991 cum
821 933 976 1010 praedicta
998 933 1030 991 in
1053 934 1206 1009 praesenti

182 1021 250 1097 ipsa
273 1023 444 1080 occurrente
467 1021 594 1081 veritate
618 1023 801 1100 cognoveris.
846 1023 957 1099 quippe
979 1023 1059 1082 inter
1081 1022 1204 1083 litoreas

182 1109 266 1168 ilices
289 1113 420 1186 emerget
447 1128 497 1169 sus
526 1111 640 1170 formae
662 1112 812 1171 maximae
842 1132 911 1170 cum
933 1111 1046 1171 fetibus
1068 1111 1204 1190 triginta.

182 1217 237 1257 nec
259 1199 397 1258 inmerito
420 1199 540 1277 ingene,
563 1218 640 1276 quae
663 1205 765 1278 posset
786 1221 847 1261 uno
870 1205 961 1275 partu
984 1202 1065 1260 tanti
1086 1203 1206 1261 numeri

182 1288 342 1346 incolumis
364 1289 443 1347 fetus
463 1308 616 1365 exponere.
658 1289 719 1350 fuit
742 1309 812 1368 ergo
835 1310 931 1348 unum
954 1290 1074 1368 signum
1097 1291 1248 1350 aloco1⁰

184 1380 214 1435 et
243 1377 306 1436 eius
337 1379 499 1453 qualitate,
530 1379 656 1438 alterum
686 1398 704 1437 a
734 1399 839 1457 genere
868 1379 1007 1438 animalis
1035 1382 1066 1438 et
1087 1381 1204 1458 magni-

182 1467 297 1542 tudine,
315 1469 440 1526 tertium
459 1468 539 1543 quod
557 1487 715 1528 numeroso
735 1471 767 1527 in
786 1469 850 1527 fetu
865 1468 1048 1542 consisteret,
1063 1473 1206 1544 quartum

184 1557 265 1632 quod
283 1556 402 1617 uisurus
422 1559 500 1617 esset
516 1557 665 1616 iacentem
682 1558 763 1618 natis
782 1559 895 1617 circum
912 1557 1005 1617 ubera
1023 1559 1206 1631 constitutis,

183 1648 323 1720 quintum
342 1646 422 1722 quod
441 1646 503 1704 albi
521 1665 623 1706 omnes
644 1649 675 1705 et
698 1667 759 1706 uno
783 1648 880 1706 colore
904 1666 973 1706 cum
990 1652 1096 1706 matre.
1134 1647 1207 1724 quid

184 1739 284 1794 autem
303 1736 485 1813 significaret
506 1736 563 1794 hoc
575 1736 676 1812 ipsum
690 1737 772 1812 quod
786 1736 1016 1813 praedicebatur
1028 1737 1093 1813 ipse
1109 1737 1207 1811 aperit
1224 1747 1247 1788 1⁶

184 1828 274 1900 atque
302 1825 366 1901 ipse
394 1824 528 1901 disponit
555 1824 668 1884 dicens:
694 1843 728 1884 ca
752 1843 807 1898 qao
831 1830 873 1884 ter
896 1826 979 1884 denis
1001 1827 1103 1884 arbem
1125 1826 1206 1885 redc-

183 1914 303 1971 untibas
333 1915 422 1972 anais
451 1913 603 1973 Ascanius
635 1915 710 1974 clari
743 1915 843 1973 condet
875 1915 1052 1988 copoomiaa‘s
1081 1913 1207 1974 Albam:

183 2002 253 2077 hoc,
282 2001 398 2079 inquit,
426 2004 513 2082 signo
541 2005 727 2063 monstratur
754 2003 902 2063 Ascanius
931 2004 1104 2063 conditurus
1135 2004 1206 2064 civi-

183 2094 278 2150 tatem
301 2092 412 2150 Albam
439 2096 531 2169 atque
558 2094 589 2151 in
613 2112 648 2152 ea
670 2114 726 2171 per
747 2094 875 2171 triginta
898 2112 992 2153 annos
1015 2096 1206 2171 regnaturus.

184 2181 336 2258 conplevit
360 2184 460 2240 omnia
484 2202 562 2257 quae
585 2183 761 2242 adimendae
785 2182 996 2242 sollicitudinis
1024 2201 1115 2242 causa
1138 2203 1206 2260 pro·
1223 2195 1249 2236 ¹⁰

184 2274 303 2330 secutus
331 2273 390 2346 est,
418 2271 494 2330 dixit
522 2272 583 2330 alia
611 2292 731 2349 quoque
754 2291 832 2347 quae
855 2274 992 2331 tenerent
1014 2272 1110 2331 futuri
1132 2276 1206 2332 tem-

183 2359 264 2435 poris
288 2380 380 2436 spem,
402 2360 435 2418 in
457 2363 578 2419 tantum
596 2364 631 2419 ut
648 2362 880 2439 prosperitatem
898 2362 996 2438 ipsam
1019 2361 1130 2421 diceret
1153 2382 1208 2439 per

183 2450 305 2508 Aenean
327 2451 429 2526 ipsum
452 2450 490 2509 ad
512 2449 676 2509 Ascanium
700 2470 819 2527 quoque
843 2453 1009 2510 venturam.
1051 2450 1206 2511 confirma·

183 2541 275 2598 tionis
304 2539 436 2598 omnium
460 2539 519 2598 fuit
545 2540 617 2597 leant
640 2542 750 2599 incerta
774 2557 860 2609 cano,
885 2539 966 2616 quod
985 2540 1061 2599 solet
1080 2540 1206 2617 evenire,

183 2628 255 2687 dum
277 2630 411 2688 homines
435 2628 595 2687 dormiunt.
646 2630 720 2703 ista,
742 2628 856 2705 inquit,
879 2648 950 2688 vera
974 2634 1045 2688 sunt
1072 2633 1102 2687 et
1125 2633 1206 2689 certo
1224 2639 1249 2680 ’ὓ

139 2718 377 2794 eoproferuntur
399 2721 528 2777 auctore.
559 2735 639 2776 ncnc
657 2736 717 2791 aaa
734 2720 848 2778 ruinae
866 2719 943 2790 qood
959 2719 1052 2778 instat
1069 2720 1207 2793 expedias

182 2808 273 2864 aicta
289 2808 411 2878 paucis,
431 2808 561 2875 odberto,
581 2808 699 2867 docebo:
725 2809 779 2884 qui
801 2807 991 2883 praedixerat
1014 2808 1110 2867 futuri
1132 2811 1206 2867 tem·

182 2896 263 2971 poris
286 2895 366 2954 bona
388 2895 462 2954 haut
485 2896 627 2974 ambigua
650 2898 743 2955 etiam
765 2897 801 2956 de
827 2897 978 2973 praesenti
1004 2899 1206 2973 prosperitate

182 2986 392 3060 pronuntiasse
411 2985 570 3044 videbatur
588 2988 619 3044 et
637 2990 739 3045 tamen
758 2986 835 3045 nihil
853 2987 955 3047 volens
974 2986 1007 3045 in
1026 2987 1142 3046 occulto
1161 3006 1206 3046 re·

183 3093 302 3132 manere
325 3073 443 3132 addidit
465 3074 557 3134 etiam
579 3075 653 3133 haec
677 3095 754 3152 quae
776 3076 864 3135 illum
887 3076 1020 3135 facerent
1041 3075 1206 3135 laetiorem.
1225 3085 1251 3126 ⁸⁰

184 3163 263 3236 audi,
277 3163 386 3239 inquit,
405 3182 483 3222 nunc
502 3167 532 3222 et
551 3163 701 3239 quomodo
719 3167 890 3240 praesentia
909 3165 1039 3224 declines
1058 3165 1206 3225 ausculta.

184 3252 257 3312 bene
280 3252 418 3329 promisit
440 3252 630 3327 brevitatem,
652 3273 690 3312 ne
713 3254 775 3312 iam
799 3254 852 3312 diu
874 3255 1037 3313 sollicitum
1062 3257 1206 3314 sermonis

255 3429 272 3476 4
300 3423 437 3477 accederet
461 3421 494 3476 V.
580 3429 597 3475 5
625 3424 785 3478 dormitantis
808 3423 834 3476 V
859 3423 903 3478 ed.
988 3430 1004 3477 6
1031 3425 1135 3478 insani
1162 3425 1205 3479 ed.

185 3498 200 3547 ‘1
227 3494 437 3564 copaosoerisV
463 3510 603 3564 coynosoes
629 3495 672 3548 ed.
759 3500 775 3549 8
803 3496 893 3550 silices
916 3493 939 3546 V
964 3496 1061 3549 salices
1084 3495 1138 3550 ΗΟ
1162 3496 1206 3551 ad.

176 3570 216 3615 12
246 3582 394 3621 numeroso
416 3565 442 3620 V
468 3582 581 3620 raumara
610 3565 632 3619 Ο
665 3583 795 3620 paroecus
821 3566 848 3619 H
876 3564 920 3619 ed.
1012 3570 1045 3619 28
1077 3574 1127 3622 act
1156 3584 1206 3636 pro

159 3633 237 3685 baut
266 3634 294 3689 V.
374 3643 409 3692 29
436 3636 613 3695 uideaturV
640 3638 749 3695 videtur
774 3637 820 3692 ed.
850 3637 859 3708 l
892 3638 994 3692 occulto
1014 3637 1040 3690 V
1059 3638 1103 3692 ed.
1129 3640 1160 3694 ia
1183 3655 1205 3695 ο.

147 3716 205 3753 noe
223 3718 266 3759 an
287 3712 460 3769 occultum?
