2725 4150
445 388 449 395 ,
550 340 733 397 AENEIDOS
747 340 800 397 VH
1138 341 1183 407 29

164 510 273 588 quibus
289 511 455 588 apparebat
467 510 535 570 illos
549 529 609 570 non
626 512 749 569 tantum
765 509 956 571 terrestribus
975 509 1062 570 bellis
1079 528 1184 570 verum

164 602 256 660 etiam
278 600 438 660 navalibus
460 598 583 676 proeliis
606 601 767 660 certavisse
789 603 820 660 et
841 600 889 658 his
913 618 1032 675 quoque
1051 597 1184 658 extitisse

163 691 301 750 victores.
345 691 408 763 ipse
432 689 582 764 Quirinali
604 690 675 748 litua
700 706 853 762 parcaque
878 689 996 748 sedebat
1021 689 1185 748 manans

164 780 266 839 trabea
289 779 429 851 lamam
452 779 546 839 areale
566 779 686 852 gerebat
706 779 796 837 Picta
823 795 928 852 aquaem
954 777 1091 838 domitor:
1119 779 1185 854 ipse

133 868 253 928 sPicus
276 887 420 944 equorum
443 867 574 928 domitor
595 868 777 945 perindeque
801 867 902 928 studio
925 866 1082 944 equitandi
1099 885 1184 944 prae·

164 960 249 1018 stans
280 957 416 1032 sedebat,
448 956 572 1017 sedebat
603 958 700 1016 ferens
727 958 759 1015 in
787 956 893 1015 dextra
924 956 1046 1031 lituum,
1075 954 1108 1014 id
1140 957 1186 1016 est

164 1048 283 1125 regium
296 1046 437 1106 baculum
454 1049 486 1105 in
505 1065 565 1123 quc
582 1049 718 1122 potestas
737 1048 815 1106 esset
830 1046 1064 1105 dirimendarum
1076 1045 1186 1119 litium,

165 1140 196 1196 et
218 1155 313 1212 parra
339 1135 445 1196 trabea
472 1137 652 1211 succinctus,
676 1138 731 1196 aut
753 1155 821 1195 vers
843 1154 955 1212 parva,
983 1137 1056 1212 quia
1083 1136 1187 1194 extant

164 1226 251 1299 tales,
270 1226 325 1284 aut
340 1245 400 1285 non
414 1227 518 1302 magni
531 1225 629 1302 pretii,
648 1226 791 1300 quoniam
810 1226 890 1300 apud
905 1228 1020 1285 veteres
1034 1224 1187 1286 ambitiosi

120 1316 266 1375 eccultus
296 1333 357 1374 non
380 1316 514 1389 bierunt,
536 1316 624 1374 laeva
647 1334 718 1375 vero
741 1316 862 1392 gestans
886 1315 995 1389 ancile,
1020 1314 1099 1391 quod
1123 1333 1186 1374 esse

165 1405 263 1463 fertur
281 1403 359 1464 scuti
376 1403 521 1463 breviaria
539 1422 655 1463 namen.
697 1421 781 1476 qaam
799 1407 886 1475 capta
904 1404 1041 1477 cupidine
1059 1406 1187 1463 cantaria

166 1510 260 1553 araca
276 1510 453 1566 parnassum
474 1495 560 1567 virga
581 1510 754 1565 aaswmqm
775 1493 894 1551 ceacac‘s
915 1493 985 1564 fecit
1006 1509 1090 1551 acam
1105 1491 1188 1552 Otrce
1198 1505 1249 1556 190

165 1583 331 1655 maratana
354 1583 498 1641 celeritas
520 1583 603 1642 alae:
626 1582 722 1655 Circe,
744 1582 859 1658 inquit,
882 1599 950 1638 cum
968 1580 1091 1641 haberet
1108 1583 1188 1641 hunc

165 1673 318 1746 maritum,
334 1672 526 1749 malignitate
540 1672 631 1731 ducta
645 1670 829 1731 detestabilis
848 1669 991 1729 scientiae
1011 1689 1082 1730 suae
1100 1673 1188 1748 virga

122 1779 149 1819 rs
166 1779 258 1820 aurea
281 1763 432 1837 percussit
453 1764 484 1820 et
506 1781 542 1820 ex
560 1762 625 1821 viro
643 1764 708 1820 tam
727 1761 820 1820 nobili
844 1762 1059 1836 tantarumque
1077 1760 1187 1838 gloria-

166 1871 233 1910 mm
257 1870 345 1910 avem
370 1851 443 1909 fecit
467 1853 636 1928 gestantem
662 1851 694 1909 in
722 1851 822 1928 pinnis
849 1850 1028 1910 varietatem
1055 1849 1189 1908 colorum

167 1940 207 1998 ad
228 1939 374 1998 indicium
397 1939 533 2017 coniugis
556 1958 663 1999 saevae
691 1934 787 2020 (quad
810 1941 855 1999 ait
878 1959 982 2015 aurea,
1010 1944 1041 1999 et
1068 1939 1190 2018 coniugi

167 2031 269 2107 aptari
287 2031 400 2106 potest,
422 2032 459 2089 ut
481 2029 522 2090 sit
539 2028 621 2089 lacus
641 2047 709 2088 cum
727 2029 962 2106 vituperatione,
985 2047 1062 2106 quae
1082 2048 1190 2109 graeca

167 2121 274 2197 lingua
300 2120 399 2178 mania
426 2119 548 2194 dicitsrr,
576 2122 611 2177 ut
638 2120 699 2177 alic
722 2119 787 2178 loco
811 2110 855 2199 (6,
872 2112 951 2198 523)
979 2121 1123 2198 „egregia
1145 2120 1189 2178 in·

123 2227 150 2266 rc
167 2212 250 2268 terea
271 2201 436 2290 coniunr“)
460 2210 546 2287 virga
569 2228 672 2283 aurea,
696 2208 815 2268 utiam
834 2208 949 2267 dictum
971 2211 1030 2284 est,
1054 2229 1114 2286 qua
1136 2208 1190 2267 illa

167 2300 265 2376 magis
294 2297 438 2356 utebatur
467 2301 497 2356 et
527 2299 610 2357 cuius
640 2298 693 2356 ille
722 2299 836 2357 indicia
865 2296 995 2357 habebat
1021 2300 1054 2357 in
1082 2298 1190 2373 pinnis.

167 2389 224 2446 hoc
254 2405 315 2446 non
344 2388 408 2446 sine
437 2407 548 2466 magna
578 2387 799 2463 vituperatione
826 2387 959 2464 positum
982 2390 1104 2445 estnec
1127 2386 1190 2444 sine

169 2476 299 2536 dolentia
331 2476 466 2551 adfectu,
497 2479 619 2537 tantum
650 2478 749 2536 virum
780 2479 994 2550 tantarumque
1026 2475 1191 2552 gloriarum

169 2567 308 2643 tantique
340 2567 457 2644 generis
489 2566 641 2625 sceleratis
670 2566 772 2624 uxoris
806 2563 920 2623 artibus
947 2564 978 2622 in
1012 2582 1098 2623 avem
1127 2581 1190 2623 esse

127 2670 152 2711 re
169 2674 354 2716 conversum.
401 2656 455 2714 tali
488 2656 569 2713 iratas
605 2656 709 2727 templa
741 2655 843 2713 aleam
868 2653 1029 2725 patriaque
1060 2653 1192 2712 Latiares

169 2746 235 2803 sede
261 2744 365 2804 sedeas
394 2746 521 2803 Tramas
551 2744 591 2803 ad
620 2760 682 2802 sese
711 2744 792 2801 iatra
819 2746 891 2801 tecta
922 2744 1023 2801 cocart
1053 2744 1192 2817 imperat:

169 2836 251 2893 intra
278 2837 359 2893 tecta
386 2835 476 2908 dixit,
506 2852 584 2910 quae
611 2833 763 2909 descripta
789 2850 849 2890 non
877 2834 959 2907 sunt,
988 2852 1024 2890 er
1050 2832 1193 2893 vestibuli

171 2923 250 2982 enim
287 2924 434 2999 qualitate
469 2923 608 2999 intellegi
646 2924 747 2999 potest
787 2922 913 2980 interior
950 2922 1063 2982 domus.
1114 2926 1191 2981 certe

169 3016 283 3072 tectum
307 3011 384 3071 dixit
405 3011 503 3089 primo
527 3004 636 3091 (170),
666 3030 735 3070 cum
763 3031 856 3070 unum
884 3012 988 3071 domus
1015 3011 1193 3070 describeret

243 3234 398 3289 6alterum
417 3235 526 3290 sedebat
543 3251 597 3290 om.
611 3233 666 3289 ΗΟ
687 3234 730 3290 ed.
792 3241 919 3304 trapam
937 3235 981 3289 ed.
1044 3239 1077 3287 15
1096 3233 1193 3288 iamV

172 3313 228 3362 tam
253 3307 297 3361 ed.
371 3312 404 3360 17
427 3324 523 3361 saccae
541 3306 567 3360 V
589 3324 656 3362 eaac
679 3307 723 3361 ed.
797 3310 830 3360 19
853 3307 965 3361 tironia
985 3304 1018 3360 V.
1049 3304 1052 3376 i
1086 3307 1146 3359 alia
1168 3304 1194 3358 V

173 3395 240 3432 corr.
267 3379 311 3432 cd.
337 3378 363 3502 p
388 3380 515 3448 aegregie
537 3377 563 3431 V
588 3385 681 3447 crepta
706 3379 750 3433 ed.
823 3382 857 3431 20
882 3380 962 3447 virga
984 3375 1010 3429 V
1034 3378 1077 3430 ael
1098 3394 1123 3432 a.
1150 3377 1193 3431 ed.

173 3454 205 3504 21
231 3452 320 3519 necyia
388 3451 502 3519 magicis
527 3449 580 3503 cdl
605 3452 638 3505 ia
659 3469 694 3506 aa.
721 3448 783 3505 edF
808 3448 879 3502 mihi
902 3449 973 3502 Don.
994 3447 1086 3516 magis
1109 3466 1195 3517 quam

173 3521 285 3575 venenis
310 3520 476 3591 intellegere
500 3521 619 3577 ridetur.
654 3523 657 3593 Ι
692 3524 724 3576 ia
744 3522 843 3591 picata
868 3536 921 3573 om.
942 3520 985 3574 ed.
1058 3525 1093 3574 24
1115 3521 1195 3576 scele-

173 3592 267 3647 ratiV
286 3595 340 3649 -ab
357 3609 407 3646 nos
426 3599 486 3647 -taa
504 3593 547 3647 ed.
628 3599 662 3649 26
680 3592 776 3650 seseV
795 3608 822 3649 sa
840 3591 886 3648 ed.
916 3593 926 3665 t
956 3592 1209 3659 satec-'caperes

172 3666 201 3713 et
222 3680 293 3728 qnae
317 3663 393 3715 infra
419 3667 580 3732 sequuntur
606 3674 633 3725 a
658 3669 863 3727 salia-aaa'to
893 3666 970 3724 Dan.
997 3663 1160 3721 aberrante
1185 3659 1232 3713 ab

161 3744 179 3778 r.
195 3735 249 3782 169
263 3734 401 3787 memoria
419 3736 546 3808 scripsit.
