2725 4150
546 326 798 384 nannmosvn
1138 331 1180 399 97

161 500 282 557 secutae
314 497 481 574 conplerint
513 515 634 575 mmpos
666 499 758 557 acies:
795 499 826 557 et
857 515 935 573 quae
967 498 1044 557 acies
1077 518 1182 558 unum-

162 606 311 663 quemque
340 606 442 666 regem
471 589 589 647 secutae
619 586 825 663 conpleverint
851 604 986 663 campos,
1013 605 1082 646 cum
1109 586 1184 648 dicit

160 676 378 753 conpleverint,
410 675 542 735 ostendit
574 675 826 736 inaestimabilem
857 674 1081 736 multitudinem
1114 694 1182 736 con·

162 767 277 827 venisse
303 785 370 824 curn
394 765 524 844 regibus.
564 765 671 841 quibus
689 764 770 824 Itala
786 764 849 825 iam
866 767 929 824 tum
949 765 1084 824 floruerit
1101 767 1184 825 terra

130 855 241 914 salma
268 857 354 916 viris:
383 873 478 930 usque
506 857 539 913 in
567 853 645 913 illud
672 855 787 914 scilicet
813 857 933 932 tempus
961 873 1021 931 quo
1049 856 1183 931 partium

161 946 332 1022 congressio
363 943 541 1021 parebatur,
573 943 640 1005 vult
668 943 824 1003 ostendere
853 943 933 1003 bone
961 945 1070 1022 longae
1099 946 1182 1020 pacis

160 1033 291 1093 nutrisse
324 1036 459 1111 egregios
491 1033 585 1108 viros,
620 1033 695 1092 belli
726 1035 827 1092 eutem
858 1033 973 1093 rabiem
1004 1032 1183 1110 perdidiss03

161 1121 269 1183 idcirco
307 1121 464 1183 subiunxit
496 1121 604 1198 quibus
637 1123 746 1182 arserit
778 1123 878 1182 armis.
938 1126 969 1183 et
1004 1123 1183 1183 meministis

161 1215 254 1287 euim,
286 1211 386 1286 divee,
419 1214 449 1270 et
480 1230 645 1271 memorare
676 1214 817 1288 potestis,
849 1210 888 1271 ad
920 1230 974 1272 nos
1004 1215 1055 1273 vix
1084 1214 1184 1273 tenuis

117 1301 259 1361 insamae
288 1300 456 1377 perlabitur
486 1319 573 1360 aura:
610 1299 687 1361 dixit
716 1319 821 1361 causas
851 1300 1070 1378 deprecationis
1102 1320 1184 1378 suec,

159 1389 285 1466 idcirco,
309 1389 366 1466 ait,
388 1391 462 1450 haec
486 1409 610 1466 quaero,
634 1391 705 1467 quie
727 1392 831 1451 vetera
852 1391 933 1450 solae
951 1390 1078 1469 potestis
1096 1409 1183 1451 nosse

161 1498 196 1538 ac
217 1480 299 1539 solae
317 1497 453 1555 narrare,
477 1478 515 1538 ad
537 1478 672 1540 homines
692 1479 803 1556 quippe
821 1478 872 1538 vix
889 1480 1010 1556 aliquae
1029 1482 1184 1558 gestorum

159 1570 261 1645 partes
284 1568 345 1628 levi
367 1568 513 1628 relatione
533 1571 722 1644 perveniunt.
758 1568 910 1647 catalogus
928 1571 986 1629 iste
1003 1569 1074 1628 huic
1092 1571 1184 1628 inter·

160 1657 365 1733 protectionum
386 1658 464 1717 libro
483 1676 543 1717 non
561 1658 661 1718 fuerat
678 1657 862 1719 inserendus.
898 1657 975 1717 nihil
993 1658 1073 1717 enirn
1090 1657 1184 1717 habet

116 1765 141 1806 re
161 1746 242 1822 quod
265 1746 425 1807 artificiose
447 1749 543 1823 possit
564 1748 686 1824 exponi,
705 1750 751 1807 est
769 1750 882 1824 quippe
900 1747 1070 1807 nominibus
1087 1747 1183 1806 homi·

160 1855 241 1911 num,
260 1838 405 1914 gentium,
423 1837 594 1912 fluviorum,
613 1835 745 1911 deorum,
763 1838 921 1912 terrarum,
942 1838 1099 1911 montium,
1117 1836 1183 1896 her·

160 1924 281 1999 barum,
304 1927 540 2002 provinciarum,
562 1926 695 1985 fontium
716 1926 823 2003 plenus
846 1928 878 1985 et
899 1926 1035 1987 refertus.
1072 1927 1184 2002 tamen,

160 2033 198 2072 ne
221 2013 295 2092 quid
317 2014 394 2075 libro
418 2015 537 2092 decerpi
558 2014 710 2091 videatur,
736 2015 866 2075 dicemus
894 2015 1010 2094 aliqua,
1039 2012 1182 2093 [relique]

160 2108 224 2164 eius
247 2124 307 2164 uno
330 2104 420 2180 libre,
443 2106 497 2181 qui
519 2104 778 2165 tertiusdecimus
798 2108 867 2180 erit,
886 2124 955 2164 cum
972 2108 1066 2166 totius
1085 2108 1183 2182 operis

115 2213 142 2252 so
161 2195 355 2271 conplexione
379 2194 502 2269 dicturi,
525 2197 561 2254 ut
583 2194 726 2255 historiae
744 2215 799 2271 per
817 2195 972 2255 duodecim
989 2195 1080 2255 libros
1100 2214 1183 2271 spar-

161 2301 212 2342 sae
237 2286 267 2342 et
290 2285 401 2359 cetere,
425 2302 501 2361 quae
524 2302 615 2359 supra
638 2283 720 2344 dicta
742 2303 803 2343 non
826 2287 908 2360 sunt,
927 2284 1043 2361 possint
1063 2284 1182 2345 eviden-

160 2375 208 2432 ter
230 2391 383 2449 apparere.

231 2462 353 2521 Primos
375 2463 431 2521 init
453 2462 560 2521 bellurn
578 2463 739 2536 Tyrrhenis
762 2479 850 2534 asper
872 2462 910 2520 cb
928 2462 989 2520 oris
1008 2464 1183 2533 contemplor

160 2552 263 2609 (liorem
285 2552 465 2610 Mezentius:
495 2551 562 2611 ideo
588 2554 719 2627 primus,
747 2553 820 2627 quia
843 2568 942 2626 asper,
965 2549 1033 2608 ideo
1056 2550 1184 2627 primus,

115 2658 141 2697 rs
161 2640 234 2715 quia
255 2642 444 2716 contemptor
462 2640 593 2714 deorum,
612 2640 733 2699 illorum
751 2640 866 2700 scilicet
884 2638 991 2715 quibus
1011 2638 1182 2699 auctoribus

159 2730 278 2789 Aeneas
303 2728 342 2787 ad
363 2730 487 2790 Italiam
510 2731 594 2789 venit
616 2732 647 2789 et
669 2730 698 2787 ei
720 2728 863 2789 Lavinius
887 2730 1062 2807 coniugium
1082 2728 1183 2789 fuerat

160 2818 354 2878 destinatum.
400 2821 575 2893 apmtnoqne
605 2822 704 2877 ermol
731 2818 814 2890 filins
842 2818 911 2877 lnle
938 2819 1023 2878 inste
1045 2818 1183 2878 Lansns:

159 2907 297 2969 imitatus
317 2908 449 2968 studium
467 2911 562 2985 patris
581 2909 672 2967 etiem
687 2907 804 2967 Lausus
823 2909 941 2967 armeta
958 2907 1081 2986 agmina
1095 2906 1182 2968 duce-

159 2996 213 3056 bat
236 2996 275 3056 ad
298 2996 424 3073 bellum,
447 3017 516 3058 cum
536 3016 596 3057 non
615 2996 690 3056 dicit
708 2999 836 3073 quanta,
853 2997 943 3073 plura
961 2998 1060 3058 voluit
1077 3000 1183 3057 sentiri

116 3103 142 3142 eo
161 3105 254 3161 quam
280 3087 411 3148 fucrant.
457 3103 512 3160 quo
533 3087 686 3160 pulchrior
708 3087 782 3146 oller
804 3088 945 3160 nonfuit
966 3087 1245 3160 eceeploLcncoo

159 3177 252 3235 renle‘s
270 3193 388 3250 corpore
403 3177 514 3235 Turni:
531 3178 563 3234 in
582 3178 792 3253 conparatione
811 3176 930 3252 pulchri
944 3177 1074 3252 corporis
1089 3195 1182 3235 unum

160 3266 306 3340 praetulit
326 3264 439 3341 Lauso,
466 3267 640 3341 postposuit
666 3268 768 3325 autem
795 3264 891 3326 omnis
913 3264 1017 3325 Italos.
1058 3264 1182 3324 Lances

233 3440 248 3489 1
277 3436 435 3504 complerent
456 3435 482 3488 V
507 3452 576 3489 corr.
603 3434 647 3488 ed.
682 3435 686 3506 l
720 3440 822 3491 ert—3
846 3436 1029 3504 conpleverint
1057 3450 1110 3487 orn.
1137 3434 1181 3489 ed.

162 3512 178 3560 4
196 3508 279 3563 italio
297 3506 330 3560 V.
353 3507 356 3578 l
377 3509 435 3561 iarn
449 3506 475 3560 V
489 3512 597 3561 tanturn
611 3506 654 3561 ed.
674 3508 733 3561 iarn
751 3513 809 3561 turn
827 3523 886 3560 nos.
943 3511 976 3561 15
991 3513 1083 3575 posset
1096 3503 1122 3558 V
1137 3506 1181 3560 ed.

162 3584 194 3631 17
214 3595 248 3633 ae
265 3578 385 3645 sentirem
404 3578 447 3632 ed.
477 3578 480 3649 l
508 3584 630 3646 repertus
648 3577 681 3631 V.
755 3582 789 3632 18
807 3580 915 3648 reliqco
933 3576 1026 3632 cmv
1048 3576 1195 3643 ed.,pest

162 3651 220 3704 elus
245 3650 365 3702 inseruit
392 3667 415 3703 v.
435 3650 461 3703 d.
482 3649 599 3705 Hoeven
627 3668 655 3721 p.
677 3655 723 3709 36.
807 3657 844 3707 ‘ll
873 3648 1032 3723 possent'i
1066 3665 1144 3703 eurr.
1163 3645 1216 3699 eh.

152 3724 189 3768 28
203 3724 314 3771 armata
332 3735 384 3773 orn.
407 3720 450 3775 ed,
596 3752 598 3755 .

186 3821 245 3859 Dora
256 3821 354 3870 interpr,
365 3824 433 3877 Verg.
451 3832 498 3872 vol.
507 3831 544 3874 H.
1055 3838 1075 3887 Ἰ
