2725 4150
546 320 774 376 musmosx
1104 323 1171 390 313

153 509 269 550 omnem
287 489 409 566 petendi
428 491 523 548 artem
541 507 642 565 preces
662 509 781 567 quoque
804 489 976 564 subnexuit,
999 492 1036 548 ut
1058 490 1171 566 suppli-

153 579 231 638 catio
240 580 404 638 mereretur
413 579 493 656 quod
503 580 656 655 superiora
665 579 800 639 fortassis
810 580 961 655 inpetrare
971 599 1032 639 non
1041 582 1171 654 possent.

152 670 227 727 haut
248 667 284 727 fit
305 687 403 743 mora,
427 667 563 727 Tarchon
586 667 688 746 iungit
710 687 781 744 opes
804 668 967 745 foedusque
995 668 1078 727 ferit:
1106 687 1171 727 ecce

153 760 300 835 quantum
318 757 433 833 profuit
449 758 617 817 necessaria
634 759 779 818 nexuisse.
812 777 880 817 mox
898 757 1077 817 factumest
1092 756 1172 834 quod

121 862 133 901 e
151 846 273 906 tenebat
291 845 483 906 desiderium:
501 847 622 905 iunctae
641 847 711 906 sunt
730 864 814 923 opes,
828 847 981 906 firmatum
999 850 1045 907 est
1058 846 1171 906 foedus.

151 937 274 1014 iungere
298 954 369 1011 opes
392 939 438 994 est
461 953 532 1012 opes
550 935 657 1011 opibus
675 938 805 1010 nectere,
825 936 968 1013 quoniam
985 935 1122 995 Tarchon
1141 938 1172 995 et

152 1024 246 1084 dabat
268 1025 414 1084 auxilium
438 1027 469 1084 et
491 1024 635 1084 sumebat.
681 1028 744 1083 tuoe
767 1025 859 1084 libero
880 1026 939 1098 foti
961 1025 1084 1084 classem
1106 1035 1233 1084 con-155

151 1114 263 1174 accedit
290 1115 381 1173 iussis
408 1130 480 1188 pens
502 1114 603 1188 Iajdio
633 1114 734 1172 dtvwm
764 1119 879 1172 arcerem
909 1115 1063 1174 commisso
1090 1114 1171 1174 dect:

152 1204 283 1280 perfecto
302 1202 419 1263 foedere
437 1202 533 1261 libera
551 1203 675 1263 nexibus
693 1205 829 1279 responsi
848 1222 920 1281 gens
934 1201 1032 1279 Lydia
1046 1203 1171 1264 classem

107 1306 133 1346 1⁰
152 1293 324 1351 conscendit
342 1295 462 1351 externo
483 1292 641 1352 commissa
659 1292 729 1352 duci
746 1312 800 1368 per
818 1292 920 1352 divina
938 1294 1107 1369 praecepta.
1138 1294 1171 1352 in

152 1385 259 1441 octavo
276 1382 352 1441 libro
367 1374 463 1461 (498)
477 1382 655 1441 meminerat
673 1401 704 1441 se
722 1383 813 1457 poeta
831 1381 939 1441 dixisse
957 1382 1090 1456 „retinet
1107 1382 1171 1441 lon·

152 1489 265 1549 gaevus
284 1471 432 1548 haruspex
450 1472 515 1530 fata
534 1490 657 1531 canens:
679 1489 697 1530 o
715 1471 870 1529 Maeoniae
890 1470 1005 1529 delecta
1022 1471 1172 1546 iuventus,

152 1560 206 1619 fios
229 1563 364 1619 veterum
387 1561 541 1636 virtusque
565 1561 676 1634 virum,
701 1578 776 1637 quos
799 1561 897 1619 iustus
919 1560 952 1617 in
974 1560 1091 1620 hostem
1113 1559 1173 1620 fert

153 1649 238 1708 dolor
268 1655 298 1709 et
327 1649 436 1709 merita
464 1649 600 1709 accendit
628 1649 792 1708 Mezentius
822 1649 882 1723 ira,
912 1649 990 1707 nulli
1019 1649 1065 1708 fas
1092 1647 1171 1708 Italo

106 1752 133 1792 15
152 1742 270 1798 tantam
293 1738 469 1817 subiungere
493 1741 625 1817 gentem,
652 1741 789 1798 externos
812 1740 916 1815 optate
939 1736 1055 1798 duces.“
1105 1757 1171 1798 ecce

152 1828 282 1887 felicitas
304 1828 437 1887 Aeneae:
460 1847 520 1886 non
544 1847 598 1887 suo
622 1827 704 1903 duci,
723 1828 775 1887 sed
794 1831 914 1887 extemo
933 1827 1084 1888 commissi
1101 1830 1172 1887 sunt

152 1936 205 1975 neo
229 1935 296 1992 sua,
320 1917 372 1976 sed
394 1918 519 1977 deorum
541 1918 711 1992 voluntate,
735 1917 790 1994 qui
814 1918 935 1976 tantum
953 1936 988 1977 ex
1006 1917 1171 1995 peregrinis

152 2006 288 2083 partibus
307 2007 407 2066 virum
426 2009 585 2065 venturum
604 2025 667 2067 esse
685 2005 905 2083 praedixerant.
932 2004 1047 2066 Aeneia
1061 2008 1173 2082 puppis

147 2098 250 2170 primo
273 2101 358 2163 tecet,
382 2101 475 2155 rostro
497 2098 641 2172 Phrygios
662 2098 820 2156 subiuncta
843 2098 949 2167 leones,
973 2098 1096 2155 inminet
1112 2096 1173 2156 Ida

106 2200 135 2239 ao
152 2203 242 2258 saper
255 2188 393 2260 prosapta
409 2187 582 2260 gratissime
602 2188 737 2246 Teucris:
754 2187 852 2262 primo
866 2187 945 2261 loco,
960 2187 1071 2263 inquit,
1086 2187 1173 2245 navis

152 2278 288 2334 moverat
305 2274 338 2333 in
357 2294 417 2352 qua
434 2276 551 2335 Aeneas
570 2275 630 2335 fuit
647 2276 759 2335 habene
773 2277 807 2334 in
820 2279 917 2336 rostro
932 2275 1031 2334 leones
1045 2276 1173 2350 iunctos,

154 2364 234 2440 quod
264 2366 326 2422 erat
354 2366 473 2442 signum
501 2366 614 2424 tutelae
644 2367 751 2424 matris
779 2365 876 2424 deum.
922 2363 977 2423 Ida
1000 2383 1118 2440 quoque
1141 2364 1173 2421 in

153 2455 305 2530 superiore
329 2453 393 2512 loco
417 2454 478 2513 fuit
500 2473 639 2529 expressa
662 2457 786 2531 propter
809 2455 956 2532 originem
973 2452 1117 2511 materiae
1138 2471 1173 2509 ex

154 2562 215 2619 qua
238 2543 338 2601 fuerat
360 2543 441 2602 facta
464 2542 552 2601 etad
576 2543 774 2602 Troianorum
797 2543 954 2615 solacium,
983 2543 1018 2600 ut
1041 2540 1174 2617 patrium

108 2646 135 2686 aa
153 2634 286 2691 montem
322 2650 423 2691 secum
459 2632 567 2691 habere
604 2632 779 2692 viderentur
814 2631 906 2708 positi
936 2632 968 2689 in
1000 2629 1172 2707 regionibus

154 2720 269 2781 alienis.
315 2721 361 2779 hic
387 2738 513 2794 mappas
540 2721 618 2780 sedet
644 2718 777 2779 Aeaeus:
803 2720 853 2779 hic
880 2721 936 2779 hoo
964 2722 1009 2778 est
1035 2720 1068 2777 in
1092 2738 1172 2778 nave

154 2830 232 2886 quae
254 2809 341 2868 Idam
363 2809 470 2868 habuit
492 2814 522 2869 et
545 2811 652 2869 leones.
699 2828 843 2887 magnum
869 2810 926 2867 hoc
955 2808 1021 2868 loco
1049 2808 1172 2867 Aenean

154 2899 231 2957 dixit
257 2900 361 2976 magni
388 2898 506 2958 consilii
535 2918 773 2976 magnarumque
802 2898 1027 2976 cogitationum.
1063 2915 1173 2957 secreu-

154 3005 208 3059 qee
239 2988 351 3046 octutot
382 2984 499 3046 eventus
531 2989 597 3047 belli
628 2989 743 3047 corios:
771 3006 837 3047 ecee
868 2987 943 3045 dixit
973 3005 1108 3062 causam,
1138 2990 1235 3046 ut160

109 3091 136 3131 ao
153 3077 323 3136 ostenderet
355 3095 407 3135 our
439 3076 536 3137 dictus
569 3078 609 3135 sit
637 3077 755 3136 Aeneas
788 3095 929 3154 magnus:
966 3076 1062 3153 primo
1101 3076 1173 3153 quia

226 3283 336 3336 lomet
349 3281 401 3335 VR
419 3298 523 3336 omnem
542 3282 585 3336 ed.
659 3283 767 3351 aqaod
781 3281 832 3335 VR
850 3299 920 3350 quoe
938 3282 981 3335 ed.
1060 3282 1174 3351 eiceret

153 3353 212 3406 VR.
293 3360 310 3407 4
331 3354 441 3421 profuit
458 3353 484 3406 R
506 3356 601 3421 posuit
617 3351 644 3406 V
662 3354 706 3408 ed.
736 3354 742 3437 t
770 3356 896 3408 nemisse
909 3352 960 3406 VR
978 3354 1050 3408 ieter
1067 3368 1111 3407 coe
1129 3352 1172 3405 ed.

154 3432 170 3478 5
190 3425 297 3480 tenebat
314 3425 479 3479 desiderium
493 3423 545 3477 VR
567 3431 711 3494 utrumque
734 3426 868 3493 mterpos.
887 3424 930 3479 ed.
1005 3424 1107 3490 'isatis
1129 3423 1172 3477 ed.

155 3502 188 3549 12
207 3496 405 3551 omoeom'acR
428 3495 614 3551 omocec‘aeV.
643 3496 646 3568 t
674 3497 941 3551 oMoeoeioe-lt
956 3495 1037 3549 duces
1055 3511 1109 3548 om.
1129 3494 1172 3549 ed.

154 3566 316 3621 substitutis
334 3567 426 3621 verbio
445 3573 470 3621 et
485 3568 571 3635 ptura
588 3584 658 3636 quoe
676 3573 835 3635 sequentur.
910 3572 942 3620 19
960 3567 1053 3636 frype'o
1071 3566 1096 3618 R
1114 3565 1143 3631 fr
1162 3596 1173 3607 ·

153 3641 202 3708 pia
216 3637 249 3691 V.
280 3638 283 3710 t
313 3640 440 3695 suboecto
458 3638 501 3692 ed.
593 3644 627 3692 20
642 3639 774 3710 profugos
787 3638 850 3695 VR.
934 3643 974 3691 ‘tt
991 3642 1119 3690 arcuerat
1154 3635 1194 3682 R

153 3710 311 3764 movebatur
328 3710 370 3765 ed.
399 3710 407 3781 J
434 3717 545 3767 rauetro
563 3710 590 3767 R
609 3729 682 3769 corr.
695 3730 720 3769 r.
795 3717 835 3767 ‘aa
851 3706 1042 3767 tutoeteVR.
