<?xml version="1.0" encoding="UTF-8"?>
<!DOCTYPE html PUBLIC "-//W3C//DTD XHTML 1.0 Transitional//EN"
    "http://www.w3.org/TR/xhtml1/DTD/xhtml1-transitional.dtd">
<html xmlns="http://www.w3.org/1999/xhtml" xml:lang="en" lang="en">
 <head>
  <title>
</title>
<meta http-equiv="Content-Type" content="text/html;charset=utf-8" />
  <meta name='ocr-system' content='tesseract 3.04.00' />
  <meta name='ocr-capabilities' content='ocr_page ocr_carea ocr_par ocr_line ocrx_word'/>
</head>
<body>
  <div class='ocr_page' id='page_1' title='image "./tibericlaudidon00georgoog_0354.png"; bbox 0 0 2725 4150; ppageno 0'>
   <div class='ocr_carea' id='block_1_1' title="bbox 528 323 1151 396">
    <p class='ocr_par' dir='ltr' id='par_1_1' title="bbox 528 323 1151 396">
     <span class='ocr_line' id='line_1_1' title="bbox 528 323 1151 396; baseline -0.003 -18"><span class='ocrx_word' id='word_1_1' title='bbox 528 323 711 380; x_wconf 74' lang='lat' dir='ltr'>AENEIDOS</span> <span class='ocrx_word' id='word_1_2' title='bbox 730 324 755 378; x_wconf 82' lang='lat' dir='ltr'><strong>x</strong></span> <span class='ocrx_word' id='word_1_3' title='bbox 1086 329 1151 396; x_wconf 86' lang='lat'><strong>345</strong></span> 
     </span>
    </p>
   </div>
   <div class='ocr_carea' id='block_1_2' title="bbox 132 492 1216 3063">
    <p class='ocr_par' dir='ltr' id='par_1_2' title="bbox 132 492 1216 3063">
     <span class='ocr_line' id='line_1_2' title="bbox 132 492 1151 571; baseline -0.002 -15"><span class='ocrx_word' id='word_1_4' title='bbox 132 515 228 556; x_wconf 87' lang='lat' dir='ltr'><strong>unum</strong></span> <span class='ocrx_word' id='word_1_5' title='bbox 250 499 331 568; x_wconf 78' lang='lat' dir='ltr'><strong>teque</strong></span> <span class='ocrx_word' id='word_1_6' title='bbox 352 495 448 562; x_wconf 84' lang='lat' dir='ltr'><strong>iuuat,</strong></span> <span class='ocrx_word' id='word_1_7' title='bbox 471 493 590 553; x_wconf 83' lang='lat' dir='ltr'><strong>Pallas:</strong></span> <span class='ocrx_word' id='word_1_8' title='bbox 612 492 765 570; x_wconf 88' lang='lat' dir='ltr'><strong>conplevit</strong></span> <span class='ocrx_word' id='word_1_9' title='bbox 787 493 975 571; x_wconf 78' lang='lat' dir='ltr'><strong>parabolam3</strong></span> <span class='ocrx_word' id='word_1_10' title='bbox 1003 495 1045 553; x_wconf 89' lang='lat' dir='ltr'><strong>sic</strong></span> <span class='ocrx_word' id='word_1_11' title='bbox 1072 494 1151 554; x_wconf 92' lang='lat' dir='ltr'><strong>enim</strong></span> 
     </span>
     <span class='ocr_line' id='line_1_3' title="bbox 132 577 1151 646; baseline -0.002 -1"><span class='ocrx_word' id='word_1_12' title='bbox 132 577 206 646; x_wconf 87' lang='lat' dir='ltr'><strong>vata</strong></span> <span class='ocrx_word' id='word_1_13' title='bbox 234 584 382 644; x_wconf 80' lang='lat' dir='ltr'><strong>Pallantis</strong></span> <span class='ocrx_word' id='word_1_14' title='bbox 412 582 595 642; x_wconf 89' lang='lat' dir='ltr'><strong>iuvabantur</strong></span> <span class='ocrx_word' id='word_1_15' title='bbox 624 583 774 642; x_wconf 87' lang='lat' dir='ltr'><strong>socierum</strong></span> <span class='ocrx_word' id='word_1_16' title='bbox 805 583 961 643; x_wconf 78' lang='lat' dir='ltr'><strong>accedente</strong></span> <span class='ocrx_word' id='word_1_17' title='bbox 998 602 1151 643; x_wconf 85' lang='lat' dir='ltr'><strong>consensu.</strong></span> 
     </span>
     <span class='ocr_line' id='line_1_4' title="bbox 132 672 1153 735; baseline -0.003 0"><span class='ocrx_word' id='word_1_18' title='bbox 132 676 185 735; x_wconf 85' lang='lat' dir='ltr'><strong>sed</strong></span> <span class='ocrx_word' id='word_1_19' title='bbox 208 674 291 733; x_wconf 84' lang='lat' dir='ltr'><strong>bellis</strong></span> <span class='ocrx_word' id='word_1_20' title='bbox 314 690 381 733; x_wconf 88' lang='lat' dir='ltr'><strong>acer</strong></span> <span class='ocrx_word' id='word_1_21' title='bbox 398 672 551 731; x_wconf 74' lang='lat' dir='ltr'><strong>Halaesus</strong></span> <span class='ocrx_word' id='word_1_22' title='bbox 565 672 660 731; x_wconf 71' lang='lat' dir='ltr'><strong>&#39;teudi</strong></span> <span class='ocrx_word' id='word_1_23' title='bbox 676 673 710 730; x_wconf 84' lang='lat' dir='ltr'><strong>in</strong></span> <span class='ocrx_word' id='word_1_24' title='bbox 729 672 881 731; x_wconf 61' lang='lat' dir='ltr'><strong>manses:</strong></span> <span class='ocrx_word' id='word_1_25' title='bbox 904 673 946 732; x_wconf 84' lang='lat' dir='ltr'><strong>sic</strong></span> <span class='ocrx_word' id='word_1_26' title='bbox 964 674 1044 732; x_wconf 88' lang='lat' dir='ltr'><strong>enim</strong></span> <span class='ocrx_word' id='word_1_27' title='bbox 1062 674 1153 732; x_wconf 86' lang='lat' dir='ltr'><strong>audet</strong></span> 
     </span>
     <span class='ocr_line' id='line_1_5' title="bbox 133 760 1152 841; baseline 0 -19"><span class='ocrx_word' id='word_1_28' title='bbox 133 764 189 841; x_wconf 91' lang='lat' dir='ltr'><strong>qui</strong></span> <span class='ocrx_word' id='word_1_29' title='bbox 207 764 330 841; x_wconf 89' lang='lat' dir='ltr'><strong>propria</strong></span> <span class='ocrx_word' id='word_1_30' title='bbox 347 763 459 822; x_wconf 83' lang='lat' dir='ltr'><strong>virtute</strong></span> <span class='ocrx_word' id='word_1_31' title='bbox 478 760 610 836; x_wconf 84' lang='lat' dir='ltr'><strong>confidit,</strong></span> <span class='ocrx_word' id='word_1_32' title='bbox 627 764 662 820; x_wconf 89' lang='lat' dir='ltr'><strong>ut</strong></span> <span class='ocrx_word' id='word_1_33' title='bbox 679 760 723 820; x_wconf 88' lang='lat' dir='ltr'><strong>ire</strong></span> <span class='ocrx_word' id='word_1_34' title='bbox 736 780 796 820; x_wconf 89' lang='lat' dir='ltr'><strong>nen</strong></span> <span class='ocrx_word' id='word_1_35' title='bbox 810 764 949 822; x_wconf 87' lang='lat' dir='ltr'><strong>vereatur</strong></span> <span class='ocrx_word' id='word_1_36' title='bbox 961 761 993 820; x_wconf 93' lang='lat' dir='ltr'><strong>in</strong></span> <span class='ocrx_word' id='word_1_37' title='bbox 1007 761 1152 839; x_wconf 88' lang='lat' dir='ltr'><strong>plurimos</strong></span> 
     </span>
     <span class='ocr_line' id='line_1_6' title="bbox 134 851 1152 926; baseline -0.002 -13"><span class='ocrx_word' id='word_1_38' title='bbox 134 857 165 912; x_wconf 90' lang='lat' dir='ltr'><strong>et</strong></span> <span class='ocrx_word' id='word_1_39' title='bbox 188 856 294 913; x_wconf 87' lang='lat' dir='ltr'><strong>contra</strong></span> <span class='ocrx_word' id='word_1_40' title='bbox 315 851 471 912; x_wconf 86' lang='lat' dir='ltr'><strong>venientia.</strong></span> <span class='ocrx_word' id='word_1_41' title='bbox 507 867 592 924; x_wconf 73' lang='lat' dir='ltr'><strong>seque</strong></span> <span class='ocrx_word' id='word_1_42' title='bbox 614 851 647 908; x_wconf 90' lang='lat' dir='ltr'><strong>in</strong></span> <span class='ocrx_word' id='word_1_43' title='bbox 669 867 727 910; x_wconf 84' lang='lat' dir='ltr'><strong>sua</strong></span> <span class='ocrx_word' id='word_1_44' title='bbox 750 851 856 926; x_wconf 71' lang='lat' dir='ltr'><strong>uilliyit</strong></span> <span class='ocrx_word' id='word_1_45' title='bbox 877 869 978 911; x_wconf 80' lang='lat' dir='ltr'><strong>arnna:</strong></span> <span class='ocrx_word' id='word_1_46' title='bbox 1000 853 1099 911; x_wconf 86' lang='lat' dir='ltr'><strong>totum</strong></span> <span class='ocrx_word' id='word_1_47' title='bbox 1121 870 1152 911; x_wconf 85' lang='lat' dir='ltr'><strong>ee</strong></span> 
     </span>
     <span class='ocr_line' id='line_1_7' title="bbox 133 940 1155 1017; baseline -0.003 -14"><span class='ocrx_word' id='word_1_48' title='bbox 133 946 219 1003; x_wconf 86' lang='lat' dir='ltr'><strong>scuta</strong></span> <span class='ocrx_word' id='word_1_49' title='bbox 251 940 416 1002; x_wconf 87' lang='lat' dir='ltr'><strong>communit</strong></span> <span class='ocrx_word' id='word_1_50' title='bbox 443 941 568 1017; x_wconf 88' lang='lat' dir='ltr'><strong>propter</strong></span> <span class='ocrx_word' id='word_1_51' title='bbox 602 941 665 999; x_wconf 91' lang='lat' dir='ltr'><strong>vim</strong></span> <span class='ocrx_word' id='word_1_52' title='bbox 700 941 906 1017; x_wconf 89' lang='lat' dir='ltr'><strong>plurimorum.</strong></span> <span class='ocrx_word' id='word_1_53' title='bbox 964 941 1012 999; x_wconf 86' lang='lat' dir='ltr'><strong>ln&#39;c</strong></span> <span class='ocrx_word' id='word_1_54' title='bbox 1045 945 1155 1000; x_wconf 69' lang='lat' dir='ltr'><strong>manat</strong></span> 
     </span>
     <span class='ocr_line' id='line_1_8' title="bbox 134 1028 1153 1103; baseline -0.001 -12"><span class='ocrx_word' id='word_1_55' title='bbox 134 1032 265 1091; x_wconf 77' lang='lat' dir='ltr'><em>Ladona</em></span> <span class='ocrx_word' id='word_1_56' title='bbox 286 1031 470 1103; x_wconf 72' lang='lat' dir='ltr'><strong>Pheretaque</strong></span> <span class='ocrx_word' id='word_1_57' title='bbox 491 1028 759 1102; x_wconf 78' lang='lat' dir='ltr'><strong>Denwdcnunqne:</strong></span> <span class='ocrx_word' id='word_1_58' title='bbox 780 1029 834 1089; x_wconf 90' lang='lat' dir='ltr'><strong>illo</strong></span> <span class='ocrx_word' id='word_1_59' title='bbox 857 1031 889 1088; x_wconf 92' lang='lat' dir='ltr'><strong>in</strong></span> <span class='ocrx_word' id='word_1_60' title='bbox 911 1030 977 1090; x_wconf 88' lang='lat' dir='ltr'><strong>loco</strong></span> <span class='ocrx_word' id='word_1_61' title='bbox 1000 1029 1056 1090; x_wconf 82' lang='lat' dir='ltr'><strong>trie</strong></span> <span class='ocrx_word' id='word_1_62' title='bbox 1078 1030 1153 1090; x_wconf 86' lang='lat' dir='ltr'><strong>istos</strong></span> 
     </span>
     <span class='ocr_line' id='line_1_9' title="bbox 134 1117 1153 1196; baseline -0.001 -16"><span class='ocrx_word' id='word_1_63' title='bbox 134 1120 290 1181; x_wconf 75' lang='lat' dir='ltr'><strong>mactavit.</strong></span> <span class='ocrx_word' id='word_1_64' title='bbox 336 1138 401 1179; x_wconf 91' lang='lat' dir='ltr'><strong>ecce</strong></span> <span class='ocrx_word' id='word_1_65' title='bbox 424 1117 652 1196; x_wconf 86' lang='lat' dir='ltr'><strong>propterquod</strong></span> <span class='ocrx_word' id='word_1_66' title='bbox 675 1117 751 1178; x_wconf 85' lang='lat' dir='ltr'><strong>dixit</strong></span> <span class='ocrx_word' id='word_1_67' title='bbox 772 1119 860 1178; x_wconf 88' lang='lat' dir='ltr'><strong>bellis</strong></span> <span class='ocrx_word' id='word_1_68' title='bbox 883 1138 981 1178; x_wconf 91' lang='lat' dir='ltr'><strong>acrem</strong></span> <span class='ocrx_word' id='word_1_69' title='bbox 1009 1123 1099 1196; x_wconf 90' lang='lat' dir='ltr'><strong>atque</strong></span> <span class='ocrx_word' id='word_1_70' title='bbox 1121 1119 1153 1179; x_wconf 94' lang='lat' dir='ltr'><strong>in</strong></span> 
     </span>
     <span class='ocr_line' id='line_1_10' title="bbox 135 1207 1153 1281; baseline -0.002 -11"><span class='ocrx_word' id='word_1_71' title='bbox 135 1230 191 1270; x_wconf 81' lang='lat' dir='ltr'><strong>aua</strong></span> <span class='ocrx_word' id='word_1_72' title='bbox 222 1229 307 1269; x_wconf 88' lang='lat' dir='ltr'><strong>arma</strong></span> <span class='ocrx_word' id='word_1_73' title='bbox 336 1209 508 1281; x_wconf 76' lang='lat' dir='ltr'><strong>collectm,</strong></span> <span class='ocrx_word' id='word_1_74' title='bbox 537 1208 573 1266; x_wconf 92' lang='lat' dir='ltr'><strong>ut</strong></span> <span class='ocrx_word' id='word_1_75' title='bbox 602 1209 634 1267; x_wconf 85' lang='lat' dir='ltr'><strong>et</strong></span> <span class='ocrx_word' id='word_1_76' title='bbox 662 1207 771 1266; x_wconf 84' lang='lat' dir='ltr'><strong>fertem</strong></span> <span class='ocrx_word' id='word_1_77' title='bbox 803 1209 973 1268; x_wconf 87' lang='lat' dir='ltr'><strong>ostenderet</strong></span> <span class='ocrx_word' id='word_1_78' title='bbox 1002 1211 1035 1268; x_wconf 90' lang='lat' dir='ltr'><strong>in</strong></span> <span class='ocrx_word' id='word_1_79' title='bbox 1067 1210 1153 1268; x_wconf 91' lang='lat' dir='ltr'><strong>dimi·</strong></span> 
     </span>
     <span class='ocr_line' id='line_1_11' title="bbox 135 1297 1153 1375; baseline -0.004 -14"><span class='ocrx_word' id='word_1_80' title='bbox 135 1298 304 1360; x_wconf 86' lang='lat' dir='ltr'><strong>cationibus</strong></span> <span class='ocrx_word' id='word_1_81' title='bbox 327 1302 358 1357; x_wconf 91' lang='lat' dir='ltr'><strong>et</strong></span> <span class='ocrx_word' id='word_1_82' title='bbox 379 1298 520 1375; x_wconf 84' lang='lat' dir='ltr'><strong>peritum.</strong></span> <span class='ocrx_word' id='word_1_83' title='bbox 565 1314 643 1356; x_wconf 89' lang='lat' dir='ltr'><strong>unus</strong></span> <span class='ocrx_word' id='word_1_84' title='bbox 671 1299 703 1355; x_wconf 89' lang='lat' dir='ltr'><strong>et</strong></span> <span class='ocrx_word' id='word_1_85' title='bbox 729 1297 810 1357; x_wconf 85' lang='lat' dir='ltr'><strong>eolus</strong></span> <span class='ocrx_word' id='word_1_86' title='bbox 839 1301 968 1374; x_wconf 87' lang='lat' dir='ltr'><strong>quantos</strong></span> <span class='ocrx_word' id='word_1_87' title='bbox 996 1299 1153 1359; x_wconf 84' lang='lat' dir='ltr'><strong>mactavit!</strong></span> 
     </span>
     <span class='ocr_line' id='line_1_12' title="bbox 134 1385 1154 1462; baseline -0.002 -13"><span class='ocrx_word' id='word_1_88' title='bbox 134 1409 206 1449; x_wconf 87' lang='lat' dir='ltr'><strong>nam</strong></span> <span class='ocrx_word' id='word_1_89' title='bbox 235 1391 266 1448; x_wconf 91' lang='lat' dir='ltr'><strong>et</strong></span> <span class='ocrx_word' id='word_1_90' title='bbox 294 1388 350 1447; x_wconf 91' lang='lat' dir='ltr'><strong>hoc</strong></span> <span class='ocrx_word' id='word_1_91' title='bbox 379 1386 503 1447; x_wconf 86' lang='lat' dir='ltr'><strong>verbum</strong></span> <span class='ocrx_word' id='word_1_92' title='bbox 533 1385 571 1444; x_wconf 91' lang='lat' dir='ltr'><strong>ad</strong></span> <span class='ocrx_word' id='word_1_93' title='bbox 601 1385 823 1462; x_wconf 85' lang='lat' dir='ltr'><strong>exprimendam</strong></span> <span class='ocrx_word' id='word_1_94' title='bbox 852 1387 996 1446; x_wconf 79' lang='lat' dir='ltr'><strong>virtutem</strong></span> <span class='ocrx_word' id='word_1_95' title='bbox 1025 1388 1154 1447; x_wconf 86' lang='lat' dir='ltr'><strong>heminis</strong></span> 
     </span>
     <span class='ocr_line' id='line_1_13' title="bbox 135 1475 1154 1553; baseline -0.002 -15"><span class='ocrx_word' id='word_1_96' title='bbox 135 1480 273 1538; x_wconf 85' lang='lat' dir='ltr'><strong>additum</strong></span> <span class='ocrx_word' id='word_1_97' title='bbox 295 1479 354 1553; x_wconf 86' lang='lat' dir='ltr'><strong>est3</strong></span> <span class='ocrx_word' id='word_1_98' title='bbox 378 1476 490 1553; x_wconf 86' lang='lat' dir='ltr'><strong>quippe</strong></span> <span class='ocrx_word' id='word_1_99' title='bbox 512 1475 574 1534; x_wconf 86' lang='lat' dir='ltr'><strong>talc</strong></span> <span class='ocrx_word' id='word_1_100' title='bbox 598 1482 644 1535; x_wconf 87' lang='lat' dir='ltr'><strong>est</strong></span> <span class='ocrx_word' id='word_1_101' title='bbox 665 1477 780 1535; x_wconf 85' lang='lat' dir='ltr'><strong>mactat</strong></span> <span class='ocrx_word' id='word_1_102' title='bbox 798 1476 887 1553; x_wconf 91' lang='lat' dir='ltr'><strong>quale</strong></span> <span class='ocrx_word' id='word_1_103' title='bbox 906 1476 965 1535; x_wconf 84' lang='lat' dir='ltr'><strong>fuit</strong></span> <span class='ocrx_word' id='word_1_104' title='bbox 983 1495 1050 1535; x_wconf 90' lang='lat' dir='ltr'><strong>cum</strong></span> <span class='ocrx_word' id='word_1_105' title='bbox 1069 1495 1154 1536; x_wconf 84' lang='lat' dir='ltr'><strong>sacra</strong></span> 
     </span>
     <span class='ocr_line' id='line_1_14' title="bbox 133 1557 1155 1647; baseline -0.003 -20"><span class='ocrx_word' id='word_1_106' title='bbox 133 1569 252 1628; x_wconf 86' lang='lat' dir='ltr'><strong>Aeneas</strong></span> <span class='ocrx_word' id='word_1_107' title='bbox 265 1566 413 1642; x_wconf 79' lang='lat' dir='ltr'><strong>redderet3</strong></span> <span class='ocrx_word' id='word_1_108' title='bbox 431 1585 501 1625; x_wconf 92' lang='lat' dir='ltr'><strong>nam</strong></span> <span class='ocrx_word' id='word_1_109' title='bbox 516 1565 559 1624; x_wconf 83' lang='lat' dir='ltr'><strong>sic</strong></span> <span class='ocrx_word' id='word_1_110' title='bbox 572 1565 705 1640; x_wconf 89' lang='lat' dir='ltr'><strong>positum</strong></span> <span class='ocrx_word' id='word_1_111' title='bbox 718 1567 763 1625; x_wconf 83' lang='lat' dir='ltr'><strong>eat</strong></span> <span class='ocrx_word' id='word_1_112' title='bbox 778 1557 823 1647; x_wconf 82' lang='lat'><strong>(8,</strong></span> <span class='ocrx_word' id='word_1_113' title='bbox 831 1558 889 1646; x_wconf 85' lang='grc'><strong>84)</strong></span> <span class='ocrx_word' id='word_1_114' title='bbox 901 1564 976 1640; x_wconf 85' lang='lat' dir='ltr'><strong>„tibi</strong></span> <span class='ocrx_word' id='word_1_115' title='bbox 989 1565 1076 1641; x_wconf 78' lang='lat' dir='ltr'><strong>enim,</strong></span> <span class='ocrx_word' id='word_1_116' title='bbox 1089 1564 1155 1641; x_wconf 80' lang='lat' dir='ltr'><strong>tibi,</strong></span> 
     </span>
     <span class='ocr_line' id='line_1_15' title="bbox 134 1652 1155 1730; baseline -0.003 -13"><span class='ocrx_word' id='word_1_117' title='bbox 134 1658 267 1717; x_wconf 86' lang='lat' dir='ltr'><strong>maxima</strong></span> <span class='ocrx_word' id='word_1_118' title='bbox 284 1656 371 1730; x_wconf 86' lang='lat' dir='ltr'><strong>Inna,</strong></span> <span class='ocrx_word' id='word_1_119' title='bbox 389 1658 502 1715; x_wconf 88' lang='lat' dir='ltr'><strong>mactat</strong></span> <span class='ocrx_word' id='word_1_120' title='bbox 520 1672 606 1713; x_wconf 85' lang='lat' dir='ltr'><strong>sacra</strong></span> <span class='ocrx_word' id='word_1_121' title='bbox 623 1652 752 1729; x_wconf 85' lang='lat' dir='ltr'><strong>ferena“‚</strong></span> <span class='ocrx_word' id='word_1_122' title='bbox 768 1655 804 1712; x_wconf 87' lang='lat' dir='ltr'><strong>ut</strong></span> <span class='ocrx_word' id='word_1_123' title='bbox 823 1655 990 1714; x_wconf 84' lang='lat' dir='ltr'><strong>estenderet</strong></span> <span class='ocrx_word' id='word_1_124' title='bbox 1009 1656 1047 1714; x_wconf 93' lang='lat' dir='ltr'><strong>ad</strong></span> <span class='ocrx_word' id='word_1_125' title='bbox 1060 1655 1155 1714; x_wconf 91' lang='lat' dir='ltr'><strong>vicem</strong></span> 
     </span>
     <span class='ocr_line' id='line_1_16' title="bbox 136 1743 1154 1819; baseline -0.003 -13"><span class='ocrx_word' id='word_1_126' title='bbox 136 1747 315 1806; x_wconf 89' lang='lat' dir='ltr'><strong>animalium</strong></span> <span class='ocrx_word' id='word_1_127' title='bbox 336 1746 497 1819; x_wconf 87' lang='lat' dir='ltr'><strong>mutarum,</strong></span> <span class='ocrx_word' id='word_1_128' title='bbox 520 1761 598 1819; x_wconf 84' lang='lat' dir='ltr'><strong>quae</strong></span> <span class='ocrx_word' id='word_1_129' title='bbox 616 1743 648 1802; x_wconf 92' lang='lat' dir='ltr'><strong>in</strong></span> <span class='ocrx_word' id='word_1_130' title='bbox 666 1744 759 1802; x_wconf 87' lang='lat' dir='ltr'><strong>sacris</strong></span> <span class='ocrx_word' id='word_1_131' title='bbox 777 1744 841 1803; x_wconf 87' lang='lat' dir='ltr'><strong>sine</strong></span> <span class='ocrx_word' id='word_1_132' title='bbox 860 1743 1057 1803; x_wconf 87' lang='lat' dir='ltr'><strong>reluctatione</strong></span> <span class='ocrx_word' id='word_1_133' title='bbox 1074 1762 1154 1803; x_wconf 91' lang='lat' dir='ltr'><strong>mac-</strong></span> 
     </span>
     <span class='ocr_line' id='line_1_17' title="bbox 135 1830 1154 1910; baseline -0.001 -15"><span class='ocrx_word' id='word_1_134' title='bbox 135 1838 253 1910; x_wconf 87' lang='lat' dir='ltr'><strong>tantur,</strong></span> <span class='ocrx_word' id='word_1_135' title='bbox 282 1834 386 1893; x_wconf 87' lang='lat' dir='ltr'><strong>inertie</strong></span> <span class='ocrx_word' id='word_1_136' title='bbox 417 1834 538 1893; x_wconf 81' lang='lat' dir='ltr'><strong>occisos.</strong></span> <span class='ocrx_word' id='word_1_137' title='bbox 589 1852 644 1892; x_wconf 94' lang='lat' dir='ltr'><strong>nec</strong></span> <span class='ocrx_word' id='word_1_138' title='bbox 673 1830 854 1908; x_wconf 75' lang='lat' dir='ltr'><strong>columbis,</strong></span> <span class='ocrx_word' id='word_1_139' title='bbox 884 1834 937 1893; x_wconf 88' lang='lat' dir='ltr'><strong>sed</strong></span> <span class='ocrx_word' id='word_1_140' title='bbox 958 1833 1064 1894; x_wconf 84' lang='lat' dir='ltr'><strong>multis</strong></span> <span class='ocrx_word' id='word_1_141' title='bbox 1087 1833 1154 1894; x_wconf 86' lang='lat' dir='ltr'><strong>eliis</strong></span> 
     </span>
     <span class='ocr_line' id='line_1_18' title="bbox 135 1921 1156 1999; baseline 0 -16"><span class='ocrx_word' id='word_1_142' title='bbox 135 1927 210 1985; x_wconf 87' lang='lat' dir='ltr'><strong>locis</strong></span> <span class='ocrx_word' id='word_1_143' title='bbox 223 1922 391 1984; x_wconf 84' lang='lat' dir='ltr'><strong>invenimus</strong></span> <span class='ocrx_word' id='word_1_144' title='bbox 406 1925 521 1982; x_wconf 84' lang='lat' dir='ltr'><strong>mactat</strong></span> <span class='ocrx_word' id='word_1_145' title='bbox 534 1921 674 1982; x_wconf 85' lang='lat' dir='ltr'><strong>similiter</strong></span> <span class='ocrx_word' id='word_1_146' title='bbox 686 1921 827 1999; x_wconf 86' lang='lat' dir='ltr'><strong>pesitum,</strong></span> <span class='ocrx_word' id='word_1_147' title='bbox 846 1940 914 1981; x_wconf 89' lang='lat' dir='ltr'><strong>cnm</strong></span> <span class='ocrx_word' id='word_1_148' title='bbox 932 1922 1030 1982; x_wconf 84' lang='lat' dir='ltr'><strong>occisa</strong></span> <span class='ocrx_word' id='word_1_149' title='bbox 1047 1942 1156 1999; x_wconf 88' lang='lat' dir='ltr'><strong>pecora</strong></span> 
     </span>
     <span class='ocr_line' id='line_1_19' title="bbox 136 2011 1216 2093; baseline -0.001 -18"><span class='ocrx_word' id='word_1_150' title='bbox 136 2013 351 2093; x_wconf 83' lang='lat' dir='ltr'><strong>significantur.</strong></span> <span class='ocrx_word' id='word_1_151' title='bbox 383 2011 548 2088; x_wconf 74' lang='lat' dir='ltr'><strong>Strymonio</strong></span> <span class='ocrx_word' id='word_1_152' title='bbox 562 2011 695 2071; x_wconf 78' lang='lat' dir='ltr'><strong>aunan</strong></span> <span class='ocrx_word' id='word_1_153' title='bbox 707 2011 831 2087; x_wconf 75' lang='lat' dir='ltr'><strong>fulqenti</strong></span> <span class='ocrx_word' id='word_1_154' title='bbox 844 2012 951 2086; x_wconf 79' lang='lat' dir='ltr'><strong>deripit</strong></span> <span class='ocrx_word' id='word_1_155' title='bbox 964 2029 1031 2072; x_wconf 88' lang='lat' dir='ltr'><strong>ense</strong></span> <span class='ocrx_word' id='word_1_156' title='bbox 1048 2012 1216 2074; x_wconf 70' lang='lat' dir='ltr'><strong>claternam</strong></span> 
     </span>
     <span class='ocr_line' id='line_1_20' title="bbox 134 2101 1156 2181; baseline -0.002 -17"><span class='ocrx_word' id='word_1_157' title='bbox 134 2107 169 2164; x_wconf 83' lang='lat' dir='ltr'><strong>in</strong></span> <span class='ocrx_word' id='word_1_158' title='bbox 191 2105 339 2178; x_wconf 68' lang='lat' dir='ltr'><strong>iaculum:</strong></span> <span class='ocrx_word' id='word_1_159' title='bbox 363 2101 552 2179; x_wconf 81' lang='lat' dir='ltr'><strong>Strymonius</strong></span> <span class='ocrx_word' id='word_1_160' title='bbox 580 2103 661 2161; x_wconf 89' lang='lat' dir='ltr'><strong>elata</strong></span> <span class='ocrx_word' id='word_1_161' title='bbox 688 2120 780 2160; x_wconf 91' lang='lat' dir='ltr'><strong>manu</strong></span> <span class='ocrx_word' id='word_1_162' title='bbox 807 2120 875 2161; x_wconf 92' lang='lat' dir='ltr'><strong>cum</strong></span> <span class='ocrx_word' id='word_1_163' title='bbox 902 2102 994 2162; x_wconf 89' lang='lat' dir='ltr'><strong>vellet</strong></span> <span class='ocrx_word' id='word_1_164' title='bbox 1020 2103 1156 2181; x_wconf 82' lang='lat' dir='ltr'><strong>gladium</strong></span> 
     </span>
     <span class='ocr_line' id='line_1_21' title="bbox 134 2190 1155 2270; baseline -0.001 -17"><span class='ocrx_word' id='word_1_165' title='bbox 134 2196 166 2253; x_wconf 90' lang='lat' dir='ltr'><strong>in</strong></span> <span class='ocrx_word' id='word_1_166' title='bbox 189 2191 314 2252; x_wconf 87' lang='lat' dir='ltr'><strong>Halaesi</strong></span> <span class='ocrx_word' id='word_1_167' title='bbox 340 2192 478 2270; x_wconf 85' lang='lat' dir='ltr'><strong>iugulum</strong></span> <span class='ocrx_word' id='word_1_168' title='bbox 506 2192 609 2269; x_wconf 83' lang='lat' dir='ltr'><strong>figere,</strong></span> <span class='ocrx_word' id='word_1_169' title='bbox 638 2193 819 2268; x_wconf 88' lang='lat' dir='ltr'><strong>praeventus</strong></span> <span class='ocrx_word' id='word_1_170' title='bbox 849 2190 887 2250; x_wconf 97' lang='lat' dir='ltr'><strong>ab</strong></span> <span class='ocrx_word' id='word_1_171' title='bbox 910 2210 944 2251; x_wconf 92' lang='lat' dir='ltr'><strong>eo</strong></span> <span class='ocrx_word' id='word_1_172' title='bbox 967 2193 1066 2269; x_wconf 90' lang='lat' dir='ltr'><strong>ipsam</strong></span> <span class='ocrx_word' id='word_1_173' title='bbox 1088 2192 1155 2252; x_wconf 86' lang='lat' dir='ltr'><strong>dex-</strong></span> 
     </span>
     <span class='ocr_line' id='line_1_22' title="bbox 135 2280 1157 2358; baseline -0.003 -16"><span class='ocrx_word' id='word_1_174' title='bbox 135 2288 234 2344; x_wconf 89' lang='lat' dir='ltr'><strong>teram</strong></span> <span class='ocrx_word' id='word_1_175' title='bbox 257 2280 395 2358; x_wconf 84' lang='lat' dir='ltr'><strong>perdidit.</strong></span> <span class='ocrx_word' id='word_1_176' title='bbox 440 2298 513 2340; x_wconf 81' lang='lat' dir='ltr'><strong>sano</strong></span> <span class='ocrx_word' id='word_1_177' title='bbox 536 2281 605 2353; x_wconf 77' lang='lat' dir='ltr'><strong>ferit</strong></span> <span class='ocrx_word' id='word_1_178' title='bbox 627 2297 681 2340; x_wconf 89' lang='lat' dir='ltr'><strong>cra</strong></span> <span class='ocrx_word' id='word_1_179' title='bbox 704 2280 846 2340; x_wconf 78' lang='lat' dir='ltr'><strong>Thoantis</strong></span> <span class='ocrx_word' id='word_1_180' title='bbox 868 2297 991 2355; x_wconf 77' lang='lat' dir='ltr'><strong>ossaque</strong></span> <span class='ocrx_word' id='word_1_181' title='bbox 1019 2281 1157 2355; x_wconf 74' lang='lat' dir='ltr'><strong>dispersit</strong></span> 
     </span>
     <span class='ocr_line' id='line_1_23' title="bbox 137 2368 1155 2445; baseline -0.003 -13"><span class='ocrx_word' id='word_1_182' title='bbox 137 2373 251 2432; x_wconf 84' lang='lat' dir='ltr'><strong>ceretro</strong></span> <span class='ocrx_word' id='word_1_183' title='bbox 275 2371 426 2444; x_wconf 72' lang='lat' dir='ltr'><strong>pernicia</strong></span> <span class='ocrx_word' id='word_1_184' title='bbox 456 2374 587 2429; x_wconf 87' lang='lat' dir='ltr'><strong>cruente:</strong></span> <span class='ocrx_word' id='word_1_185' title='bbox 616 2388 676 2429; x_wconf 90' lang='lat' dir='ltr'><strong>non</strong></span> <span class='ocrx_word' id='word_1_186' title='bbox 705 2368 823 2430; x_wconf 86' lang='lat' dir='ltr'><strong>insidiis</strong></span> <span class='ocrx_word' id='word_1_187' title='bbox 847 2369 998 2445; x_wconf 87' lang='lat' dir='ltr'><strong>adpetitus</strong></span> <span class='ocrx_word' id='word_1_188' title='bbox 1022 2369 1155 2444; x_wconf 78' lang='lat' dir='ltr'><strong>satiate,</strong></span> 
     </span>
     <span class='ocr_line' id='line_1_24' title="bbox 137 2458 1156 2533; baseline -0.003 -12"><span class='ocrx_word' id='word_1_189' title='bbox 137 2460 189 2521; x_wconf 91' lang='lat' dir='ltr'><strong>sed</strong></span> <span class='ocrx_word' id='word_1_190' title='bbox 213 2464 333 2520; x_wconf 86' lang='lat' dir='ltr'><strong>tantum</strong></span> <span class='ocrx_word' id='word_1_191' title='bbox 355 2460 435 2519; x_wconf 86' lang='lat' dir='ltr'><strong>inere</strong></span> <span class='ocrx_word' id='word_1_192' title='bbox 457 2459 530 2533; x_wconf 82' lang='lat' dir='ltr'><strong>fuit,</strong></span> <span class='ocrx_word' id='word_1_193' title='bbox 554 2462 590 2518; x_wconf 90' lang='lat' dir='ltr'><strong>ut</strong></span> <span class='ocrx_word' id='word_1_194' title='bbox 611 2460 734 2519; x_wconf 88' lang='lat' dir='ltr'><strong>veniens</strong></span> <span class='ocrx_word' id='word_1_195' title='bbox 758 2478 862 2519; x_wconf 84' lang='lat' dir='ltr'><strong>saxum</strong></span> <span class='ocrx_word' id='word_1_196' title='bbox 884 2458 916 2517; x_wconf 92' lang='lat' dir='ltr'><strong>in</strong></span> <span class='ocrx_word' id='word_1_197' title='bbox 939 2458 1046 2517; x_wconf 85' lang='lat' dir='ltr'><strong>faciem</strong></span> <span class='ocrx_word' id='word_1_198' title='bbox 1069 2476 1156 2518; x_wconf 87' lang='lat' dir='ltr'><strong>suam</strong></span> 
     </span>
     <span class='ocr_line' id='line_1_25' title="bbox 136 2548 1156 2626; baseline -0.003 -17"><span class='ocrx_word' id='word_1_199' title='bbox 136 2570 197 2609; x_wconf 91' lang='lat' dir='ltr'><strong>non</strong></span> <span class='ocrx_word' id='word_1_200' title='bbox 220 2548 432 2626; x_wconf 84' lang='lat' dir='ltr'><strong>praevidisset,</strong></span> <span class='ocrx_word' id='word_1_201' title='bbox 454 2552 490 2608; x_wconf 92' lang='lat' dir='ltr'><strong>ut</strong></span> <span class='ocrx_word' id='word_1_202' title='bbox 516 2548 643 2607; x_wconf 75' lang='lat' dir='ltr'><strong>fudisset</strong></span> <span class='ocrx_word' id='word_1_203' title='bbox 672 2548 863 2622; x_wconf 90' lang='lat' dir='ltr'><strong>declinando,</strong></span> <span class='ocrx_word' id='word_1_204' title='bbox 893 2567 952 2625; x_wconf 90' lang='lat' dir='ltr'><strong>quo</strong></span> <span class='ocrx_word' id='word_1_205' title='bbox 982 2548 1047 2606; x_wconf 91' lang='lat' dir='ltr'><strong>ictu</strong></span> <span class='ocrx_word' id='word_1_206' title='bbox 1070 2567 1156 2607; x_wconf 91' lang='lat' dir='ltr'><strong>omne</strong></span> 
     </span>
     <span class='ocr_line' id='line_1_26' title="bbox 137 2637 1155 2714; baseline -0.003 -16"><span class='ocrx_word' id='word_1_207' title='bbox 137 2642 201 2699; x_wconf 90' lang='lat' dir='ltr'><strong>eius</strong></span> <span class='ocrx_word' id='word_1_208' title='bbox 225 2638 440 2697; x_wconf 83' lang='lat' dir='ltr'><strong>comminutum</strong></span> <span class='ocrx_word' id='word_1_209' title='bbox 462 2640 509 2697; x_wconf 84' lang='lat' dir='ltr'><strong>est</strong></span> <span class='ocrx_word' id='word_1_210' title='bbox 531 2640 623 2714; x_wconf 84' lang='lat' dir='ltr'><strong>caput</strong></span> <span class='ocrx_word' id='word_1_211' title='bbox 645 2640 676 2697; x_wconf 87' lang='lat' dir='ltr'><strong>et</strong></span> <span class='ocrx_word' id='word_1_212' title='bbox 694 2656 763 2696; x_wconf 92' lang='lat' dir='ltr'><strong>cum</strong></span> <span class='ocrx_word' id='word_1_213' title='bbox 782 2637 898 2697; x_wconf 84' lang='lat' dir='ltr'><strong>ossibus</strong></span> <span class='ocrx_word' id='word_1_214' title='bbox 917 2637 1071 2696; x_wconf 90' lang='lat' dir='ltr'><strong>cerebrum</strong></span> <span class='ocrx_word' id='word_1_215' title='bbox 1088 2655 1155 2696; x_wconf 93' lang='lat' dir='ltr'><strong>san·</strong></span> 
     </span>
     <span class='ocr_line' id='line_1_27' title="bbox 137 2725 1157 2808; baseline -0.001 -22"><span class='ocrx_word' id='word_1_216' title='bbox 137 2730 267 2808; x_wconf 85' lang='lat' dir='ltr'><strong>guisque</strong></span> <span class='ocrx_word' id='word_1_217' title='bbox 291 2728 452 2787; x_wconf 82' lang='lat' dir='ltr'><strong>commixta</strong></span> <span class='ocrx_word' id='word_1_218' title='bbox 475 2730 554 2786; x_wconf 88' lang='lat' dir='ltr'><strong>sunt.</strong></span> <span class='ocrx_word' id='word_1_219' title='bbox 591 2729 657 2800; x_wconf 80' lang='lat' dir='ltr'><strong>fata</strong></span> <span class='ocrx_word' id='word_1_220' title='bbox 680 2743 786 2785; x_wconf 83' lang='lat' dir='ltr'><strong>canens</strong></span> <span class='ocrx_word' id='word_1_221' title='bbox 806 2727 919 2800; x_wconf 71' lang='lat' dir='ltr'><strong>qenitcr</strong></span> <span class='ocrx_word' id='word_1_222' title='bbox 941 2726 1024 2785; x_wconf 78' lang='lat' dir='ltr'><strong>silens</strong></span> <span class='ocrx_word' id='word_1_223' title='bbox 1046 2725 1157 2786; x_wconf 84' lang='lat' dir='ltr'><strong>celarat</strong></span> 
     </span>
     <span class='ocr_line' id='line_1_28' title="bbox 137 2814 1157 2895; baseline -0.003 -18"><span class='ocrx_word' id='word_1_224' title='bbox 137 2819 319 2878; x_wconf 87' lang='lat' dir='ltr'><strong>Halaesum:</strong></span> <span class='ocrx_word' id='word_1_225' title='bbox 343 2816 462 2895; x_wconf 86' lang='lat' dir='ltr'><strong>cognite</strong></span> <span class='ocrx_word' id='word_1_226' title='bbox 486 2819 573 2892; x_wconf 87' lang='lat' dir='ltr'><strong>pater</strong></span> <span class='ocrx_word' id='word_1_227' title='bbox 596 2816 668 2892; x_wconf 91' lang='lat' dir='ltr'><strong>quid</strong></span> <span class='ocrx_word' id='word_1_228' title='bbox 692 2815 822 2875; x_wconf 86' lang='lat' dir='ltr'><strong>Halaesa</strong></span> <span class='ocrx_word' id='word_1_229' title='bbox 852 2815 915 2874; x_wconf 91' lang='lat' dir='ltr'><strong>filio</strong></span> <span class='ocrx_word' id='word_1_230' title='bbox 942 2814 1064 2874; x_wconf 87' lang='lat' dir='ltr'><strong>inimica</strong></span> <span class='ocrx_word' id='word_1_231' title='bbox 1091 2816 1157 2874; x_wconf 86' lang='lat' dir='ltr'><strong>fata</strong></span> 
     </span>
     <span class='ocr_line' id='line_1_29' title="bbox 136 2903 1158 2985; baseline -0.005 -17"><span class='ocrx_word' id='word_1_232' title='bbox 136 2908 306 2985; x_wconf 75' lang='lat' dir='ltr'><strong>pontarent,</strong></span> <span class='ocrx_word' id='word_1_233' title='bbox 329 2905 413 2965; x_wconf 88' lang='lat' dir='ltr'><strong>silvis</strong></span> <span class='ocrx_word' id='word_1_234' title='bbox 437 2905 645 2979; x_wconf 87' lang='lat' dir='ltr'><strong>absconderat,</strong></span> <span class='ocrx_word' id='word_1_235' title='bbox 667 2924 705 2962; x_wconf 94' lang='lat' dir='ltr'><strong>ne</strong></span> <span class='ocrx_word' id='word_1_236' title='bbox 728 2903 883 2964; x_wconf 88' lang='lat' dir='ltr'><strong>inventum</strong></span> <span class='ocrx_word' id='word_1_237' title='bbox 905 2904 1093 2981; x_wconf 88' lang='lat' dir='ltr'><strong>perimerent.</strong></span> <span class='ocrx_word' id='word_1_238' title='bbox 1124 2908 1158 2963; x_wconf 86' lang='lat' dir='ltr'><strong>ut</strong></span> 
     </span>
     <span class='ocr_line' id='line_1_30' title="bbox 136 2994 1157 3063; baseline -0.004 -6"><span class='ocrx_word' id='word_1_239' title='bbox 136 2998 235 3057; x_wconf 86' lang='lat' dir='ltr'><strong>senior</strong></span> <span class='ocrx_word' id='word_1_240' title='bbox 258 2996 311 3054; x_wconf 86' lang='lat' dir='ltr'><strong>ieta</strong></span> <span class='ocrx_word' id='word_1_241' title='bbox 334 2996 471 3055; x_wconf 79' lang='lat' dir='ltr'><strong>canentia</strong></span> <span class='ocrx_word' id='word_1_242' title='bbox 493 2995 608 3054; x_wconf 87' lang='lat' dir='ltr'><strong>lumina</strong></span> <span class='ocrx_word' id='word_1_243' title='bbox 629 2994 727 3063; x_wconf 83' lang='lat' dir='ltr'><strong>soluit,</strong></span> <span class='ocrx_word' id='word_1_244' title='bbox 750 2994 873 3052; x_wconf 88' lang='lat' dir='ltr'><strong>iniecere</strong></span> <span class='ocrx_word' id='word_1_245' title='bbox 898 3010 1022 3053; x_wconf 83' lang='lat' dir='ltr'><strong>manaen</strong></span> <span class='ocrx_word' id='word_1_246' title='bbox 1043 2994 1157 3053; x_wconf 90' lang='lat' dir='ltr'><strong>Parcae</strong></span> 
     </span>
    </p>
   </div>
   <div class='ocr_carea' id='block_1_3' title="bbox 136 3144 1205 3793">
    <p class='ocr_par' dir='ltr' id='par_1_3' title="bbox 136 3144 1205 3793">
     <span class='ocr_line' id='line_1_31' title="bbox 211 3144 1158 3218; baseline -0.003 -16"><span class='ocrx_word' id='word_1_247' title='bbox 211 3150 329 3203; x_wconf 87' lang='lat' dir='ltr'><strong>1Palla</strong></span> <span class='ocrx_word' id='word_1_248' title='bbox 348 3147 391 3201; x_wconf 87' lang='lat' dir='ltr'><strong>ed.</strong></span> <span class='ocrx_word' id='word_1_249' title='bbox 418 3147 421 3218; x_wconf 71' lang='lat' dir='ltr'><strong>l</strong></span> <span class='ocrx_word' id='word_1_250' title='bbox 444 3147 613 3215; x_wconf 71' lang='lat' dir='ltr'><strong>pacatulam</strong></span> <span class='ocrx_word' id='word_1_251' title='bbox 628 3146 687 3200; x_wconf 94' lang='lat' dir='ltr'><strong>VR.</strong></span> <span class='ocrx_word' id='word_1_252' title='bbox 747 3146 872 3200; x_wconf 73' lang='lat' dir='ltr'><strong>talesne</strong></span> <span class='ocrx_word' id='word_1_253' title='bbox 884 3144 945 3201; x_wconf 87' lang='lat' dir='ltr'><strong>VR.</strong></span> <span class='ocrx_word' id='word_1_254' title='bbox 999 3152 1158 3201; x_wconf 82' lang='lat' dir='ltr'><strong>4nereatnr</strong></span> 
     </span>
     <span class='ocr_line' id='line_1_32' title="bbox 137 3216 1158 3288; baseline -0.004 -14"><span class='ocrx_word' id='word_1_255' title='bbox 137 3222 163 3274; x_wconf 91' lang='lat' dir='ltr'><strong>R</strong></span> <span class='ocrx_word' id='word_1_256' title='bbox 186 3220 229 3273; x_wconf 90' lang='lat' dir='ltr'><strong>ed.</strong></span> <span class='ocrx_word' id='word_1_257' title='bbox 256 3225 409 3274; x_wconf 77' lang='lat' dir='ltr'><strong>revereatur</strong></span> <span class='ocrx_word' id='word_1_258' title='bbox 428 3217 462 3272; x_wconf 92' lang='lat' dir='ltr'><strong>V.</strong></span> <span class='ocrx_word' id='word_1_259' title='bbox 545 3224 561 3271; x_wconf 89' lang='lat'><strong>6</strong></span> <span class='ocrx_word' id='word_1_260' title='bbox 586 3218 732 3272; x_wconf 84' lang='lat' dir='ltr'><strong>commonit</strong></span> <span class='ocrx_word' id='word_1_261' title='bbox 751 3216 803 3271; x_wconf 94' lang='lat' dir='ltr'><strong>VR</strong></span> <span class='ocrx_word' id='word_1_262' title='bbox 828 3233 897 3272; x_wconf 87' lang='lat' dir='ltr'><strong>corr.</strong></span> <span class='ocrx_word' id='word_1_263' title='bbox 921 3235 943 3271; x_wconf 90' lang='lat' dir='ltr'><strong>r.</strong></span> <span class='ocrx_word' id='word_1_264' title='bbox 973 3217 976 3288; x_wconf 69' lang='lat' dir='ltr'><strong>t</strong></span> <span class='ocrx_word' id='word_1_265' title='bbox 1011 3223 1113 3272; x_wconf 82' lang='lat' dir='ltr'><strong>mactat</strong></span> <span class='ocrx_word' id='word_1_266' title='bbox 1132 3216 1158 3270; x_wconf 93' lang='lat' dir='ltr'><strong>V</strong></span> 
     </span>
     <span class='ocr_line' id='line_1_33' title="bbox 136 3288 1157 3358; baseline -0.006 -10"><span class='ocrx_word' id='word_1_267' title='bbox 136 3298 221 3347; x_wconf 85' lang='lat' dir='ltr'><strong>metat</strong></span> <span class='ocrx_word' id='word_1_268' title='bbox 245 3291 278 3344; x_wconf 93' lang='lat' dir='ltr'><strong>R.</strong></span> <span class='ocrx_word' id='word_1_269' title='bbox 353 3296 367 3344; x_wconf 82' lang='grc'><strong>7</strong></span> <span class='ocrx_word' id='word_1_270' title='bbox 395 3290 576 3357; x_wconf 76' lang='lat' dir='ltr'><strong>undecunque</strong></span> <span class='ocrx_word' id='word_1_271' title='bbox 596 3288 648 3343; x_wconf 93' lang='lat' dir='ltr'><strong>VR</strong></span> <span class='ocrx_word' id='word_1_272' title='bbox 674 3304 742 3358; x_wconf 81' lang='lat' dir='ltr'><strong>ergo</strong></span> <span class='ocrx_word' id='word_1_273' title='bbox 768 3288 887 3343; x_wconf 78' lang='lat' dir='ltr'><strong>fortasse</strong></span> <span class='ocrx_word' id='word_1_274' title='bbox 912 3288 1157 3357; x_wconf 74' lang='lat' dir='ltr'><strong>Deuadeeonque?</strong></span> 
     </span>
     <span class='ocr_line' id='line_1_34' title="bbox 137 3359 1156 3430; baseline -0.007 -12"><span class='ocrx_word' id='word_1_275' title='bbox 137 3369 154 3418; x_wconf 90' lang='lat'>8</span> <span class='ocrx_word' id='word_1_276' title='bbox 184 3369 209 3417; x_wconf 89' lang='lat' dir='ltr'><strong>ct</strong></span> <span class='ocrx_word' id='word_1_277' title='bbox 235 3379 314 3430; x_wconf 77' lang='lat' dir='ltr'><strong>seque</strong></span> <span class='ocrx_word' id='word_1_278' title='bbox 338 3360 390 3415; x_wconf 88' lang='lat' dir='ltr'><strong>VR</strong></span> <span class='ocrx_word' id='word_1_279' title='bbox 420 3378 499 3429; x_wconf 78' lang='lat' dir='ltr'><strong>seque</strong></span> <span class='ocrx_word' id='word_1_280' title='bbox 530 3360 574 3414; x_wconf 89' lang='lat' dir='ltr'><strong>ed.</strong></span> <span class='ocrx_word' id='word_1_281' title='bbox 607 3366 688 3429; x_wconf 77' lang='lat' dir='ltr'><strong>atque</strong></span> <span class='ocrx_word' id='word_1_282' title='bbox 716 3377 775 3415; x_wconf 81' lang='lat' dir='ltr'><strong>nce.</strong></span> <span class='ocrx_word' id='word_1_283' title='bbox 867 3365 882 3413; x_wconf 86' lang='grc'>9</span> <span class='ocrx_word' id='word_1_284' title='bbox 910 3360 1098 3415; x_wconf 74' lang='lat' dir='ltr'><strong>dimicationis</strong></span> <span class='ocrx_word' id='word_1_285' title='bbox 1124 3359 1156 3413; x_wconf 92' lang='lat' dir='ltr'><strong>R.</strong></span> 
     </span>
     <span class='ocr_line' id='line_1_35' title="bbox 138 3430 1158 3503; baseline -0.005 -14"><span class='ocrx_word' id='word_1_286' title='bbox 138 3439 172 3489; x_wconf 89' lang='lat'><strong>10</strong></span> <span class='ocrx_word' id='word_1_287' title='bbox 191 3441 308 3503; x_wconf 78' lang='lat' dir='ltr'><strong>quantos</strong></span> <span class='ocrx_word' id='word_1_288' title='bbox 320 3432 373 3486; x_wconf 93' lang='lat' dir='ltr'><strong>VR</strong></span> <span class='ocrx_word' id='word_1_289' title='bbox 391 3439 456 3501; x_wconf 69' lang='lat' dir='ltr'><strong>qenai</strong></span> <span class='ocrx_word' id='word_1_290' title='bbox 473 3431 517 3487; x_wconf 89' lang='lat' dir='ltr'><strong>ed.</strong></span> <span class='ocrx_word' id='word_1_291' title='bbox 591 3436 623 3485; x_wconf 90' lang='lat'><strong>11</strong></span> <span class='ocrx_word' id='word_1_292' title='bbox 646 3448 694 3487; x_wconf 86' lang='lat' dir='ltr'><strong>uer</strong></span> <span class='ocrx_word' id='word_1_293' title='bbox 710 3448 761 3500; x_wconf 88' lang='lat' dir='ltr'><strong>pre</strong></span> <span class='ocrx_word' id='word_1_294' title='bbox 780 3431 889 3486; x_wconf 82' lang='lat' dir='ltr'><strong>cerburn</strong></span> <span class='ocrx_word' id='word_1_295' title='bbox 902 3430 961 3485; x_wconf 92' lang='lat' dir='ltr'><strong>VR.</strong></span> <span class='ocrx_word' id='word_1_296' title='bbox 991 3432 994 3503; x_wconf 69' lang='lat' dir='ltr'><strong>t</strong></span> <span class='ocrx_word' id='word_1_297' title='bbox 1024 3447 1158 3501; x_wconf 68' lang='lat' dir='ltr'><strong>eupom-</strong></span> 
     </span>
     <span class='ocr_line' id='line_1_36' title="bbox 137 3501 1159 3570; baseline -0.004 -9"><span class='ocrx_word' id='word_1_298' title='bbox 137 3508 203 3561; x_wconf 84' lang='lat' dir='ltr'><strong>darn</strong></span> <span class='ocrx_word' id='word_1_299' title='bbox 222 3505 265 3558; x_wconf 90' lang='lat' dir='ltr'><strong>ed.</strong></span> <span class='ocrx_word' id='word_1_300' title='bbox 322 3509 356 3559; x_wconf 79' lang='lat'><strong>13</strong></span> <span class='ocrx_word' id='word_1_301' title='bbox 374 3505 446 3558; x_wconf 83' lang='lat' dir='ltr'><strong>enirn</strong></span> <span class='ocrx_word' id='word_1_302' title='bbox 464 3504 515 3559; x_wconf 82' lang='lat' dir='ltr'><strong>tibi</strong></span> <span class='ocrx_word' id='word_1_303' title='bbox 533 3519 588 3557; x_wconf 86' lang='lat' dir='ltr'><strong>om.</strong></span> <span class='ocrx_word' id='word_1_304' title='bbox 603 3502 646 3556; x_wconf 92' lang='lat' dir='ltr'><strong>ed.</strong></span> <span class='ocrx_word' id='word_1_305' title='bbox 704 3508 737 3557; x_wconf 81' lang='lat'><strong>15</strong></span> <span class='ocrx_word' id='word_1_306' title='bbox 756 3509 912 3558; x_wconf 68' lang='lat' dir='ltr'><strong>mammeam</strong></span> <span class='ocrx_word' id='word_1_307' title='bbox 925 3501 984 3556; x_wconf 91' lang='lat' dir='ltr'><strong>VR.</strong></span> <span class='ocrx_word' id='word_1_308' title='bbox 1041 3508 1075 3570; x_wconf 68' lang='lat' dir='ltr'><strong>lt</strong></span> <span class='ocrx_word' id='word_1_309' title='bbox 1093 3503 1159 3557; x_wconf 83' lang='lat' dir='ltr'><strong>aliis</strong></span> 
     </span>
     <span class='ocr_line' id='line_1_37' title="bbox 137 3573 1158 3645; baseline -0.004 -14"><span class='ocrx_word' id='word_1_310' title='bbox 137 3595 192 3632; x_wconf 89' lang='lat' dir='ltr'><strong>om.</strong></span> <span class='ocrx_word' id='word_1_311' title='bbox 210 3576 254 3630; x_wconf 89' lang='lat' dir='ltr'><strong>ed.</strong></span> <span class='ocrx_word' id='word_1_312' title='bbox 329 3581 362 3630; x_wconf 87' lang='lat'><strong>18</strong></span> <span class='ocrx_word' id='word_1_313' title='bbox 380 3575 481 3645; x_wconf 78' lang='lat' dir='ltr'><strong>diripit</strong></span> <span class='ocrx_word' id='word_1_314' title='bbox 497 3593 518 3628; x_wconf 86' lang='lat' dir='ltr'><strong>r.</strong></span> <span class='ocrx_word' id='word_1_315' title='bbox 538 3573 581 3629; x_wconf 90' lang='lat' dir='ltr'><strong>ed.</strong></span> <span class='ocrx_word' id='word_1_316' title='bbox 655 3579 690 3628; x_wconf 75' lang='lat'><strong>22</strong></span> <span class='ocrx_word' id='word_1_317' title='bbox 712 3576 763 3629; x_wconf 85' lang='lat' dir='ltr'><strong>iste</strong></span> <span class='ocrx_word' id='word_1_318' title='bbox 785 3590 838 3628; x_wconf 89' lang='lat' dir='ltr'><strong>cm.</strong></span> <span class='ocrx_word' id='word_1_319' title='bbox 858 3574 901 3629; x_wconf 86' lang='lat' dir='ltr'><strong>cd.</strong></span> <span class='ocrx_word' id='word_1_320' title='bbox 975 3580 1010 3628; x_wconf 78' lang='lat'><strong>24</strong></span> <span class='ocrx_word' id='word_1_321' title='bbox 1032 3573 1158 3629; x_wconf 77' lang='lat' dir='ltr'><strong>cat-ele-</strong></span> 
     </span>
     <span class='ocr_line' id='line_1_38' title="bbox 137 3644 1177 3705; baseline -0.013 -1"><span class='ocrx_word' id='word_1_322' title='bbox 137 3647 269 3705; x_wconf 86' lang='lat' dir='ltr'><strong>clinando</strong></span> <span class='ocrx_word' id='word_1_323' title='bbox 288 3664 342 3702; x_wconf 89' lang='lat' dir='ltr'><strong>cm.</strong></span> <span class='ocrx_word' id='word_1_324' title='bbox 357 3646 401 3701; x_wconf 91' lang='lat' dir='ltr'><strong>ed.</strong></span> <span class='ocrx_word' id='word_1_325' title='bbox 468 3652 502 3701; x_wconf 78' lang='lat'><strong>25</strong></span> <span class='ocrx_word' id='word_1_326' title='bbox 521 3651 631 3701; x_wconf 78' lang='lat' dir='ltr'><strong>et-ae</strong></span> <span class='ocrx_word' id='word_1_327' title='bbox 646 3652 712 3704; x_wconf 79' lang='lat' dir='ltr'><strong>santi</strong></span> <span class='ocrx_word' id='word_1_328' title='bbox 724 3646 779 3702; x_wconf 91' lang='lat' dir='ltr'><strong>VR</strong></span> <span class='ocrx_word' id='word_1_329' title='bbox 795 3647 938 3703; x_wconf 78' lang='lat' dir='ltr'><strong>nat-sint</strong></span> <span class='ocrx_word' id='word_1_330' title='bbox 955 3644 1005 3699; x_wconf 81' lang='lat' dir='ltr'><strong>ed.</strong></span> <span class='ocrx_word' id='word_1_331' title='bbox 1069 3648 1112 3694; x_wconf 62' lang='lat' dir='ltr'><strong>‘in</strong></span> <span class='ocrx_word' id='word_1_332' title='bbox 1130 3658 1177 3693; x_wconf 65' lang='lat' dir='ltr'><strong>nee</strong></span> 
     </span>
     <span class='ocr_line' id='line_1_39' title="bbox 136 3705 1205 3793; baseline -0.014 -16"><span class='ocrx_word' id='word_1_333' title='bbox 136 3737 203 3777; x_wconf 78' lang='lat' dir='ltr'><strong>aens</strong></span> <span class='ocrx_word' id='word_1_334' title='bbox 217 3719 267 3771; x_wconf 86' lang='lat' dir='ltr'><strong>VR</strong></span> <span class='ocrx_word' id='word_1_335' title='bbox 283 3734 384 3773; x_wconf 78' lang='lat' dir='ltr'><strong>eanene</strong></span> <span class='ocrx_word' id='word_1_336' title='bbox 400 3717 443 3772; x_wconf 89' lang='lat' dir='ltr'><strong>ed.</strong></span> <span class='ocrx_word' id='word_1_337' title='bbox 472 3719 481 3792; x_wconf 74' lang='lat' dir='ltr'><strong>t</strong></span> <span class='ocrx_word' id='word_1_338' title='bbox 513 3720 616 3777; x_wconf 85' lang='lat' dir='ltr'><strong>celerat</strong></span> <span class='ocrx_word' id='word_1_339' title='bbox 633 3718 696 3777; x_wconf 90' lang='lat' dir='ltr'><strong>VR.</strong></span> <span class='ocrx_word' id='word_1_340' title='bbox 773 3726 808 3777; x_wconf 62' lang='grc' dir='ltr'>Ἦ</span> <span class='ocrx_word' id='word_1_341' title='bbox 835 3716 1033 3793; x_wconf 61' lang='lat' dir='ltr'><strong>acquitavit</strong></span> <span class='ocrx_word' id='word_1_342' title='bbox 1054 3728 1133 3768; x_wconf 76' lang='lat' dir='ltr'><strong>cnm.</strong></span> <span class='ocrx_word' id='word_1_343' title='bbox 1150 3705 1205 3757; x_wconf 60' lang='lat' dir='ltr'><strong>an.</strong></span> 
     </span>
    </p>
   </div>
   <div class='ocr_carea' id='block_1_4' title="bbox 0 0 1377 4150">
    <p class='ocr_par' dir='ltr' id='par_1_4' title="bbox 0 0 1377 4150">
     <span class='ocr_line' id='line_1_40' title="bbox 0 0 1377 4150; baseline 0 0"><span class='ocrx_word' id='word_1_344' title='bbox 0 0 1377 4150; x_wconf 95' lang='lat' dir='ltr'><strong> </strong></span> 
     </span>
    </p>
   </div>
  </div>
 </body>
</html>
