2725 4150
570 339 794 395 muarnosx
1126 343 1191 409 331

174 508 381 585 desperatione
400 508 569 567 ostenditur
587 527 679 584 quam
697 509 888 585 praeviderat
905 509 1033 568 Turnus.
1066 507 1194 583 Aeneae,

173 598 288 674 inquit,
311 597 387 657 alios
411 596 556 673 adpositis
579 598 722 674 pontibus
750 598 932 675 exponebat,
958 598 1061 657 multis
1091 597 1194 656 ambu-

173 687 258 746 landi
281 687 477 747 desuetudine
504 688 644 763 trepidis,
676 706 806 764 quorum
835 705 969 766 gressum
997 689 1108 747 natura
1138 705 1195 746 sua

172 777 379 836 infirmaverat
406 795 502 850 mare,
532 794 627 852 usqne
658 776 732 836 adeo
757 779 794 834 ut
821 777 984 836 relabentis
1010 774 1108 835 undas
1130 775 1195 834 lan-

142 865 293 944 aguentis
316 866 430 943 pelagI,
453 866 509 924 hoc
532 869 578 924 est
600 865 726 942 placidi,
743 868 923 940 metuerent,
947 884 1007 941 qua
1030 882 1121 924 causa
1144 864 1194 923 ob-

174 955 336 1015 servabant
354 974 456 1015 eamm
473 954 612 1028 reditum,
632 974 668 1012 ne
687 957 852 1014 remeantes
875 956 908 1013 in
927 955 1024 1014 altum
1041 954 1196 1013 traherent

174 1045 253 1103 exire
277 1045 434 1120 cupientis.
483 1046 571 1103 tanta
597 1044 657 1102 fuit
682 1043 887 1104 inconstantia
914 1062 1046 1122 gressus,
1072 1046 1110 1103 ut
1135 1062 1196 1103 me·

174 1135 310 1192 tueretur
338 1134 429 1193 etiam
459 1132 571 1210 placidi
600 1134 739 1208 aequoris
768 1137 877 1193 motus.
932 1135 962 1192 et
993 1132 1132 1193 brevibus
1165 1151 1196 1192 se

174 1223 293 1282 credere
317 1224 411 1281 saltu:
435 1222 489 1280 alii
511 1222 595 1281 brevi
619 1223 699 1281 saltu
727 1240 791 1282 sese
818 1221 974 1282 iactabant
1001 1224 1125 1300 propter
1151 1223 1196 1282 in·

128 1328 156 1366 rc
173 1313 347 1371 firmitatem
369 1310 492 1388 pedum,
516 1311 570 1370 alii
592 1330 663 1371 vero
682 1311 902 1372 descendebant
919 1331 974 1387 per
990 1330 1096 1373 remos.
1133 1329 1197 1385 ope·

174 1402 290 1460 calatus
319 1402 406 1460 litora
436 1401 572 1459 Tarabeu
601 1418 661 1473 qua
689 1401 770 1460 uada
798 1418 858 1460 uou
887 1405 987 1475 sperat
1014 1418 1068 1460 uec
1097 1402 1197 1474 fractu

174 1495 374 1549 remurmurat
394 1490 490 1559 uada,
515 1490 566 1548 aad
587 1507 670 1548 marc
692 1491 870 1563 iuoffeusum
892 1491 1028 1548 crescenti
1046 1489 1197 1549 adlabitur

175 1584 258 1638 aestu
288 1579 413 1638 advertit
441 1579 535 1637 subito
555 1596 667 1651 proras
690 1580 837 1652 sociosque
855 1583 1010 1654 precatur:
1032 1577 1195 1638 Tarchonis

174 1669 326 1745 inpatiens
349 1668 446 1728 virtus
469 1687 537 1726 cum
560 1669 593 1726 in
611 1668 787 1728 descensum
806 1686 873 1728 oras
892 1667 1074 1743 adverteret,
1096 1668 1197 1728 visum

129 1770 155 1811 rc
175 1762 222 1817 est
244 1759 272 1817 ei
293 1760 329 1816 ut
351 1777 405 1833 per
427 1776 493 1816 eam
515 1759 634 1832 partem
656 1757 755 1818 litoris
778 1756 902 1817 vaderet
919 1776 981 1834 qua
999 1757 1095 1817 omnis
1114 1758 1196 1816 tran·

175 1847 313 1923 quillitas
343 1846 404 1905 fuit
431 1865 486 1905 nec
514 1847 596 1905 unda
625 1845 810 1906 inlidebatur
838 1847 869 1905 in
902 1864 975 1905 saxa
1006 1866 1061 1906 neo
1093 1847 1197 1923 aliqua

174 1936 342 1996 venientem
365 1935 444 1996 vada
465 1935 626 1996 terrebant.
671 1939 793 2013 repente
816 1936 913 2014 igitur
934 1955 1039 2013 proras
1068 1934 1198 1995 obvertit

175 2026 337 2101 deprecans
366 2026 461 2085 socios
490 2023 528 2084 ad
558 2025 659 2085 officia
686 2025 808 2086 virtutis
837 2025 989 2103 inplenda.
1035 2025 1198 2104 plurimum

175 2117 256 2174 enim
287 2115 326 2174 ad
353 2116 490 2174 effectum
520 2116 639 2190 proficit
667 2134 736 2175 cum
765 2134 851 2192 prece
881 2118 979 2176 utitur
1008 2118 1061 2194 qui
1093 2115 1197 2174 iubere

128 2221 156 2260 m
174 2208 324 2281 potuerat.
369 2222 460 2273 uuuc,
489 2204 602 2264 electa
628 2223 750 2275 manua,
778 2206 888 2264 ualidis
914 2206 1070 2265 incumbite
1099 2206 1196 2273 remis,

174 2295 275 2369 toilite,
297 2296 371 2368 ferte
392 2298 488 2352 rates:
509 2313 656 2373 magnum
678 2294 815 2353 ardorem
837 2296 897 2355 viri
918 2295 1006 2353 fortis
1028 2294 1145 2353 inducit
1167 2297 1259 2353 etate

175 2385 238 2443 eius
262 2384 315 2460 qui
339 2383 376 2441 ob
398 2383 595 2441 intentionem
618 2404 738 2462 pugnae
760 2383 828 2460 ipsa
850 2384 1011 2461 naufragia
1028 2402 1088 2441 non
1112 2382 1198 2441 dubi·

174 2476 255 2532 taret
277 2472 435 2531 admittere
458 2474 490 2530 in
514 2492 607 2549 eoque
632 2492 691 2549 quo
716 2473 815 2533 animo
839 2491 929 2532 ausus
954 2475 1020 2531 erat
1036 2473 1100 2547 ipse
1120 2474 1198 2531 esset

174 2564 326 2638 hortator,
349 2563 413 2637 ipse
436 2565 617 2637 proponeret
640 2581 718 2640 quae
744 2562 777 2620 in
805 2561 989 2622 contrarium
1017 2562 1118 2620 venire
1145 2578 1198 2635 po·

128 2667 156 2708 as
175 2654 317 2727 tuissent,
346 2651 411 2727 ipse
439 2650 641 2727 responderet.
694 2650 761 2728 quis
792 2652 871 2709 enim
899 2651 1026 2710 nesciret
1055 2650 1087 2707 in
1119 2648 1197 2708 vado

175 2760 290 2800 cessare
312 2741 440 2818 remigia
458 2740 615 2800 debuisse?
661 2741 729 2816 quis
751 2739 906 2818 ignoraret
933 2738 1034 2816 frangi
1062 2738 1197 2814 potuisse

175 2829 298 2908 navigia
328 2829 380 2888 ubi
410 2829 538 2889 altitudo
568 2830 669 2907 pelagi
700 2829 838 2888 deficiens
873 2829 937 2888 sola
969 2829 1043 2904 ipsis
1070 2827 1197 2887 navibus

175 2919 309 2996 pericula
333 2918 569 2979 demonstraret?
609 2917 787 2993 incumbite,
810 2918 922 2994 inquit,
940 2919 1077 2992 iuvenes,
1095 2916 1198 2976 remis:

175 3010 278 3086 potuit
314 3007 375 3067 dici
405 3009 552 3083 quomodo
585 3007 789 3067 incumbemus
820 3010 851 3066 et
882 3007 965 3081 deest
999 3025 1096 3083 aquae
1131 3006 1198 3066 sub·

248 3165 263 3213 1
283 3160 470 3229 desperatiouc
483 3160 535 3214 VR
552 3160 605 3214 edI
623 3160 776 3230 desperatio
795 3159 866 3213 edF.
921 3159 1048 3215 caudas
1067 3160 1198 3229 laugucu-

175 3234 212 3286 tis
230 3231 282 3284 VR
304 3238 330 3286 et
351 3232 485 3300 interpoe.
505 3232 549 3285 ed.
623 3230 875 3285 bmctucrautVR
894 3247 963 3285 corr.
983 3230 1026 3284 ed.
1099 3230 1199 3284 tred-

175 3302 325 3358 ditumVR
340 3319 407 3356 corr.
424 3303 467 3357 ed.
518 3308 642 3357 8motus
657 3301 680 3355 V
696 3301 739 3357 ed.
754 3309 841 3357 metuo
853 3302 886 3355 R.
938 3303 1047 3356 9brcoi
1060 3301 1135 3356 saltu
1147 3300 1200 3353 VR

176 3376 219 3428 ed.
246 3391 303 3428 non
328 3374 476 3443 intellego,
502 3374 557 3428 nisi
580 3374 652 3428 forte
675 3373 747 3427 Don.
772 3375 879 3429 brevius
901 3390 952 3442 pro
976 3374 1101 3427 brevitas
1119 3371 1198 3441 legit.

177 3453 209 3500 11
233 3447 366 3500 tharcbou
382 3444 442 3499 VR.
471 3446 474 3515 t
504 3453 596 3514 sperat
609 3445 661 3499 VR
678 3447 789 3514 spiram
805 3462 827 3499 r.
907 3451 940 3499 16
958 3445 1126 3499 iulidibatur
1139 3443 1198 3497 VR.

176 3522 211 3571 20
234 3533 310 3571 uuae
332 3517 444 3571 collecta
461 3516 520 3571 VR.
601 3522 634 3570 23
658 3534 710 3586 quo
733 3518 827 3572 auimo
846 3522 957 3572 ausmat
970 3515 1022 3569 VR
1039 3521 1071 3569 ut
1089 3516 1200 3570 ouiuiuo

176 3588 298 3654 auferret
315 3587 358 3641 ed.
433 3592 466 3641 25
489 3591 547 3658 ipsc
569 3589 741 3658 responderet
754 3588 806 3641 VR
824 3594 849 3643 et
867 3589 885 3641 a'.
904 3606 927 3642 r.
947 3587 990 3642 ed.
1064 3592 1098 3640 26
1121 3592 1201 3654 potu

176 3662 241 3742 isset
254 3658 296 3741 V.
323 3729 343 3781 d
376 3663 410 3713 28
435 3661 619 3716 incumbimus
638 3660 691 3715 VR
717 3676 789 3718 corr.
810 3678 836 3716 r.
860 3660 907 3716 ed.
983 3664 1022 3712 ‘aa
1049 3653 1227 3725 aquacVRv

176 3746 289 3782 mimica
307 3745 322 3781 θ
342 3767 349 3780 .
