<?xml version="1.0" encoding="UTF-8"?>
<!DOCTYPE html PUBLIC "-//W3C//DTD XHTML 1.0 Transitional//EN"
    "http://www.w3.org/TR/xhtml1/DTD/xhtml1-transitional.dtd">
<html xmlns="http://www.w3.org/1999/xhtml" xml:lang="en" lang="en">
 <head>
  <title>
</title>
<meta http-equiv="Content-Type" content="text/html;charset=utf-8" />
  <meta name='ocr-system' content='tesseract 3.04.00' />
  <meta name='ocr-capabilities' content='ocr_page ocr_carea ocr_par ocr_line ocrx_word'/>
</head>
<body>
  <div class='ocr_page' id='page_1' title='image "./tibericlaudidon00georgoog_0590.png"; bbox 0 0 2725 4150; ppageno 0'>
   <div class='ocr_carea' id='block_1_1' title="bbox 547 319 1184 389">
    <p class='ocr_par' dir='ltr' id='par_1_1' title="bbox 547 319 1184 389">
     <span class='ocr_line' id='line_1_1' title="bbox 547 319 1184 389; baseline 0 -15"><span class='ocrx_word' id='word_1_1' title='bbox 547 319 802 377; x_wconf 77' lang='lat' dir='ltr'>mnemosxu</span> <span class='ocrx_word' id='word_1_2' title='bbox 1118 323 1184 389; x_wconf 81' lang='lat'>569</span> 
     </span>
    </p>
   </div>
   <div class='ocr_carea' id='block_1_2' title="bbox 115 489 1247 3425">
    <p class='ocr_par' dir='ltr' id='par_1_2' title="bbox 115 489 1247 3425">
     <span class='ocr_line' id='line_1_2' title="bbox 162 489 1186 564; baseline 0 -16"><span class='ocrx_word' id='word_1_3' title='bbox 162 490 223 549; x_wconf 84' lang='lat' dir='ltr'>scis</span> <span class='ocrx_word' id='word_1_4' title='bbox 249 493 283 549; x_wconf 80' lang='lat' dir='ltr'>ut</span> <span class='ocrx_word' id='word_1_5' title='bbox 309 493 335 548; x_wconf 84' lang='lat' dir='ltr'>ta</span> <span class='ocrx_word' id='word_1_6' title='bbox 362 490 472 549; x_wconf 69' lang='lat' dir='ltr'>cuncte</span> <span class='ocrx_word' id='word_1_7' title='bbox 498 498 604 559; x_wconf 70' lang='lat' dir='ltr'>mam,</span> <span class='ocrx_word' id='word_1_8' title='bbox 632 507 828 564; x_wconf 61' lang='lat' dir='ltr'>mearumque</span> <span class='ocrx_word' id='word_1_9' title='bbox 850 489 979 548; x_wconf 78' lang='lat' dir='ltr'><strong><em>Latinae</em></strong></span> <span class='ocrx_word' id='word_1_10' title='bbox 1001 491 1186 564; x_wconf 71' lang='lat' dir='ltr'>mapecnimi</span> 
     </span>
     <span class='ocr_line' id='line_1_3' title="bbox 162 578 1247 653; baseline 0.005 -17"><span class='ocrx_word' id='word_1_11' title='bbox 162 579 247 638; x_wconf 82' lang='lat' dir='ltr'>Iocis</span> <span class='ocrx_word' id='word_1_12' title='bbox 269 579 419 653; x_wconf 73' lang='lat' dir='ltr'>icpratam</span> <span class='ocrx_word' id='word_1_13' title='bbox 437 579 592 638; x_wconf 81' lang='lat' dir='ltr'>ascendere</span> <span class='ocrx_word' id='word_1_14' title='bbox 610 578 715 648; x_wconf 75' lang='lat' dir='ltr'>cubile,</span> <span class='ocrx_word' id='word_1_15' title='bbox 733 579 927 653; x_wconf 79' lang='lat' dir='ltr'>praetulerim</span> <span class='ocrx_word' id='word_1_16' title='bbox 947 579 1247 651; x_wconf 59' lang='lat' dir='ltr'>insuescerent</span> 
     </span>
     <span class='ocr_line' id='line_1_4' title="bbox 163 667 1186 744; baseline 0.002 -18"><span class='ocrx_word' id='word_1_17' title='bbox 163 669 195 726; x_wconf 83' lang='lat' dir='ltr'>in</span> <span class='ocrx_word' id='word_1_18' title='bbox 214 668 457 742; x_wconf 65' lang='lat' dir='ltr'>petitionariis:</span> <span class='ocrx_word' id='word_1_19' title='bbox 479 668 623 727; x_wconf 89' lang='lat' dir='ltr'>simulata</span> <span class='ocrx_word' id='word_1_20' title='bbox 646 667 738 728; x_wconf 86' lang='lat' dir='ltr'>dictio</span> <span class='ocrx_word' id='word_1_21' title='bbox 762 671 792 727; x_wconf 88' lang='lat' dir='ltr'>ot</span> <span class='ocrx_word' id='word_1_22' title='bbox 810 686 869 726; x_wconf 93' lang='lat' dir='ltr'>non</span> <span class='ocrx_word' id='word_1_23' title='bbox 889 687 924 727; x_wconf 87' lang='lat' dir='ltr'>ex</span> <span class='ocrx_word' id='word_1_24' title='bbox 943 670 1056 744; x_wconf 89' lang='lat' dir='ltr'>animo,</span> <span class='ocrx_word' id='word_1_25' title='bbox 1080 668 1186 728; x_wconf 82' lang='lat' dir='ltr'>seder</span> 
     </span>
     <span class='ocr_line' id='line_1_5' title="bbox 162 754 1186 835; baseline 0.001 -19"><span class='ocrx_word' id='word_1_26' title='bbox 162 754 308 834; x_wconf 92' lang='lat' dir='ltr'>temporis</span> <span class='ocrx_word' id='word_1_27' title='bbox 335 757 511 817; x_wconf 88' lang='lat' dir='ltr'>necessitate</span> <span class='ocrx_word' id='word_1_28' title='bbox 538 757 705 834; x_wconf 83' lang='lat' dir='ltr'>conposita.</span> <span class='ocrx_word' id='word_1_29' title='bbox 749 759 869 834; x_wconf 87' lang='lat' dir='ltr'>quando</span> <span class='ocrx_word' id='word_1_30' title='bbox 897 757 977 816; x_wconf 91' lang='lat' dir='ltr'>euim</span> <span class='ocrx_word' id='word_1_31' title='bbox 998 758 1064 817; x_wconf 90' lang='lat' dir='ltr'>fieri</span> <span class='ocrx_word' id='word_1_32' title='bbox 1085 761 1186 835; x_wconf 84' lang='lat' dir='ltr'>potest</span> 
     </span>
     <span class='ocr_line' id='line_1_6' title="bbox 128 846 1187 924; baseline 0.005 -22"><span class='ocrx_word' id='word_1_33' title='bbox 128 862 143 902; x_wconf 79' lang='lat' dir='ltr'>s</span> <span class='ocrx_word' id='word_1_34' title='bbox 163 849 200 906; x_wconf 90' lang='lat' dir='ltr'>ut</span> <span class='ocrx_word' id='word_1_35' title='bbox 221 865 298 905; x_wconf 83' lang='lat' dir='ltr'>uxor</span> <span class='ocrx_word' id='word_1_36' title='bbox 315 847 461 923; x_wconf 79' lang='lat' dir='ltr'><strong>paelicem</strong></span> <span class='ocrx_word' id='word_1_37' title='bbox 478 846 606 906; x_wconf 77' lang='lat' dir='ltr'>libenter</span> <span class='ocrx_word' id='word_1_38' title='bbox 624 847 773 924; x_wconf 74' lang='lat' dir='ltr'>conpellet</span> <span class='ocrx_word' id='word_1_39' title='bbox 791 848 845 905; x_wconf 91' lang='lat' dir='ltr'>aut</span> <span class='ocrx_word' id='word_1_40' title='bbox 863 846 963 906; x_wconf 82' lang='lat' dir='ltr'>amet?</span> <span class='ocrx_word' id='word_1_41' title='bbox 985 847 1187 923; x_wconf 76' lang='lat' dir='ltr'>procedebant</span> 
     </span>
     <span class='ocr_line' id='line_1_7' title="bbox 164 934 1187 1012; baseline 0.001 -17"><span class='ocrx_word' id='word_1_42' title='bbox 164 939 267 995; x_wconf 88' lang='lat' dir='ltr'>tamen</span> <span class='ocrx_word' id='word_1_43' title='bbox 289 936 350 995; x_wconf 86' lang='lat' dir='ltr'>ista</span> <span class='ocrx_word' id='word_1_44' title='bbox 372 935 467 996; x_wconf 86' lang='lat' dir='ltr'>veluti</span> <span class='ocrx_word' id='word_1_45' title='bbox 488 934 600 994; x_wconf 90' lang='lat' dir='ltr'>blando</span> <span class='ocrx_word' id='word_1_46' title='bbox 623 956 659 994; x_wconf 88' lang='lat' dir='ltr'>ex</span> <span class='ocrx_word' id='word_1_47' title='bbox 682 937 796 1011; x_wconf 88' lang='lat' dir='ltr'>animo,</span> <span class='ocrx_word' id='word_1_48' title='bbox 823 955 883 995; x_wconf 94' lang='lat' dir='ltr'>non</span> <span class='ocrx_word' id='word_1_49' title='bbox 910 939 947 995; x_wconf 90' lang='lat' dir='ltr'>ut</span> <span class='ocrx_word' id='word_1_50' title='bbox 974 936 1084 1012; x_wconf 89' lang='lat' dir='ltr'>aliquis</span> <span class='ocrx_word' id='word_1_51' title='bbox 1106 939 1187 996; x_wconf 88' lang='lat' dir='ltr'>inter</span> 
     </span>
     <span class='ocr_line' id='line_1_8' title="bbox 163 1024 1187 1104; baseline 0.002 -20"><span class='ocrx_word' id='word_1_52' title='bbox 163 1026 240 1084; x_wconf 91' lang='lat' dir='ltr'>duas</span> <span class='ocrx_word' id='word_1_53' title='bbox 263 1043 359 1102; x_wconf 89' lang='lat' dir='ltr'>purus</span> <span class='ocrx_word' id='word_1_54' title='bbox 381 1027 598 1085; x_wconf 75' lang='lat' dir='ltr'>monstraretur</span> <span class='ocrx_word' id='word_1_55' title='bbox 620 1024 767 1100; x_wconf 87' lang='lat' dir='ltr'>adfectus,</span> <span class='ocrx_word' id='word_1_56' title='bbox 797 1025 850 1084; x_wconf 89' lang='lat' dir='ltr'>sed</span> <span class='ocrx_word' id='word_1_57' title='bbox 879 1028 914 1085; x_wconf 91' lang='lat' dir='ltr'>ut</span> <span class='ocrx_word' id='word_1_58' title='bbox 941 1027 1111 1103; x_wconf 83' lang='lat' dir='ltr'>excogitata</span> <span class='ocrx_word' id='word_1_59' title='bbox 1133 1045 1187 1104; x_wconf 87' lang='lat' dir='ltr'>per</span> 
     </span>
     <span class='ocr_line' id='line_1_9' title="bbox 164 1112 1187 1193; baseline 0.002 -21"><span class='ocrx_word' id='word_1_60' title='bbox 164 1114 289 1174; x_wconf 89' lang='lat' dir='ltr'>lunonis</span> <span class='ocrx_word' id='word_1_61' title='bbox 304 1112 406 1173; x_wconf 91' lang='lat' dir='ltr'>dolum</span> <span class='ocrx_word' id='word_1_62' title='bbox 419 1114 547 1174; x_wconf 81' lang='lat' dir='ltr'>Iuturna</span> <span class='ocrx_word' id='word_1_63' title='bbox 562 1115 717 1192; x_wconf 88' lang='lat' dir='ltr'>perficeret</span> <span class='ocrx_word' id='word_1_64' title='bbox 734 1116 882 1193; x_wconf 81' lang='lat' dir='ltr'>nympha:</span> <span class='ocrx_word' id='word_1_65' title='bbox 901 1114 970 1173; x_wconf 88' lang='lat' dir='ltr'>inde</span> <span class='ocrx_word' id='word_1_66' title='bbox 988 1116 1088 1192; x_wconf 90' lang='lat' dir='ltr'>coepit</span> <span class='ocrx_word' id='word_1_67' title='bbox 1105 1115 1187 1175; x_wconf 65' lang='lat' dir='ltr'>bena</span> 
     </span>
     <span class='ocr_line' id='line_1_10' title="bbox 164 1203 1185 1280; baseline 0 -16"><span class='ocrx_word' id='word_1_68' title='bbox 164 1205 267 1264; x_wconf 84' lang='lat' dir='ltr'>volam</span> <span class='ocrx_word' id='word_1_69' title='bbox 288 1204 386 1263; x_wconf 82' lang='lat' dir='ltr'>facere</span> <span class='ocrx_word' id='word_1_70' title='bbox 408 1203 488 1262; x_wconf 90' lang='lat' dir='ltr'>unde</span> <span class='ocrx_word' id='word_1_71' title='bbox 510 1204 611 1280; x_wconf 89' lang='lat' dir='ltr'>potuit</span> <span class='ocrx_word' id='word_1_72' title='bbox 632 1222 697 1264; x_wconf 86' lang='lat' dir='ltr'>esse</span> <span class='ocrx_word' id='word_1_73' title='bbox 719 1206 872 1280; x_wconf 86' lang='lat' dir='ltr'>suspecta,</span> <span class='ocrx_word' id='word_1_74' title='bbox 895 1223 932 1263; x_wconf 84' lang='lat' dir='ltr'>ne</span> <span class='ocrx_word' id='word_1_75' title='bbox 955 1206 1059 1264; x_wconf 87' lang='lat' dir='ltr'>contra</span> <span class='ocrx_word' id='word_1_76' title='bbox 1081 1205 1185 1266; x_wconf 85' lang='lat' dir='ltr'>volun-</span> 
     </span>
     <span class='ocr_line' id='line_1_11' title="bbox 118 1291 1186 1371; baseline 0.007 -23"><span class='ocrx_word' id='word_1_77' title='bbox 118 1309 146 1348; x_wconf 84' lang='grc' dir='ltr'>ιο</span> <span class='ocrx_word' id='word_1_78' title='bbox 164 1295 260 1353; x_wconf 86' lang='lat' dir='ltr'>tatem</span> <span class='ocrx_word' id='word_1_79' title='bbox 282 1291 359 1351; x_wconf 92' lang='lat' dir='ltr'>Iuno</span> <span class='ocrx_word' id='word_1_80' title='bbox 377 1293 485 1352; x_wconf 89' lang='lat' dir='ltr'>habere</span> <span class='ocrx_word' id='word_1_81' title='bbox 507 1293 659 1353; x_wconf 81' lang='lat' dir='ltr'>videretur</span> <span class='ocrx_word' id='word_1_82' title='bbox 677 1295 758 1370; x_wconf 92' lang='lat' dir='ltr'>quod</span> <span class='ocrx_word' id='word_1_83' title='bbox 780 1312 847 1352; x_wconf 92' lang='lat' dir='ltr'>eam</span> <span class='ocrx_word' id='word_1_84' title='bbox 869 1295 968 1371; x_wconf 86' lang='lat' dir='ltr'>stupri</span> <span class='ocrx_word' id='word_1_85' title='bbox 987 1296 1094 1354; x_wconf 91' lang='lat' dir='ltr'>merito</span> <span class='ocrx_word' id='word_1_86' title='bbox 1118 1314 1186 1355; x_wconf 91' lang='lat' dir='ltr'>con-</span> 
     </span>
     <span class='ocr_line' id='line_1_12' title="bbox 163 1381 1186 1460; baseline 0.001 -18"><span class='ocrx_word' id='word_1_87' title='bbox 163 1384 335 1442; x_wconf 81' lang='lat' dir='ltr'>secraverat</span> <span class='ocrx_word' id='word_1_88' title='bbox 347 1381 492 1460; x_wconf 86' lang='lat' dir='ltr'>Iuppiter.</span> <span class='ocrx_word' id='word_1_89' title='bbox 517 1382 635 1442; x_wconf 90' lang='lat' dir='ltr'>addidit</span> <span class='ocrx_word' id='word_1_90' title='bbox 648 1382 737 1443; x_wconf 88' lang='lat' dir='ltr'>decus</span> <span class='ocrx_word' id='word_1_91' title='bbox 751 1383 911 1442; x_wconf 85' lang='lat' dir='ltr'>fluviorum</span> <span class='ocrx_word' id='word_1_92' title='bbox 924 1384 956 1441; x_wconf 91' lang='lat' dir='ltr'>in</span> <span class='ocrx_word' id='word_1_93' title='bbox 970 1402 1004 1442; x_wconf 89' lang='lat' dir='ltr'>eo</span> <span class='ocrx_word' id='word_1_94' title='bbox 1019 1384 1186 1459; x_wconf 84' lang='lat' dir='ltr'>exprimens</span> 
     </span>
     <span class='ocr_line' id='line_1_13' title="bbox 164 1470 1186 1550; baseline 0.002 -20"><span class='ocrx_word' id='word_1_95' title='bbox 164 1471 238 1548; x_wconf 92' lang='lat' dir='ltr'>quid</span> <span class='ocrx_word' id='word_1_96' title='bbox 252 1470 293 1531; x_wconf 89' lang='lat' dir='ltr'>sit</span> <span class='ocrx_word' id='word_1_97' title='bbox 305 1472 451 1549; x_wconf 79' lang='lat' dir='ltr'>nympha,</span> <span class='ocrx_word' id='word_1_98' title='bbox 469 1473 558 1549; x_wconf 90' lang='lat' dir='ltr'>quasi</span> <span class='ocrx_word' id='word_1_99' title='bbox 571 1492 626 1548; x_wconf 90' lang='lat' dir='ltr'>per</span> <span class='ocrx_word' id='word_1_100' title='bbox 639 1492 732 1548; x_wconf 90' lang='lat' dir='ltr'>quam</span> <span class='ocrx_word' id='word_1_101' title='bbox 745 1470 898 1532; x_wconf 89' lang='lat' dir='ltr'>meliorem</span> <span class='ocrx_word' id='word_1_102' title='bbox 911 1472 1043 1550; x_wconf 82' lang='lat' dir='ltr'>gratiam</span> <span class='ocrx_word' id='word_1_103' title='bbox 1055 1473 1186 1532; x_wconf 80' lang='lat' dir='ltr'>habeant</span> 
     </span>
     <span class='ocr_line' id='line_1_14' title="bbox 163 1560 1187 1640; baseline 0.003 -21"><span class='ocrx_word' id='word_1_104' title='bbox 163 1561 297 1620; x_wconf 90' lang='lat' dir='ltr'>flumina.</span> <span class='ocrx_word' id='word_1_105' title='bbox 345 1560 444 1620; x_wconf 90' lang='lat' dir='ltr'>animo</span> <span class='ocrx_word' id='word_1_106' title='bbox 472 1562 642 1640; x_wconf 80' lang='lat' dir='ltr'>gratissima</span> <span class='ocrx_word' id='word_1_107' title='bbox 668 1565 785 1622; x_wconf 85' lang='lat' dir='ltr'>nostro:</span> <span class='ocrx_word' id='word_1_108' title='bbox 815 1581 892 1638; x_wconf 89' lang='lat' dir='ltr'>quae</span> <span class='ocrx_word' id='word_1_109' title='bbox 920 1561 1104 1638; x_wconf 84' lang='lat' dir='ltr'>superlativo</span> <span class='ocrx_word' id='word_1_110' title='bbox 1131 1581 1187 1622; x_wconf 90' lang='lat' dir='ltr'>usa</span> 
     </span>
     <span class='ocr_line' id='line_1_15' title="bbox 163 1649 1187 1728; baseline 0.001 -18"><span class='ocrx_word' id='word_1_111' title='bbox 163 1653 211 1710; x_wconf 89' lang='lat' dir='ltr'>est</span> <span class='ocrx_word' id='word_1_112' title='bbox 233 1649 332 1728; x_wconf 82' lang='lat' dir='ltr'>gradu</span> <span class='ocrx_word' id='word_1_113' title='bbox 354 1649 486 1710; x_wconf 86' lang='lat' dir='ltr'>ostendit</span> <span class='ocrx_word' id='word_1_114' title='bbox 507 1669 539 1711; x_wconf 90' lang='lat' dir='ltr'>se</span> <span class='ocrx_word' id='word_1_115' title='bbox 562 1670 663 1710; x_wconf 89' lang='lat' dir='ltr'>amare</span> <span class='ocrx_word' id='word_1_116' title='bbox 687 1654 718 1710; x_wconf 86' lang='lat' dir='ltr'>et</span> <span class='ocrx_word' id='word_1_117' title='bbox 740 1652 830 1724; x_wconf 86' lang='lat' dir='ltr'>alias,</span> <span class='ocrx_word' id='word_1_118' title='bbox 857 1651 910 1710; x_wconf 90' lang='lat' dir='ltr'>sed</span> <span class='ocrx_word' id='word_1_119' title='bbox 932 1651 1001 1728; x_wconf 90' lang='lat' dir='ltr'>plus</span> <span class='ocrx_word' id='word_1_120' title='bbox 1023 1653 1127 1727; x_wconf 89' lang='lat' dir='ltr'>istam,</span> <span class='ocrx_word' id='word_1_121' title='bbox 1156 1654 1187 1711; x_wconf 92' lang='lat' dir='ltr'>et</span> 
     </span>
     <span class='ocr_line' id='line_1_16' title="bbox 122 1738 1187 1817; baseline 0.005 -22"><span class='ocrx_word' id='word_1_122' title='bbox 122 1757 145 1796; x_wconf 81' lang='lat'>1⁵</span> <span class='ocrx_word' id='word_1_123' title='bbox 163 1740 220 1800; x_wconf 88' lang='lat' dir='ltr'>hoc</span> <span class='ocrx_word' id='word_1_124' title='bbox 238 1741 340 1799; x_wconf 89' lang='lat' dir='ltr'>tamen</span> <span class='ocrx_word' id='word_1_125' title='bbox 358 1738 526 1799; x_wconf 78' lang='lat' dir='ltr'>subtilitate</span> <span class='ocrx_word' id='word_1_126' title='bbox 547 1741 706 1817; x_wconf 85' lang='lat' dir='ltr'>conposuit</span> <span class='ocrx_word' id='word_1_127' title='bbox 723 1744 759 1800; x_wconf 89' lang='lat' dir='ltr'>ut</span> <span class='ocrx_word' id='word_1_128' title='bbox 777 1743 883 1800; x_wconf 90' lang='lat' dir='ltr'>cetera.</span> <span class='ocrx_word' id='word_1_129' title='bbox 915 1742 988 1799; x_wconf 89' lang='lat' dir='ltr'>tunc</span> <span class='ocrx_word' id='word_1_130' title='bbox 1003 1741 1087 1800; x_wconf 80' lang='lat' dir='ltr'>&#39;enim</span> <span class='ocrx_word' id='word_1_131' title='bbox 1104 1741 1187 1816; x_wconf 90' lang='lat' dir='ltr'>quod</span> 
     </span>
     <span class='ocr_line' id='line_1_17' title="bbox 164 1829 1187 1906; baseline 0 -17"><span class='ocrx_word' id='word_1_132' title='bbox 164 1831 319 1889; x_wconf 85' lang='lat' dir='ltr'>amaretur</span> <span class='ocrx_word' id='word_1_133' title='bbox 336 1829 465 1888; x_wconf 87' lang='lat' dir='ltr'>Iuturna</span> <span class='ocrx_word' id='word_1_134' title='bbox 487 1832 607 1906; x_wconf 88' lang='lat' dir='ltr'>poterat</span> <span class='ocrx_word' id='word_1_135' title='bbox 625 1831 755 1905; x_wconf 87' lang='lat' dir='ltr'>credere,</span> <span class='ocrx_word' id='word_1_136' title='bbox 778 1829 805 1889; x_wconf 91' lang='lat' dir='ltr'>si</span> <span class='ocrx_word' id='word_1_137' title='bbox 822 1830 877 1889; x_wconf 92' lang='lat' dir='ltr'>illa</span> <span class='ocrx_word' id='word_1_138' title='bbox 895 1830 1005 1889; x_wconf 88' lang='lat' dir='ltr'>diceret</span> <span class='ocrx_word' id='word_1_139' title='bbox 1028 1831 1119 1890; x_wconf 90' lang='lat' dir='ltr'>moris</span> <span class='ocrx_word' id='word_1_140' title='bbox 1139 1829 1187 1890; x_wconf 89' lang='lat' dir='ltr'>sui</span> 
     </span>
     <span class='ocr_line' id='line_1_18' title="bbox 163 1917 1186 1997; baseline 0.003 -20"><span class='ocrx_word' id='word_1_141' title='bbox 163 1936 229 1978; x_wconf 90' lang='lat' dir='ltr'>esse</span> <span class='ocrx_word' id='word_1_142' title='bbox 246 1920 282 1977; x_wconf 91' lang='lat' dir='ltr'>ut</span> <span class='ocrx_word' id='word_1_143' title='bbox 299 1917 396 1978; x_wconf 91' lang='lat' dir='ltr'>omnis</span> <span class='ocrx_word' id='word_1_144' title='bbox 415 1917 553 1997; x_wconf 84' lang='lat' dir='ltr'>diligeret</span> <span class='ocrx_word' id='word_1_145' title='bbox 570 1919 713 1995; x_wconf 88' lang='lat' dir='ltr'>paelices,</span> <span class='ocrx_word' id='word_1_146' title='bbox 731 1921 764 1977; x_wconf 89' lang='lat' dir='ltr'>in</span> <span class='ocrx_word' id='word_1_147' title='bbox 782 1938 817 1978; x_wconf 94' lang='lat' dir='ltr'>eo</span> <span class='ocrx_word' id='word_1_148' title='bbox 835 1921 938 1978; x_wconf 87' lang='lat' dir='ltr'>tamen</span> <span class='ocrx_word' id='word_1_149' title='bbox 955 1920 1047 1980; x_wconf 88' lang='lat' dir='ltr'>istam</span> <span class='ocrx_word' id='word_1_150' title='bbox 1060 1919 1186 1997; x_wconf 87' lang='lat' dir='ltr'>potioris</span> 
     </span>
     <span class='ocr_line' id='line_1_19' title="bbox 163 2007 1186 2087; baseline 0.002 -21"><span class='ocrx_word' id='word_1_151' title='bbox 163 2026 229 2067; x_wconf 87' lang='lat' dir='ltr'>esse</span> <span class='ocrx_word' id='word_1_152' title='bbox 252 2007 366 2083; x_wconf 89' lang='lat' dir='ltr'>meriti,</span> <span class='ocrx_word' id='word_1_153' title='bbox 398 2007 479 2085; x_wconf 91' lang='lat' dir='ltr'>quod</span> <span class='ocrx_word' id='word_1_154' title='bbox 506 2008 606 2067; x_wconf 89' lang='lat' dir='ltr'>animo</span> <span class='ocrx_word' id='word_1_155' title='bbox 634 2007 697 2068; x_wconf 89' lang='lat' dir='ltr'>eius</span> <span class='ocrx_word' id='word_1_156' title='bbox 727 2009 986 2068; x_wconf 86' lang='lat' dir='ltr'>vehementissime</span> <span class='ocrx_word' id='word_1_157' title='bbox 1015 2008 1186 2087; x_wconf 87' lang='lat' dir='ltr'>placuisset.</span> 
     </span>
     <span class='ocr_line' id='line_1_20' title="bbox 163 2097 1187 2178; baseline 0.001 -20"><span class='ocrx_word' id='word_1_158' title='bbox 163 2098 223 2158; x_wconf 89' lang='lat' dir='ltr'>scis</span> <span class='ocrx_word' id='word_1_159' title='bbox 246 2100 282 2157; x_wconf 90' lang='lat' dir='ltr'>ut</span> <span class='ocrx_word' id='word_1_160' title='bbox 302 2099 334 2157; x_wconf 91' lang='lat' dir='ltr'>te</span> <span class='ocrx_word' id='word_1_161' title='bbox 356 2097 471 2157; x_wconf 88' lang='lat' dir='ltr'>cunctis</span> <span class='ocrx_word' id='word_1_162' title='bbox 494 2117 598 2172; x_wconf 87' lang='lat' dir='ltr'>unam,</span> <span class='ocrx_word' id='word_1_163' title='bbox 622 2117 828 2174; x_wconf 86' lang='lat' dir='ltr'>quaecumque</span> <span class='ocrx_word' id='word_1_164' title='bbox 851 2098 977 2158; x_wconf 85' lang='lat' dir='ltr'>Latinae</span> <span class='ocrx_word' id='word_1_165' title='bbox 1000 2098 1187 2178; x_wconf 83' lang='lat' dir='ltr'>magnanimi</span> 
     </span>
     <span class='ocr_line' id='line_1_21' title="bbox 118 2185 1186 2265; baseline -0.002 -15"><span class='ocrx_word' id='word_1_166' title='bbox 118 2208 145 2250; x_wconf 73' lang='lat' dir='ltr'>ro</span> <span class='ocrx_word' id='word_1_167' title='bbox 162 2186 247 2247; x_wconf 81' lang='lat' dir='ltr'>Iovis</span> <span class='ocrx_word' id='word_1_168' title='bbox 260 2185 415 2264; x_wconf 84' lang='lat' dir='ltr'>ingratum</span> <span class='ocrx_word' id='word_1_169' title='bbox 428 2188 586 2247; x_wconf 89' lang='lat' dir='ltr'>ascendere</span> <span class='ocrx_word' id='word_1_170' title='bbox 604 2186 715 2263; x_wconf 85' lang='lat' dir='ltr'>cubile,</span> <span class='ocrx_word' id='word_1_171' title='bbox 733 2188 929 2265; x_wconf 88' lang='lat' dir='ltr'>praetulerim</span> <span class='ocrx_word' id='word_1_172' title='bbox 943 2189 1077 2265; x_wconf 86' lang='lat' dir='ltr'>caelique</span> <span class='ocrx_word' id='word_1_173' title='bbox 1090 2189 1186 2248; x_wconf 91' lang='lat' dir='ltr'>libens</span> 
     </span>
     <span class='ocr_line' id='line_1_22' title="bbox 162 2276 1186 2353; baseline 0.002 -18"><span class='ocrx_word' id='word_1_174' title='bbox 162 2278 196 2335; x_wconf 89' lang='lat' dir='ltr'>in</span> <span class='ocrx_word' id='word_1_175' title='bbox 226 2279 313 2353; x_wconf 89' lang='lat' dir='ltr'>parte</span> <span class='ocrx_word' id='word_1_176' title='bbox 342 2276 478 2336; x_wconf 86' lang='lat' dir='ltr'>locarim:</span> <span class='ocrx_word' id='word_1_177' title='bbox 509 2278 568 2337; x_wconf 89' lang='lat' dir='ltr'>iste</span> <span class='ocrx_word' id='word_1_178' title='bbox 597 2295 701 2337; x_wconf 90' lang='lat' dir='ltr'>sensus</span> <span class='ocrx_word' id='word_1_179' title='bbox 731 2276 887 2337; x_wconf 89' lang='lat' dir='ltr'>ordinatur</span> <span class='ocrx_word' id='word_1_180' title='bbox 916 2277 972 2337; x_wconf 85' lang='lat' dir='ltr'>sic:</span> <span class='ocrx_word' id='word_1_181' title='bbox 1004 2277 1062 2338; x_wconf 89' lang='lat' dir='ltr'>sois</span> <span class='ocrx_word' id='word_1_182' title='bbox 1091 2280 1128 2336; x_wconf 91' lang='lat' dir='ltr'>ut</span> <span class='ocrx_word' id='word_1_183' title='bbox 1155 2280 1186 2337; x_wconf 88' lang='lat' dir='ltr'>te</span> 
     </span>
     <span class='ocr_line' id='line_1_23' title="bbox 161 2365 1187 2445; baseline 0.001 -21"><span class='ocrx_word' id='word_1_184' title='bbox 161 2385 255 2425; x_wconf 89' lang='lat' dir='ltr'>unam</span> <span class='ocrx_word' id='word_1_185' title='bbox 274 2365 470 2443; x_wconf 89' lang='lat' dir='ltr'>praetulerim</span> <span class='ocrx_word' id='word_1_186' title='bbox 488 2365 615 2442; x_wconf 89' lang='lat' dir='ltr'>cunctis,</span> <span class='ocrx_word' id='word_1_187' title='bbox 634 2385 841 2443; x_wconf 88' lang='lat' dir='ltr'>quaecumque</span> <span class='ocrx_word' id='word_1_188' title='bbox 855 2366 982 2426; x_wconf 86' lang='lat' dir='ltr'>Latinae</span> <span class='ocrx_word' id='word_1_189' title='bbox 1001 2366 1187 2445; x_wconf 83' lang='lat' dir='ltr'>magnanimi</span> 
     </span>
     <span class='ocr_line' id='line_1_24' title="bbox 162 2454 1186 2533; baseline 0.001 -19"><span class='ocrx_word' id='word_1_190' title='bbox 162 2456 247 2515; x_wconf 87' lang='lat' dir='ltr'>Iovis</span> <span class='ocrx_word' id='word_1_191' title='bbox 269 2454 423 2533; x_wconf 83' lang='lat' dir='ltr'>ingratum</span> <span class='ocrx_word' id='word_1_192' title='bbox 446 2455 604 2516; x_wconf 89' lang='lat' dir='ltr'>ascendere</span> <span class='ocrx_word' id='word_1_193' title='bbox 626 2456 738 2532; x_wconf 90' lang='lat' dir='ltr'>cubile,</span> <span class='ocrx_word' id='word_1_194' title='bbox 770 2456 904 2533; x_wconf 86' lang='lat' dir='ltr'>caelique</span> <span class='ocrx_word' id='word_1_195' title='bbox 926 2456 1022 2515; x_wconf 89' lang='lat' dir='ltr'>libens</span> <span class='ocrx_word' id='word_1_196' title='bbox 1045 2458 1078 2514; x_wconf 88' lang='lat' dir='ltr'>in</span> <span class='ocrx_word' id='word_1_197' title='bbox 1100 2459 1186 2532; x_wconf 89' lang='lat' dir='ltr'>parte</span> 
     </span>
     <span class='ocr_line' id='line_1_25' title="bbox 162 2544 1187 2622; baseline 0 -18"><span class='ocrx_word' id='word_1_198' title='bbox 162 2544 298 2604; x_wconf 87' lang='lat' dir='ltr'>locarim.</span> <span class='ocrx_word' id='word_1_199' title='bbox 334 2544 520 2621; x_wconf 83' lang='lat' dir='ltr'>probationis</span> <span class='ocrx_word' id='word_1_200' title='bbox 543 2546 609 2605; x_wconf 87' lang='lat' dir='ltr'>loco</span> <span class='ocrx_word' id='word_1_201' title='bbox 627 2547 731 2622; x_wconf 90' lang='lat' dir='ltr'>posuit</span> <span class='ocrx_word' id='word_1_202' title='bbox 752 2546 824 2620; x_wconf 87' lang='lat' dir='ltr'>sois,</span> <span class='ocrx_word' id='word_1_203' title='bbox 848 2548 941 2604; x_wconf 82' lang='lat' dir='ltr'>uter</span> <span class='ocrx_word' id='word_1_204' title='bbox 964 2564 997 2605; x_wconf 88' lang='lat' dir='ltr'>eo</span> <span class='ocrx_word' id='word_1_205' title='bbox 1017 2545 1187 2612; x_wconf 87' lang='lat' dir='ltr'>confirmari</span> 
     </span>
     <span class='ocr_line' id='line_1_26' title="bbox 115 2632 1186 2713; baseline -0.004 -16"><span class='ocrx_word' id='word_1_206' title='bbox 115 2657 143 2697; x_wconf 78' lang='lat' dir='ltr'>as</span> <span class='ocrx_word' id='word_1_207' title='bbox 163 2635 267 2711; x_wconf 87' lang='lat' dir='ltr'>posset</span> <span class='ocrx_word' id='word_1_208' title='bbox 289 2632 370 2710; x_wconf 91' lang='lat' dir='ltr'>quod</span> <span class='ocrx_word' id='word_1_209' title='bbox 397 2653 463 2693; x_wconf 88' lang='lat' dir='ltr'>eam</span> <span class='ocrx_word' id='word_1_210' title='bbox 484 2635 554 2710; x_wconf 90' lang='lat' dir='ltr'>plus</span> <span class='ocrx_word' id='word_1_211' title='bbox 582 2636 698 2693; x_wconf 89' lang='lat' dir='ltr'>amaret</span> <span class='ocrx_word' id='word_1_212' title='bbox 725 2655 815 2710; x_wconf 90' lang='lat' dir='ltr'>quam</span> <span class='ocrx_word' id='word_1_213' title='bbox 843 2634 927 2694; x_wconf 86' lang='lat' dir='ltr'>alias.</span> <span class='ocrx_word' id='word_1_214' title='bbox 973 2636 1041 2713; x_wconf 89' lang='lat' dir='ltr'>plus</span> <span class='ocrx_word' id='word_1_215' title='bbox 1064 2634 1186 2709; x_wconf 86' lang='lat' dir='ltr'>faciens,</span> 
     </span>
     <span class='ocr_line' id='line_1_27' title="bbox 162 2723 1186 2800; baseline 0 -18"><span class='ocrx_word' id='word_1_216' title='bbox 162 2727 200 2783; x_wconf 88' lang='lat' dir='ltr'>ut</span> <span class='ocrx_word' id='word_1_217' title='bbox 222 2741 346 2782; x_wconf 87' lang='lat' dir='ltr'>suorum</span> <span class='ocrx_word' id='word_1_218' title='bbox 372 2724 585 2799; x_wconf 88' lang='lat' dir='ltr'>praestitorum</span> <span class='ocrx_word' id='word_1_219' title='bbox 611 2723 709 2800; x_wconf 85' lang='lat' dir='ltr'>ipsam</span> <span class='ocrx_word' id='word_1_220' title='bbox 737 2723 880 2784; x_wconf 90' lang='lat' dir='ltr'>adhibeat</span> <span class='ocrx_word' id='word_1_221' title='bbox 906 2726 1027 2797; x_wconf 89' lang='lat' dir='ltr'>testem,</span> <span class='ocrx_word' id='word_1_222' title='bbox 1056 2723 1114 2784; x_wconf 87' lang='lat' dir='ltr'>sois</span> <span class='ocrx_word' id='word_1_223' title='bbox 1140 2724 1186 2782; x_wconf 91' lang='lat' dir='ltr'>in-</span> 
     </span>
     <span class='ocr_line' id='line_1_28' title="bbox 164 2811 1185 2892; baseline 0.001 -21"><span class='ocrx_word' id='word_1_224' title='bbox 164 2811 246 2892; x_wconf 90' lang='lat' dir='ltr'>quit,</span> <span class='ocrx_word' id='word_1_225' title='bbox 266 2812 354 2888; x_wconf 86' lang='lat' dir='ltr'>quasi</span> <span class='ocrx_word' id='word_1_226' title='bbox 368 2811 479 2873; x_wconf 89' lang='lat' dir='ltr'>diceret</span> <span class='ocrx_word' id='word_1_227' title='bbox 492 2815 588 2873; x_wconf 88' lang='lat' dir='ltr'>cessat</span> <span class='ocrx_word' id='word_1_228' title='bbox 601 2812 740 2889; x_wconf 87' lang='lat' dir='ltr'>probatio</span> <span class='ocrx_word' id='word_1_229' title='bbox 755 2812 934 2873; x_wconf 88' lang='lat' dir='ltr'>adsertionis</span> <span class='ocrx_word' id='word_1_230' title='bbox 949 2832 1045 2889; x_wconf 89' lang='lat' dir='ltr'>meae,</span> <span class='ocrx_word' id='word_1_231' title='bbox 1064 2812 1185 2889; x_wconf 85' lang='lat' dir='ltr'>quando</span> 
     </span>
     <span class='ocr_line' id='line_1_29' title="bbox 162 2901 1185 2981; baseline 0.001 -20"><span class='ocrx_word' id='word_1_232' title='bbox 162 2921 242 2979; x_wconf 35' lang='lat' dir='ltr'>,quae</span> <span class='ocrx_word' id='word_1_233' title='bbox 267 2901 333 2961; x_wconf 87' lang='lat' dir='ltr'>dieo</span> <span class='ocrx_word' id='word_1_234' title='bbox 357 2901 430 2961; x_wconf 89' lang='lat' dir='ltr'>bene</span> <span class='ocrx_word' id='word_1_235' title='bbox 448 2902 505 2962; x_wconf 86' lang='lat' dir='ltr'>tibi</span> <span class='ocrx_word' id='word_1_236' title='bbox 527 2906 599 2962; x_wconf 88' lang='lat' dir='ltr'>sunt</span> <span class='ocrx_word' id='word_1_237' title='bbox 624 2904 758 2981; x_wconf 89' lang='lat' dir='ltr'>cognita,</span> <span class='ocrx_word' id='word_1_238' title='bbox 782 2901 1034 2980; x_wconf 89' lang='lat' dir='ltr'>quemadmodum</span> <span class='ocrx_word' id='word_1_239' title='bbox 1059 2906 1089 2962; x_wconf 90' lang='lat' dir='ltr'>te</span> <span class='ocrx_word' id='word_1_240' title='bbox 1113 2902 1185 2962; x_wconf 87' lang='lat' dir='ltr'>dile·</span> 
     </span>
     <span class='ocr_line' id='line_1_30' title="bbox 162 2990 1186 3070; baseline 0.001 -19"><span class='ocrx_word' id='word_1_241' title='bbox 162 2990 259 3051; x_wconf 84' lang='lat' dir='ltr'>xerim</span> <span class='ocrx_word' id='word_1_242' title='bbox 277 3010 394 3068; x_wconf 91' lang='lat' dir='ltr'>semper</span> <span class='ocrx_word' id='word_1_243' title='bbox 411 2994 442 3051; x_wconf 89' lang='lat' dir='ltr'>et</span> <span class='ocrx_word' id='word_1_244' title='bbox 455 2992 650 3070; x_wconf 86' lang='lat' dir='ltr'>praetulerim</span> <span class='ocrx_word' id='word_1_245' title='bbox 664 2990 769 3051; x_wconf 85' lang='lat' dir='ltr'>ceteris</span> <span class='ocrx_word' id='word_1_246' title='bbox 784 3011 860 3069; x_wconf 89' lang='lat' dir='ltr'>quas</span> <span class='ocrx_word' id='word_1_247' title='bbox 874 2992 966 3052; x_wconf 89' lang='lat' dir='ltr'>Italia</span> <span class='ocrx_word' id='word_1_248' title='bbox 980 2991 1085 3069; x_wconf 82' lang='lat' dir='ltr'>genuit</span> <span class='ocrx_word' id='word_1_249' title='bbox 1099 3010 1186 3068; x_wconf 89' lang='lat' dir='ltr'>quas·</span> 
     </span>
     <span class='ocr_line' id='line_1_31' title="bbox 115 3081 1186 3159; baseline -0.002 -15"><span class='ocrx_word' id='word_1_250' title='bbox 115 3104 143 3144; x_wconf 84' lang='lat' dir='ltr'>ac</span> <span class='ocrx_word' id='word_1_251' title='bbox 164 3100 224 3159; x_wconf 92' lang='lat' dir='ltr'>que</span> <span class='ocrx_word' id='word_1_252' title='bbox 251 3083 352 3139; x_wconf 88' lang='lat' dir='ltr'>tecum</span> <span class='ocrx_word' id='word_1_253' title='bbox 378 3081 460 3140; x_wconf 86' lang='lat' dir='ltr'>nosti</span> <span class='ocrx_word' id='word_1_254' title='bbox 484 3081 617 3141; x_wconf 87' lang='lat' dir='ltr'>inlicitos</span> <span class='ocrx_word' id='word_1_255' title='bbox 645 3100 713 3140; x_wconf 90' lang='lat' dir='ltr'>cum</span> <span class='ocrx_word' id='word_1_256' title='bbox 735 3081 805 3141; x_wconf 84' lang='lat' dir='ltr'>love</span> <span class='ocrx_word' id='word_1_257' title='bbox 835 3081 974 3141; x_wconf 87' lang='lat' dir='ltr'>habuisse</span> <span class='ocrx_word' id='word_1_258' title='bbox 1002 3081 1186 3157; x_wconf 90' lang='lat' dir='ltr'>concubitus,</span> 
     </span>
     <span class='ocr_line' id='line_1_32' title="bbox 162 3169 1185 3249; baseline 0 -20"><span class='ocrx_word' id='word_1_259' title='bbox 162 3172 197 3229; x_wconf 93' lang='lat' dir='ltr'>in</span> <span class='ocrx_word' id='word_1_260' title='bbox 215 3173 337 3230; x_wconf 87' lang='lat' dir='ltr'>tantum</span> <span class='ocrx_word' id='word_1_261' title='bbox 354 3172 389 3229; x_wconf 90' lang='lat' dir='ltr'>ut</span> <span class='ocrx_word' id='word_1_262' title='bbox 407 3169 464 3229; x_wconf 89' lang='lat' dir='ltr'>tibi</span> <span class='ocrx_word' id='word_1_263' title='bbox 481 3172 514 3229; x_wconf 93' lang='lat' dir='ltr'>in</span> <span class='ocrx_word' id='word_1_264' title='bbox 531 3170 704 3249; x_wconf 85' lang='lat' dir='ltr'>regionibus</span> <span class='ocrx_word' id='word_1_265' title='bbox 719 3171 795 3230; x_wconf 91' lang='lat' dir='ltr'>caeli</span> <span class='ocrx_word' id='word_1_266' title='bbox 807 3170 903 3229; x_wconf 90' lang='lat' dir='ltr'>libens</span> <span class='ocrx_word' id='word_1_267' title='bbox 921 3170 1042 3231; x_wconf 84' lang='lat' dir='ltr'>fecerim</span> <span class='ocrx_word' id='word_1_268' title='bbox 1060 3173 1185 3248; x_wconf 80' lang='lat' dir='ltr'>partem.</span> 
     </span>
     <span class='ocr_line' id='line_1_33' title="bbox 164 3258 1185 3335; baseline -0.001 -14"><span class='ocrx_word' id='word_1_269' title='bbox 164 3279 245 3335; x_wconf 89' lang='lat' dir='ltr'>ecce,</span> <span class='ocrx_word' id='word_1_270' title='bbox 272 3262 310 3319; x_wconf 89' lang='lat' dir='ltr'>ut</span> <span class='ocrx_word' id='word_1_271' title='bbox 331 3278 362 3320; x_wconf 90' lang='lat' dir='ltr'>se</span> <span class='ocrx_word' id='word_1_272' title='bbox 378 3259 492 3319; x_wconf 88' lang='lat' dir='ltr'>melius</span> <span class='ocrx_word' id='word_1_273' title='bbox 515 3259 737 3319; x_wconf 84' lang='lat' dir='ltr'>commendaret</span> <span class='ocrx_word' id='word_1_274' title='bbox 758 3258 916 3335; x_wconf 90' lang='lat' dir='ltr'>Iuturnae,</span> <span class='ocrx_word' id='word_1_275' title='bbox 943 3280 1043 3320; x_wconf 90' lang='lat' dir='ltr'>rerum</span> <span class='ocrx_word' id='word_1_276' title='bbox 1065 3261 1185 3320; x_wconf 86' lang='lat' dir='ltr'>effectus</span> 
     </span>
     <span class='ocr_line' id='line_1_34' title="bbox 163 3348 1185 3425; baseline -0.003 -15"><span class='ocrx_word' id='word_1_277' title='bbox 163 3348 323 3410; x_wconf 88' lang='lat' dir='ltr'>attendens</span> <span class='ocrx_word' id='word_1_278' title='bbox 346 3368 433 3409; x_wconf 78' lang='lat' dir='ltr'>urum</span> <span class='ocrx_word' id='word_1_279' title='bbox 453 3368 517 3410; x_wconf 88' lang='lat' dir='ltr'>esse</span> <span class='ocrx_word' id='word_1_280' title='bbox 535 3350 680 3410; x_wconf 89' lang='lat' dir='ltr'>mentitur</span> <span class='ocrx_word' id='word_1_281' title='bbox 698 3349 779 3425; x_wconf 90' lang='lat' dir='ltr'>quod</span> <span class='ocrx_word' id='word_1_282' title='bbox 796 3350 915 3409; x_wconf 82' lang='lat' dir='ltr'>volente</span> <span class='ocrx_word' id='word_1_283' title='bbox 934 3348 1004 3409; x_wconf 88' lang='lat' dir='ltr'>Iove</span> <span class='ocrx_word' id='word_1_284' title='bbox 1023 3350 1099 3409; x_wconf 88' lang='lat' dir='ltr'>caeli</span> <span class='ocrx_word' id='word_1_285' title='bbox 1117 3368 1185 3409; x_wconf 92' lang='lat' dir='ltr'>con·</span> 
     </span>
    </p>
   </div>
   <div class='ocr_carea' id='block_1_3' title="bbox 163 3500 1186 3785">
    <p class='ocr_par' dir='ltr' id='par_1_3' title="bbox 163 3500 1186 3785">
     <span class='ocr_line' id='line_1_35' title="bbox 238 3500 1186 3571; baseline 0 -14"><span class='ocrx_word' id='word_1_286' title='bbox 238 3502 417 3571; x_wconf 75' lang='lat' dir='ltr'>trompetlat</span> <span class='ocrx_word' id='word_1_287' title='bbox 434 3501 477 3556; x_wconf 91' lang='lat' dir='ltr'>ed.</span> <span class='ocrx_word' id='word_1_288' title='bbox 551 3502 696 3571; x_wconf 71' lang='lat' dir='ltr'>&#39;taffeotas</span> <span class='ocrx_word' id='word_1_289' title='bbox 714 3502 757 3557; x_wconf 86' lang='lat' dir='ltr'>ed.</span> <span class='ocrx_word' id='word_1_290' title='bbox 830 3507 847 3556; x_wconf 86' lang='lat'>8</span> <span class='ocrx_word' id='word_1_291' title='bbox 865 3504 982 3556; x_wconf 75' lang='lat' dir='ltr'>tataros</span> <span class='ocrx_word' id='word_1_292' title='bbox 995 3500 1021 3554; x_wconf 89' lang='lat' dir='ltr'><strong>V</strong></span> <span class='ocrx_word' id='word_1_293' title='bbox 1038 3504 1070 3556; x_wconf 80' lang='lat' dir='ltr'>in</span> <span class='ocrx_word' id='word_1_294' title='bbox 1092 3503 1186 3557; x_wconf 77' lang='lat' dir='ltr'>Turno</span> 
     </span>
     <span class='ocr_line' id='line_1_36' title="bbox 163 3572 1185 3646; baseline -0.002 -16"><span class='ocrx_word' id='word_1_295' title='bbox 163 3575 210 3631; x_wconf 89' lang='lat' dir='ltr'>ed.</span> <span class='ocrx_word' id='word_1_296' title='bbox 241 3575 245 3646; x_wconf 80' lang='grc' dir='ltr'>Ι</span> <span class='ocrx_word' id='word_1_297' title='bbox 274 3576 366 3645; x_wconf 64' lang='lat' dir='ltr'>conso</span> <span class='ocrx_word' id='word_1_298' title='bbox 388 3573 422 3627; x_wconf 91' lang='lat' dir='ltr'>V.</span> <span class='ocrx_word' id='word_1_299' title='bbox 496 3579 529 3628; x_wconf 85' lang='grc'>16</span> <span class='ocrx_word' id='word_1_300' title='bbox 556 3576 613 3629; x_wconf 81' lang='lat' dir='ltr'>oris</span> <span class='ocrx_word' id='word_1_301' title='bbox 639 3572 733 3628; x_wconf 76' lang='lat' dir='ltr'>aeiV</span> <span class='ocrx_word' id='word_1_302' title='bbox 760 3574 844 3629; x_wconf 69' lang='lat' dir='ltr'>mnis</span> <span class='ocrx_word' id='word_1_303' title='bbox 869 3590 890 3628; x_wconf 83' lang='lat' dir='ltr'>e.</span> <span class='ocrx_word' id='word_1_304' title='bbox 917 3589 967 3627; x_wconf 89' lang='lat' dir='ltr'>nos</span> <span class='ocrx_word' id='word_1_305' title='bbox 995 3591 1029 3628; x_wconf 79' lang='lat' dir='ltr'>ea</span> <span class='ocrx_word' id='word_1_306' title='bbox 1055 3575 1114 3629; x_wconf 64' lang='lat' dir='ltr'>aab</span> <span class='ocrx_word' id='word_1_307' title='bbox 1141 3573 1185 3628; x_wconf 90' lang='lat' dir='ltr'>ed.</span> 
     </span>
     <span class='ocr_line' id='line_1_37' title="bbox 165 3643 1186 3715; baseline -0.001 -14"><span class='ocrx_word' id='word_1_308' title='bbox 165 3653 200 3701; x_wconf 80' lang='lat'>1‘1</span> <span class='ocrx_word' id='word_1_309' title='bbox 229 3643 368 3702; x_wconf 83' lang='lat' dir='ltr'>ticcrctV</span> <span class='ocrx_word' id='word_1_310' title='bbox 394 3645 519 3714; x_wconf 73' lang='lat' dir='ltr'>diliyeret</span> <span class='ocrx_word' id='word_1_311' title='bbox 546 3660 615 3699; x_wconf 85' lang='lat' dir='ltr'>corr.</span> <span class='ocrx_word' id='word_1_312' title='bbox 639 3644 683 3699; x_wconf 88' lang='lat' dir='ltr'>ed.</span> <span class='ocrx_word' id='word_1_313' title='bbox 770 3650 803 3698; x_wconf 74' lang='lat'>25</span> <span class='ocrx_word' id='word_1_314' title='bbox 831 3645 904 3713; x_wconf 74' lang='lat' dir='ltr'>qaod</span> <span class='ocrx_word' id='word_1_315' title='bbox 926 3644 951 3697; x_wconf 91' lang='lat' dir='ltr'><strong>V</strong></span> <span class='ocrx_word' id='word_1_316' title='bbox 980 3651 1114 3715; x_wconf 76' lang='lat' dir='ltr'>quactum</span> <span class='ocrx_word' id='word_1_317' title='bbox 1142 3645 1186 3700; x_wconf 92' lang='lat' dir='ltr'>ed.</span> 
     </span>
     <span class='ocr_line' id='line_1_38' title="bbox 164 3716 1110 3785; baseline -0.008 -11"><span class='ocrx_word' id='word_1_318' title='bbox 164 3724 201 3773; x_wconf 79' lang='lat'>32</span> <span class='ocrx_word' id='word_1_319' title='bbox 220 3718 336 3785; x_wconf 78' lang='lat' dir='ltr'>affectus</span> <span class='ocrx_word' id='word_1_320' title='bbox 354 3716 398 3772; x_wconf 91' lang='lat' dir='ltr'>ed.</span> <span class='ocrx_word' id='word_1_321' title='bbox 1107 3760 1110 3766; x_wconf 92' lang='lat'><strong>.</strong></span> 
     </span>
    </p>
   </div>
   <div class='ocr_carea' id='block_1_4' title="bbox 0 0 1368 4150">
    <p class='ocr_par' dir='ltr' id='par_1_4' title="bbox 0 0 1368 4150">
     <span class='ocr_line' id='line_1_39' title="bbox 0 0 1368 4150; baseline 0 0"><span class='ocrx_word' id='word_1_322' title='bbox 0 0 1368 4150; x_wconf 95' lang='lat' dir='ltr'> </span> 
     </span>
    </p>
   </div>
  </div>
 </body>
</html>
