2725 4150
562 305 745 360 nmnmos
763 304 790 358 x
1119 308 1184 375 327

169 478 277 554 quibus
301 477 435 537 favorem
462 475 526 536 eius
553 476 585 534 in
613 492 683 534 suas
711 475 806 551 partis
835 474 930 553 magis
958 493 992 535 ae
1015 474 1111 553 magis
1135 474 1187 534 ad·

168 569 302 627 duceret:
329 567 424 640 alma,
450 565 556 640 Idaea,
585 582 693 640 parens
723 563 825 639 deum,
855 567 1051 642 augmentum
1081 564 1187 624 dehinc

167 657 266 715 laudis
286 656 396 715 adiecit
414 656 462 713 cai
478 654 633 729 Dindyma
651 653 732 712 cordi
750 655 965 728 tarriperaeqae
982 655 1070 712 arbee
1084 655 1188 728 tiiupi-

169 765 223 819 qae
246 746 286 804 ad
308 746 397 818 frema
419 744 521 803 leones.
568 761 716 802 summam
740 742 846 802 dehinc
873 743 1027 819 petitionis
1056 741 1191 802 adnectit·

137 835 376 911 edeprecatione
409 852 444 892 ac
474 831 564 892 laude
597 832 750 891 conclusa:
787 836 819 890 ta
850 833 922 890 milii
957 849 1037 891 aare
1067 849 1189 908 parmae

162 927 316 998 princepe,
340 928 372 981 ta
398 924 453 981 rite
476 923 656 996 propinques
678 922 838 996 capariam
860 922 1080 996 Ptrppitasqae
1107 922 1250 982 adsisree

163 1015 252 1087 pede,
286 1013 368 1082 dica,
402 1012 535 1072 recaredo.
591 1030 682 1088 quae,
713 1010 827 1087 inquit,
859 1011 958 1087 prima
990 1014 1075 1071 actus
1107 1030 1189 1071 meos

170 1106 270 1163 fovere
299 1101 424 1178 coepisti
453 1103 507 1160 tua
537 1101 663 1178 auguria
691 1099 752 1160 ista
781 1100 979 1177 prosperitate
1008 1100 1098 1177 plena
1121 1119 1189 1161 ceu·

168 1193 255 1250 firma
287 1194 317 1251 et
346 1190 482 1250 secundis
514 1189 680 1250 accessibus
716 1208 798 1249 meos
834 1208 1027 1267 meorumque
1064 1192 1190 1251 conatus

123 1304 150 1343 ιο
170 1282 284 1340 attolle.
326 1284 441 1339 tantam
463 1281 586 1352 affatus,
611 1282 637 1337 et
658 1280 771 1337 interea
792 1280 923 1338 revelata
945 1280 1050 1338 metat
1070 1284 1191 1339 matera

168 1373 232 1429 iam
255 1371 316 1428 lace
339 1371 401 1428 dies
423 1373 588 1441 noctemque
610 1368 745 1442 separat:
774 1387 842 1426 cum
865 1368 922 1427 fine
946 1368 1103 1428 verborum
1127 1369 1189 1428 eius

169 1461 222 1519 lux
245 1459 354 1519 clarior
376 1460 515 1535 coeperat
536 1457 609 1517 fieri.
651 1458 799 1531 principie
823 1458 909 1516 sociis
932 1457 1017 1516 edicit
1038 1459 1125 1532 sipaa
1147 1476 1190 1516 ee-

170 1553 300 1622 quaerar
327 1551 412 1622 atque
439 1549 554 1606 ammos
581 1550 681 1619 aptarit
707 1547 800 1606 armoe
823 1563 997 1620 paucaeque
1014 1551 1125 1619 parea
1146 1564 1192 1606 ee:

170 1638 283 1698 edicere
303 1639 348 1697 est
367 1656 434 1696 cum
453 1636 634 1695 auctoritate
653 1635 770 1712 aliquid
789 1635 954 1694 curandum
967 1635 1078 1695 iubere.
1110 1636 1191 1713 quod

124 1749 151 1789 15
169 1729 265 1805 igitur
296 1727 475 1785 militarium
507 1726 736 1801 praeceptorum
767 1724 840 1800 fuit,
872 1726 1024 1785 succincto
1056 1743 1190 1785 sermone

171 1817 305 1894 collegit:
327 1819 363 1876 ut
385 1818 580 1892 sequerentur
602 1815 703 1891 signa,
727 1818 927 1891 conponerent
951 1813 1065 1874 animos
1088 1817 1119 1874 et
1136 1815 1191 1874 hos

170 1925 290 1984 pugnae
321 1908 352 1964 et
380 1906 534 1982 ingruenti
564 1904 720 1963 certamini
748 1907 972 1981 praepararent.
1026 1905 1083 1963 hoc
1112 1904 1192 1964 enim

171 1995 292 2055 volebat
315 1995 429 2054 efficere
453 1994 534 2070 quod
559 1993 745 2069 Cymodocea
768 1994 891 2054 decente
913 1996 1101 2071 perceperat,
1124 2013 1192 2053 cum

172 2086 283 2145 diceret
305 2104 415 2163 „surge
435 2104 490 2162 age
510 2086 541 2141 et
559 2103 668 2143 aurora
686 2083 782 2144 socios
801 2085 938 2145 veniente
957 2086 1059 2145 vocari
1076 2084 1192 2162 primus

125 2195 152 2235 se
170 2175 203 2233 in
227 2194 311 2234 arma
333 2175 401 2233 iube
425 2177 455 2233 et
478 2173 608 2250 clipeum
631 2192 705 2250 cape
729 2193 818 2250 quem
847 2173 929 2234 dedit
958 2175 1023 2251 ipse
1044 2174 1192 2234 invictum

171 2266 343 2343 ignipotens
367 2267 459 2341 atque
482 2282 550 2323 eras
574 2262 681 2321 ambiit
704 2262 807 2322 aur0“.

242 2354 367 2427 Iampae
393 2355 426 2411 ic
453 2357 605 2426 comperta
628 2353 756 2410 Teucros
782 2352 867 2411 habet
894 2356 920 2410 et
946 2370 1002 2411 saa
1025 2355 1138 2411 caetra:
1159 2351 1254 2409 indeo

172 2443 282 2519 quibus
305 2443 426 2502 fueraut
448 2443 497 2501 sui
519 2441 636 2517 etipse
659 2440 756 2500 videri
778 2443 919 2516 potuerat
945 2446 1028 2499 stares
1056 2441 1133 2499 celsa
1158 2441 1192 2499 irc

167 2533 275 2605 pappi.
308 2532 346 2591 ad
365 2531 558 2591 altitudinem
580 2532 664 2590 uaris
690 2529 814 2590 accessit
836 2530 955 2588 Aeneae
978 2548 1097 2605 quoque
1117 2530 1191 2589 satis

126 2623 305 2680 meminens
332 2621 442 2696 forma3
469 2639 541 2678 nam
568 2639 634 2678 cum
657 2621 765 2694 staret,
792 2619 888 2678 multo
912 2620 958 2676 est
980 2618 1071 2677 altior
1093 2619 1191 2677 factus

172 2712 290 2770 ratione
313 2711 371 2769 loci
394 2714 424 2769 et
451 2708 583 2785 corporis
611 2710 799 2786 proceritate.
845 2707 969 2781 elipeum
996 2725 1062 2766 cam
1089 2707 1192 2766 danda

172 2801 295 2858 sinistra
314 2799 415 2858 eriaiit
432 2799 595 2857 ardentem:
614 2817 680 2857 ecce
698 2796 878 2856 multiformi
897 2796 1053 2856 altitudini
1069 2795 1193 2855 accessit

174 2890 385 2966 augmentum3
409 2889 503 2947 erexit
525 2890 636 2964 quippe
660 2887 813 2945 sinistram
840 2905 963 2944 manum
991 2904 1060 2945 cum
1087 2885 1192 2961 clipeo.

173 2978 326 3037 ardentem
345 2977 475 3052 addidit,
494 2979 529 3036 ut
547 2997 582 3036 ex
600 2976 761 3035 altitudine
780 2978 810 3034 et
824 2974 913 3051 clipei
927 2975 1059 3035 ardentis
1073 2975 1193 3034 flamma

127 3084 154 3124 ao
172 3068 291 3127 facilius
315 3070 483 3127 occmreret
501 3066 594 3126 oculis
613 3065 813 3124 Troianorum
830 3064 1019 3141 properantis
1038 3064 1193 3124 adventus.

247 3279 262 3326 3
282 3274 408 3327 dindima
426 3273 452 3325 a
470 3272 605 3341 dyndima
618 3270 651 3325 V.
713 3278 728 3325 6
747 3271 917 3341 fripibasqae
931 3270 990 3324 VR.
1046 3275 1061 3323 7
1082 3286 1151 3339 qaae
1168 3269 1194 3322 R

174 3345 219 3399 ed.
234 3362 316 3413 qaam
329 3343 363 3398 V.
413 3350 446 3398 10
460 3345 565 3411 effatae
578 3342 604 3395 R
617 3344 735 3410 affatum
744 3341 770 3395 V
783 3344 882 3410 effatae
896 3342 940 3396 cd.
955 3344 984 3396 et
998 3341 1082 3411 Verg.
1097 3340 1171 3395 libri.
1188 3341 1191 3413 l

173 3419 297 3471 revoluta
322 3432 376 3469 em.
394 3415 428 3469 V.
502 3421 536 3469 15
561 3415 695 3469 miliciam
714 3413 766 3468 VR
786 3414 951 3469 militariam
973 3429 1024 3467 nos
1047 3414 1195 3468 maltorma

175 3488 218 3541 ed.
247 3488 250 3555 l
278 3490 415 3542 recciario
429 3486 481 3540 VR
498 3487 609 3541 calamo
627 3485 671 3539 ed.
747 3490 779 3539 18
793 3491 972 3555 praeceperat
989 3485 1033 3539 ed.
1106 3488 1140 3537 20
1163 3486 1195 3538 ia

175 3576 229 3613 om.
244 3558 277 3613 V.
343 3564 375 3612 21
396 3560 503 3613 ambesit
519 3558 552 3611 R.
616 3563 650 3611 23
669 3558 725 3626 ipei
738 3556 790 3610 VR
808 3557 851 3611 ed.
870 3558 929 3627 ipse
947 3573 1005 3610 noa
1036 3555 1039 3628 l
1065 3561 1196 3625 potuerat

174 3630 227 3682 VR
253 3636 335 3684 rant
362 3629 405 3683 cd.
492 3635 525 3683 26
554 3646 615 3684 eam
637 3628 690 3682 VR
716 3635 774 3683 tam
801 3630 845 3683 ed.
930 3634 962 3682 tl
992 3629 1117 3683 simiatica
1134 3626 1206 3678 Vm,

175 3706 210 3754 29
226 3703 366 3768 flammam
381 3700 412 3755 V.
