2725 4150
520 355 704 411 lanuinus
723 354 775 410 xu
1093 360 1158 425 547

139 525 265 586 sentiret
292 527 347 584 aut
368 524 508 584 crederet.
554 524 636 601 quod
657 524 758 602 ipsum
785 525 817 582 in
840 524 925 584 leone
952 524 1159 602 accipiendum

139 618 198 691 est,
219 613 291 692 quia
309 616 379 691 post
395 613 520 672 infixum
537 614 628 673 letale
645 615 756 674 vulnus
775 616 805 673 et
822 632 941 674 movere
960 614 1056 674 adhuc
1075 633 1159 674 arma

138 705 273 764 dentium
302 706 424 780 poterat
445 706 476 762 et
504 705 586 763 toros
616 704 714 763 iratus
744 705 893 779 excutere,
923 703 1053 781 gaudere
1080 724 1159 780 vero,

137 796 195 854 hoc
218 793 394 853 esthabere
419 793 577 868 solacium,
606 792 686 868 quod
713 793 809 851 telum
835 792 935 869 ipsum
962 796 992 852 et
1018 793 1159 853 venabuli

104 901 117 941 e
137 885 258 943 hastam
281 884 446 960 frangeret,
471 883 559 958 quasi
581 882 638 940 hoc
660 882 758 941 solum
781 882 818 941 ad
841 883 990 941 ultionem
1011 883 1159 942 morituro

138 973 296 1033 sufficeret.
342 972 454 1050 gaudet
481 972 572 1030 multi
602 971 700 1031 saevit
729 972 893 1047 accipiunt,
926 973 999 1048 quia
1028 972 1159 1050 gaudere

137 1082 199 1121 non
222 1063 323 1139 potest
345 1060 399 1137 qui
422 1063 465 1121 sic
482 1061 671 1136 vulneratur,
695 1063 730 1120 ut
747 1063 864 1137 pereat,
887 1079 954 1120 oum
977 1061 1106 1139 gaudere
1129 1065 1160 1122 et

138 1151 253 1211 saevire
276 1152 364 1228 longe
388 1151 538 1211 diversum
561 1149 608 1210 sit.
650 1151 779 1228 gaudere
803 1169 874 1228 ergo
897 1150 1017 1227 proprie
1042 1150 1158 1211 intelle·

138 1260 259 1319 gamus,
283 1240 356 1318 quia
378 1240 522 1318 gaudium
544 1259 579 1298 eo
601 1238 746 1316 pertinet,
776 1241 848 1316 quia
870 1241 1035 1300 moriturus
1058 1241 1105 1301 leo
1130 1245 1160 1301 et

91 1347 119 1386 ro
137 1349 257 1391 movere
285 1331 368 1389 toros
398 1329 495 1388 adhuc
523 1331 643 1406 poterat
669 1330 701 1387 et
726 1327 848 1388 inimica
875 1329 937 1389 tela
963 1329 1158 1409 confringere.

137 1421 286 1479 latronem
309 1418 386 1478 dixit
408 1421 595 1494 venatorem,
622 1417 675 1494 qui
701 1416 869 1477 intellectus
893 1438 929 1476 ex
956 1419 1159 1495 superioribus

138 1507 236 1583 venit3
265 1508 379 1567 dictum
407 1510 453 1567 est
482 1509 562 1566 enim
591 1509 772 1582 „venantum
795 1506 940 1567 vulnere“
970 1526 1004 1566 ac
1027 1527 1081 1583 per
1102 1509 1159 1568 hoc

138 1597 271 1657 ostendit
292 1599 382 1674 poeta
400 1597 547 1656 latronem
570 1595 630 1655 dici
647 1615 734 1672 posse
753 1614 813 1655 non
836 1597 933 1656 solum
952 1616 1020 1655 eum
1039 1596 1092 1673 qui
1114 1598 1159 1655 in-

137 1687 267 1747 sidietur
289 1687 383 1746 saluti
408 1685 564 1744 hominum
590 1704 695 1745 verum
722 1686 814 1743 etiam
842 1705 910 1744 eum
938 1687 990 1762 qui
1017 1687 1158 1746 adversus

93 1793 118 1833 ιε
138 1777 217 1836 feras
240 1776 408 1853 portaverit
425 1776 545 1834 ferrum.
576 1775 650 1834 haret
670 1792 754 1833 secas
774 1791 893 1834 accenso
909 1776 1005 1849 olfecit
1022 1776 1160 1834 otoleata'a

138 1867 256 1925 Turno:
285 1863 444 1924 iracundia
472 1866 552 1923 enim
580 1865 763 1940 inpunitatis
791 1864 998 1940 desperatione
1026 1865 1160 1925 nutritur

138 1957 169 2015 et
191 1954 310 2026 crescit,
332 1955 389 2012 hoc
412 1955 457 2013 est
475 1973 543 2013 cum
562 1955 659 2012 exitus
679 1952 811 2012 defensio
834 1954 1003 2013 nonhabet
1026 1956 1056 2014 et
1078 1956 1159 2015 victa

137 2045 290 2121 torpescit.
330 2047 392 2102 aaa
413 2044 457 2104 sio
478 2043 602 2117 adfatur
623 2060 719 2118 repere
742 2046 827 2115 atque
853 2044 896 2102 tta
921 2043 1056 2104 turbidas
1078 2046 1159 2118 iavit:
1178 2059 1212 2110 ιο

137 2134 177 2193 ad
205 2132 421 2193 ostendendum
448 2133 624 2210 adloquium
647 2132 742 2191 Turni
769 2133 926 2192 suffecerat
955 2132 1064 2194 dixisse
1093 2136 1159 2193 tum

95 2238 120 2279 ro
137 2226 181 2284 sic
204 2224 327 2283 adfatur
353 2241 454 2301 regem
476 2224 533 2282 hoc
560 2225 606 2282 est
628 2222 667 2281 ad
694 2241 794 2300 regem
821 2222 916 2297 fatur,
946 2221 1083 2282 additum
1114 2227 1160 2282 est

137 2316 229 2390 atque
251 2314 297 2372 ita
314 2312 453 2371 turbidus
471 2312 552 2389 infit,
574 2314 611 2370 ut
628 2313 699 2369 ante
720 2311 845 2370 sciretur
863 2310 961 2388 qualis
980 2311 1071 2371 dictio
1091 2332 1158 2389 pro·

137 2420 258 2462 cessura
280 2404 358 2462 esset
380 2401 513 2461 ardentis
532 2405 563 2460 et
585 2402 649 2459 eius
668 2402 752 2460 cuius
770 2402 901 2459 mentem
920 2402 1070 2460 contraria
1092 2401 1158 2459 uni·

137 2510 224 2553 versa
236 2491 444 2551 confuderant.
470 2490 556 2550 natta
573 2508 657 2549 mora
674 2490 708 2548 ia
723 2491 833 2559 Turro,
847 2490 923 2548 area
936 2493 978 2548 est
991 2491 1067 2562 qaod
1080 2490 1159 2550 dieta

135 2585 291 2640 retractent
312 2581 415 2655 anea
431 2578 591 2639 Aeneadae
608 2596 661 2638 aee
679 2595 753 2651 qaae
770 2579 908 2653 recipere
925 2584 1071 2639 recaseat:
1093 2597 1159 2639 eoa·

98 2680 119 2723 ²⁶
134 2671 267 2745 erectior:
296 2671 371 2745 iam,
393 2668 506 2746 inquit,
534 2688 594 2727 non
617 2668 752 2727 adferam
775 2688 867 2743 quam
888 2672 1057 2727 memorant
1080 2687 1158 2728 com-

135 2760 234 2819 modis
258 2759 464 2819 communibus
492 2777 620 2832 moram,
650 2757 727 2816 nihil
757 2759 803 2816 est
830 2758 910 2832 quod
938 2758 1099 2835 quisquam
1122 2758 1158 2815 de

137 2850 240 2909 Turno
263 2850 407 2925 queratur
428 2846 570 2922 ulterius,
599 2847 718 2905 nullum
744 2848 924 2906 retractetur
946 2847 1076 2906 faciendi
1098 2866 1159 2906 non

135 2937 304 2998 faciendive
319 2938 484 3011 consilium,
492 2937 597 3015 ignavi
603 2935 763 2995 Aeneadae
776 2938 897 2995 taceant
911 2938 941 2996 et
955 2936 1159 2996 condicionem

135 3028 282 3104 placitam
303 3046 364 3086 non
386 3030 533 3085 recusent.
579 3024 831 3104 congrediendum
858 3028 905 3085 est
930 3026 1018 3084 mihi:
1046 3026 1159 3086 habent

88 3123 117 3169 ³⁰
135 3118 231 3177 etiam
260 3135 338 3175 nunc
368 3134 543 3175 eonsensum
572 3135 685 3190 meum,
717 3114 771 3173 fiat
803 3115 884 3190 quod
915 3116 993 3175 votis
1026 3115 1159 3173 omnium

135 3205 267 3283 placuit,
285 3224 345 3265 non
363 3208 464 3265 metuo
484 3204 609 3265 adversa
629 3208 659 3264 et
677 3222 821 3281 prospera
839 3203 967 3264 libenter
985 3206 1158 3280 amplector.

133 3297 184 3370 fer
206 3312 306 3365 sacra,
326 3298 421 3369 pater,
446 3299 472 3353 et
493 3295 608 3367 canape
625 3294 743 3367 foedas:
765 3313 858 3351 unum
876 3295 996 3352 tantum
1014 3293 1095 3371 quod
1113 3297 1158 3351 in-

135 3384 281 3445 choandis
299 3384 388 3444 rebus
407 3384 490 3444 deest
506 3384 574 3457 fiat,
592 3386 691 3459 pater,
711 3383 895 3458 expertibus
910 3382 984 3458 tuis,
1003 3382 1159 3442 firmentur

210 3612 226 3660 5
245 3606 430 3662 moriturosV
448 3623 497 3662 -ro
515 3623 565 3661 nos
583 3607 627 3660 -rr'
644 3605 689 3660 ed.
762 3612 778 3660 6
796 3607 882 3660 saevit
895 3605 921 3660 V
936 3622 991 3673 pro
1009 3608 1094 3660 saeor't
1113 3607 1157 3661 ed.

135 3685 171 3735 17
191 3678 322 3734 emaeoV
340 3680 444 3734 exitam
462 3678 505 3740 ed.
574 3684 609 3732 26
627 3678 815 3733 communitas
833 3694 886 3731 om.
907 3677 950 3731 ed.
1020 3682 1053 3731 29
1068 3679 1158 3746 placi-

133 3754 204 3810 aaa
216 3749 244 3805 V
258 3767 327 3808 corr.
341 3750 385 3806 ed.

964 3855 1020 3911 st*
