2725 4150
212 341 279 408 464
498 338 639 395 11111111
655 338 826 397 muare.
843 339 949 397 vanc.

211 527 265 567 nec
293 507 455 569 revocabat
483 509 563 568 hunc
593 527 611 567 1
640 511 752 568 natura
779 526 834 569 sua
862 509 960 585 pudor
991 510 1046 569 aut
1073 508 1239 588 frangebat

211 599 349 674 quamvis
380 599 512 674 potentis
545 597 711 657 ludibrium
739 597 859 673 matris,
893 615 972 674 quae
999 598 1089 658 illum
1117 599 1238 663 incerto

210 688 296 763 patre
319 688 499 764 protulerat,
522 688 628 765 surgit.
665 706 732 747 ecce
756 686 908 748 diversum
925 705 1122 764 personarum
1144 690 1238 748 meri·

209 778 289 835 tum:
315 796 368 836 rex
394 777 513 836 locutus
536 778 583 836 est
604 777 723 853 sedens,
750 777 808 836 iste
830 795 901 838 vero
925 776 1066 853 surrexit,
1089 777 1125 836 ut
1148 777 1239 854 loqui

209 868 323 941 posset,
347 868 378 925 et
400 869 576 926 oneraturus
595 866 731 926 Turnum
749 866 791 926 sic
808 867 945 926 instituit
961 864 1054 943 loqui.
1087 868 1239 942 expressit
1266 882 1278 924 1

209 958 299 1031 poeta
316 954 468 1015 hominem
486 975 609 1016 saevum
631 957 663 1014 et
684 955 858 1032 factiosum3
877 955 930 1031 qni
948 956 1028 1015 enim
1045 954 1145 1032 prima
1164 956 1238 1017 odia

210 1044 340 1103 excitare
359 1044 524 1105 laborando
543 1063 603 1104 non
617 1043 719 1121 potuit
731 1062 820 1120 nunc,
839 1045 921 1122 quod
935 1043 1021 1105 facile
1036 1044 1103 1120 brit,
1123 1063 1238 1124 augere

208 1133 363 1193 nitebatur
374 1134 506 1210 inventa,
524 1154 562 1193 ne
580 1134 717 1211 perderet
734 1134 920 1194 occasionem
933 1134 1077 1210 temporis
1096 1136 1129 1194 et
1146 1153 1238 1212 opor·

209 1223 372 1282 tunitatem
393 1225 494 1302 regiae
512 1223 677 1284 voluntatis
702 1224 854 1283 amitteret
871 1224 920 1283 vel
938 1241 975 1282 ne
993 1221 1135 1282 existeret
1152 1225 1237 1300 quis·

210 1331 302 1388 quam
325 1314 379 1390 qui
401 1312 504 1372 Latini
531 1312 666 1372 studium
689 1330 744 1389 pro
767 1312 886 1372 Aeneae
912 1311 1049 1389 partibus
1079 1311 1120 1371 ad
1150 1313 1237 1373 utili·
1253 1329 1276 1370 11

208 1403 303 1461 tatem
317 1401 414 1460 Turni
427 1403 621 1464 converteret.
643 1403 760 1462 interea
774 1401 917 1478 quoniam
930 1401 1119 1479 hyperbaton
1132 1404 1238 1479 potest

210 1491 363 1567 quandam
390 1490 604 1550 obscuritatem
630 1491 800 1551 intellectui
827 1492 912 1567 dare,
944 1491 1093 1551 ordinatio
1127 1509 1236 1555 sensus

209 1578 346 1639 addenda
365 1581 410 1640 est
428 1579 484 1640 sic:
506 1582 572 1639 tum
590 1579 723 1640 Drances
744 1579 824 1638 idem
846 1581 996 1657 infensus,
1018 1598 1110 1656 quem
1124 1581 1238 1643 melior

208 1669 307 1746 gloria
330 1668 425 1728 Turni
448 1669 570 1747 obliqua
592 1669 709 1730 invidia
736 1669 925 1745 stimulisque
952 1668 1089 1748 agitabat
1103 1672 1236 1748 amaris,

209 1758 308 1836 surgit
330 1759 425 1818 ethis
444 1761 549 1818 onerat
562 1757 650 1818 dictis
670 1761 761 1835 atque
779 1761 906 1836 aggerat
918 1759 988 1819 iras.
1020 1757 1114 1818 medii
1126 1778 1235 1821 versus
1251 1774 1274 1816 u

209 1847 245 1906 de
263 1866 379 1927 genere,
397 1846 434 1906 do
453 1848 584 1923 fortuna,
603 1848 639 1907 de
656 1846 800 1922 moribus,
818 1848 855 1907 de
869 1848 1031 1908 artificiosa
1049 1849 1235 1925 eloquentia,

209 1939 239 1996 et
262 1937 342 2013 quod
361 1939 439 1996 esset
456 1936 589 2012 inbellis,
611 1938 722 2004 idcirco
741 1937 883 1996 videntur
899 1936 1086 2014 interpositi,
1108 1939 1146 1998 ut
1164 1957 1234 1998 con·

208 2028 303 2085 staret
324 2026 412 2086 illum
434 2028 551 2087 versuti
573 2027 680 2102 animi,
704 2025 844 2103 superbia
867 2045 987 2104 quoquc
1010 2026 1142 2087 materni
1163 2045 1234 2090 sau·

207 2116 322 2193 guinis,
361 2115 517 2194 largiendo
550 2118 642 2193 atque
673 2115 822 2192 loquendo
854 2135 930 2192 quae
961 2117 1054 2177 vellet
1083 2116 1234 2195 explicare

206 2223 303 2281 posse.
343 2223 406 2264 rem
428 2206 505 2265 culti
527 2208 681 2266 obsecrem
704 2208 821 2265 uestrae
843 2206 997 2264 11111111
1015 2209 1143 2281 19111111
1165 2225 1235 2267 coa·
1249 2224 1273 2265 11

144 2294 294 2365 34511111,
314 2312 330 2353 o
350 2297 421 2354 bone
438 2313 502 2365 rex,
522 2297 617 2355 1111111
635 2312 666 2354 ee
684 2296 758 2354 seire
775 2295 907 2368 fateatur
925 2295 996 2368 quid
1012 2298 1137 2369 fortuna
1153 2297 1235 2370 ferat

202 2384 320 2458 populi,
344 2385 395 2443 sed
413 2385 507 2444 dicere
524 2388 674 2444 mussant:
696 2403 732 2442 ex
750 2384 831 2443 facto
850 2386 881 2443 11
898 2382 995 2444 verbis
1014 2384 1125 2461 probat
1142 2389 1234 2462 poeta

207 2473 289 2548 quod
307 2472 391 2533 dixit.
428 2473 562 2533 adseruit
583 2474 663 2531 enim
676 2472 816 2533 Drancon
834 2472 989 2532 inimicum
1003 2473 1118 2549 Turno,
1141 2494 1233 2553 prop-

205 2565 290 2621 terea
313 2561 393 2640 quod
417 2562 526 2622 virtuti
548 2561 611 2622 eius
634 2561 796 2639 invideret,
820 2562 973 2639 cumipse
996 2563 1128 2623 Drances
1153 2566 1234 2625 esset

205 2650 339 2727 inbellis,
362 2651 524 2728 superbum
546 2654 669 2729 propter
692 2652 880 2712 nobilitatem
902 2652 1032 2711 materni
1058 2654 1178 2730 generis
1202 2657 1234 2716 et
1249 2668 1272 2711 11

206 2743 331 2817 propter
361 2740 562 2802 substantiam
593 2741 750 2801 familiaris
782 2742 838 2817 rei,
875 2744 1041 2816 versutum,
1076 2742 1232 2820 callidum,

207 2830 410 2907 eloquentem,
433 2830 617 2890 seditiosum.
658 2848 725 2890 ecce
747 2832 862 2907 primus
883 2833 915 2890 ct
936 2830 1018 2891 solus
1041 2831 1178 2907 loquitur
1201 2836 1233 2894 et

206 2939 267 2978 non
290 2919 427 2978 consulta
449 2919 564 2999 negotii
585 2918 712 2995 publici,
739 2920 791 2980 sed
814 2921 903 2980 unius
930 2918 1060 2981 hominis
1087 2919 1231 2984 inimicus

206 3010 249 3083 et,
273 3027 343 3067 cum
364 3009 483 3068 nullum
500 3008 655 3068 habuisset
678 3028 747 3068 cum
765 3009 870 3069 ceteris
889 3012 1068 3085 tractatum,
1091 3010 1234 3087 loquitur

206 3097 294 3174 quasi
311 3098 476 3158 instructus
495 3097 531 3158 ab
552 3096 688 3157 omnibus
704 3101 807 3175 atque,
831 3101 867 3158 ut
886 3099 1038 3158 accederet
1056 3098 1145 3158 dictis
1164 3101 1232 3161 eius
1248 3115 1272 3156 sc

205 3189 303 3247 maior
325 3189 504 3262 auctoritas,
527 3206 562 3247 ex
586 3188 720 3246 omnium
739 3206 770 3247 se
788 3189 935 3247 memorat
952 3186 1053 3249 venire
1072 3206 1231 3261 consensu

279 3382 293 3430 1
320 3376 483 3431 revocabas
502 3374 536 3430 V.
610 3380 642 3428 11
668 3392 793 3445 11111-
799 3377 887 3444 possit
911 3376 954 3431 ed.
1033 3380 1066 3429 20
1090 3383 1183 3444 posset
1206 3377 1231 3432 V

202 3464 282 3516 posse
300 3464 351 3501 nos
366 3448 489 3516 potuisse
506 3445 550 3501 ed.
620 3452 652 3500 21
672 3448 778 3503 1111111
796 3462 851 3502 esse
868 3448 909 3503 ire
922 3446 956 3501 V.
1020 3448 1189 3504 salciasco
1203 3449 1232 3505 V

207 3536 275 3573 corr.
291 3519 360 3573 edil.
426 3524 460 3573 25
478 3519 710 3588 superbum-26
728 3524 865 3573 1111111111
883 3519 1005 3573 calidam
1024 3518 1083 3588 (sic)
1102 3518 1232 3589 cloquen-

198 3598 254 3649 tem
278 3592 440 3650 occidionem
457 3590 483 3644 V
506 3589 693 3645 nominativos
719 3588 867 3644 substituit
889 3590 932 3644 ed.
961 3590 964 3660 l
994 3589 1145 3660 9111111111
1163 3608 1232 3649 sarr·

186 3670 293 3740 91111
321 3667 366 3729 ed.
453 3669 489 3724 28
518 3660 688 3724 caualtoV
717 3662 899 3720 emeritorum
927 3661 970 3715 ed.
1057 3666 1090 3715 81
1119 3664 1232 3721 maiora

182 3747 362 3807 amaritate
377 3742 406 3803 V
422 3762 495 3804 corr.
511 3741 556 3802 ed.
