2725 4150
548 346 732 402 nnunrnos
746 346 799 402 vu
1140 350 1183 416 93

164 515 402 592 inpedimentum
424 516 593 591 potuissent
615 516 673 575 soli
695 520 795 592 postes
819 516 948 591 adferre,
977 516 1003 576 si
1025 517 1099 577 loeis
1122 516 1184 577 suis

163 604 241 664 forte
268 605 458 664 mansissent.
503 605 536 663 in
563 605 716 665 eversione
743 605 877 681 postium
905 604 1022 665 animus
1045 605 1185 666 inimicae

165 692 397 754 considerandus
426 696 484 767 est,
515 713 592 770 quae
622 695 666 754 sio
693 693 766 753 belli
797 697 981 754 reseraverat
1013 713 1082 754 cum
1110 696 1184 770 ipsis

163 782 300 859 postibus
314 785 427 858 portus,
445 786 480 842 ut
493 783 587 842 vulsis
606 782 690 859 ipsis,
709 785 762 861 qui
775 784 963 844 firmamenta
980 783 1185 860 praestabant,

135 875 274 932 sitorum
297 871 397 931 claudi
419 891 477 932 non
501 875 624 948 possent
646 875 677 932 et
701 892 867 950 numquam
890 872 1037 933 desineret
1063 872 1184 933 bellum.

165 964 281 1038 quanta
311 963 412 1019 autem
440 962 488 1021 vis
517 960 641 1021 Iunonia
669 963 711 1021 sit
737 963 769 1020 in
797 963 877 1022 facto
904 962 971 1038 ipso
995 981 1131 1039 expresse
1154 966 1186 1022 et

164 1050 318 1111 evidenter
340 1053 494 1110 ostensum
512 1053 570 1126 est3
592 1070 664 1110 nam
682 1069 757 1127 quas
777 1053 896 1110 centum
916 1051 996 1112 aerei
1014 1052 1186 1112 clauserant

165 1143 277 1213 vectes,
301 1157 376 1215 quas
400 1142 522 1199 aeterna
543 1139 617 1199 ferri
638 1140 833 1200 firmaverant
854 1140 976 1217 robora,
1003 1142 1072 1218 ipsa
1093 1140 1185 1202 unius

163 1247 271 1288 manus
294 1229 417 1303 inpulsu
434 1229 580 1302 innitens,
602 1247 662 1287 non
681 1228 814 1305 corporis
832 1231 961 1305 virtute,
983 1230 1035 1290 sed
1052 1230 1185 1306 numine,

123 1320 265 1395 reipsum
283 1336 406 1393 quoque¹
425 1317 587 1377 bifrontem
609 1317 764 1378 custodem
787 1319 966 1378 auctoritate
987 1320 1109 1380 maioris
1131 1339 1185 1396 po-

164 1407 284 1467 testatis
308 1425 471 1483 exuperans
496 1409 526 1467 et
543 1408 689 1482 patefecit
705 1410 809 1483 portas
828 1410 859 1466 et
876 1427 979 1467 earum
997 1411 1098 1484 postes
1116 1409 1185 1469 sub·

163 1496 263 1556 vertit.
293 1496 456 1571 patefactio
475 1499 632 1572 portarum
650 1496 726 1572 quid
743 1498 928 1572 praestiterit
945 1497 1047 1557 studio
1060 1498 1186 1559 Iunonis

163 1586 272 1662 incipit
294 1584 474 1644 enumerari:
506 1586 589 1645 ardet
614 1587 742 1646 inmuta
768 1583 906 1645 Ausonio
929 1590 1015 1659 atque
1036 1587 1185 1647 inmobilia

164 1679 246 1734 onte:
275 1674 350 1733 bene
377 1677 467 1750 poeta
493 1693 607 1734 memor
634 1678 680 1735 est
707 1673 768 1750 sui3
795 1693 887 1751 supra
908 1677 989 1735 enim
1012 1674 1088 1734 dixit
1111 1667 1185 1758 (45)

121 1779 145 1819 rs
164 1784 238 1838 „rex
264 1782 339 1824 arva
361 1763 488 1824 Latinus
511 1767 542 1823 et
564 1763 647 1824 urbis
670 1765 732 1824 iam
754 1766 853 1824 senior
875 1765 967 1843 longa
990 1764 1124 1841 placidas
1152 1766 1185 1824 in

163 1872 237 1930 pace
254 1851 409 1931 regebat“.
445 1872 515 1931 ergo
538 1872 704 1930 numquam
726 1853 857 1914 excitata
873 1854 906 1913 in
925 1854 1039 1913 bellum
1052 1853 1186 1914 Ausonia

164 1946 195 2002 et
212 1961 329 2018 semper
347 1943 408 2002 otio
424 1942 507 2018 pacis
521 1942 673 2002 inmobilis
693 1942 816 2003 ardebat
833 1948 905 2004 tuno
923 1944 1024 2004 furore
1042 1943 1184 2004 bellandi.

163 2035 236 2092 sunt
259 2031 311 2108 qui
334 2032 475 2093 adserant
495 2032 552 2093 hoc
573 2032 640 2093 loco
663 2031 815 2093 contraria
838 2033 990 2111 scripsisse
1006 2032 1185 2112 Vergilium,

162 2125 211 2197 ut,
244 2141 312 2181 cum
344 2122 407 2198 ipse
440 2121 549 2181 dixerit
580 2122 635 2181 sub
667 2122 777 2182 Latino
809 2123 932 2202 longam
963 2142 1066 2200 pacem
1093 2124 1186 2185 fuisso

120 2226 144 2266 ro
162 2211 345 2288 perindeque
373 2212 539 2271 Ausoniam
568 2210 648 2270 bella
676 2213 819 2288 nescisse,
842 2212 906 2289 ipse
933 2232 1054 2273 rursum
1079 2215 1112 2273 in
1136 2213 1184 2273 de-

165 2302 326 2377 scriptione
349 2300 492 2361 vestihuli
510 2299 615 2360 domus
638 2302 703 2360 eins
725 2301 891 2361 ostenderit
912 2302 1011 2361 multa
1033 2321 1069 2361 ex
1091 2303 1184 2362 hosti·

162 2390 219 2449 bus
248 2392 351 2466 capta,
380 2408 484 2449 currus
514 2390 641 2465 scilicet,
671 2390 783 2451 securis
811 2393 842 2450 et
869 2393 976 2450 cetera.
1020 2391 1094 2450 haec
1124 2410 1185 2451 non

163 2479 309 2554 dicerent,
336 2478 363 2538 si
385 2481 491 2555 poetae
515 2479 607 2539 verba
634 2480 756 2558 singula
784 2479 1007 2540 considerarent
1029 2480 1077 2540 vel
1105 2482 1184 2539 certe

162 2572 300 2644 tempora
323 2570 378 2627 aut
399 2589 454 2644 per
477 2586 551 2644 quos
575 2571 665 2644 capta
688 2570 762 2644 sint;
785 2587 856 2627 nam
878 2571 910 2628 et
926 2570 1026 2644 ipsum
1040 2568 1184 2627 Latinum

121 2670 145 2711 rr
162 2674 322 2734 possumus
350 2657 524 2736 intellegere
555 2657 718 2733 aliquando
745 2675 895 2736 pugnasse
923 2660 954 2716 et
975 2659 1046 2733 post
1067 2656 1184 2717 labores

163 2746 286 2807 bellicos
309 2746 431 2824 longam
458 2766 564 2822 pacem
585 2746 726 2806 habuisse
748 2748 779 2805 et
802 2746 1010 2823 captivitatem
1034 2765 1185 2807 armorum

163 2854 198 2895 ac
218 2836 440 2911 triumphorum
460 2837 692 2896 ostentationem
710 2836 904 2896 constitutam
917 2835 950 2895 in
969 2836 1117 2897 vestibulo
1133 2836 1185 2896 do·

163 2943 228 2985 mus
248 2924 288 2985 ad
301 2924 404 2985 Latini
421 2926 564 3000 maiores,
582 2944 643 2984 non
661 2923 700 2983 ad
717 2926 818 3001 ipsum
831 2924 975 2985 Latinum
996 2925 1184 3003 pertinuisse.

164 3013 292 3092 denique
324 3015 416 3092 longa
446 3014 510 3075 illio
541 3015 686 3073 memoria
719 3013 869 3091 descripta
898 3019 944 3076 est
972 3014 1005 3075 in
1032 3019 1185 3076 vetustate

122 3116 146 3156 so
163 3104 332 3182 imaginum
348 3106 379 3163 et
393 3103 468 3179 Pici,
481 3122 542 3163 non
555 3102 658 3163 Latini
673 3122 782 3163 nomen
796 3105 880 3184 regia
892 3104 948 3164 illa
961 3104 1122 3181 retinebat3
1141 3105 1185 3166 sic

164 3194 244 3252 enim
263 3193 397 3269 positum
415 3196 461 3253 est
475 3185 584 3275 (170):
598 3195 735 3270 „tectum
749 3197 921 3273 augustum,
935 3194 1049 3273 ingens,
1064 3196 1185 3254 centum

237 3387 252 3436 1
272 3398 319 3437 eeu
335 3380 358 3434 V
373 3397 427 3437 om.
442 3382 486 3436 ed.
504 3383 557 3437 soli
574 3398 634 3437 nos.
690 3388 705 3438 6
725 3399 866 3452 samareae
880 3382 1003 3437 videnter
1016 3381 1042 3437 V
1055 3397 1125 3435 corr.
1140 3381 1184 3435 ed.

164 3458 180 3506 8
199 3459 326 3508 adquae
344 3452 376 3506 V.
447 3459 480 3508 13
498 3454 598 3509 ardeat
614 3453 649 3509 V.
717 3461 751 3508 14
769 3470 909 3509 cremorem
926 3455 972 3509 eui
985 3452 1011 3506 V
1029 3468 1129 3508 memor
1147 3459 1185 3507 est

164 3527 208 3579 sui
226 3523 252 3577 U
270 3541 372 3580 memor
388 3524 445 3591 suit
463 3526 506 3579 ed.
567 3529 600 3578 19
619 3526 670 3580 areb
689 3526 807 3581 latinum
821 3525 847 3579 V
861 3541 929 3579 corr.
946 3524 989 3579 ed.
1045 3529 1078 3577 21
1098 3530 1184 3579 odau-

165 3596 235 3651 derit
248 3595 274 3649 V
293 3596 351 3650 -dit
369 3596 412 3650 ed.
479 3601 514 3651 30
532 3597 679 3666 imaginem
693 3596 720 3649 V
738 3596 783 3651 ed.
801 3596 851 3665 (ad
868 3594 1020 3665 sequentia
1033 3594 1130 3650 traxit
1143 3595 1194 3647 eu.

158 3669 245 3733 post.)
261 3668 414 3734 maumam
432 3684 491 3724 nos.
513 3669 520 3744 Ι
539 3686 645 3727 numera
657 3668 697 3728 V.
756 3676 793 3728 tt
814 3672 890 3729 autur
907 3686 967 3727 orn.
979 3667 1030 3725 ed.
1042 3667 1061 3742 t
1075 3680 1213 3736 noqueu-

150 3740 207 3786 tum
220 3751 277 3800 pro
295 3744 446 3805 augustum
462 3740 495 3799 V.
