2725 4150
551 320 792 378 musmosm
1115 326 1180 392 287

163 492 217 548 cut
233 488 407 550 truderetur
424 489 579 551 moenibus
602 492 634 550 et
656 494 789 551 armatus
811 491 856 550 ire
878 494 1035 570 cogeretur
1056 490 1089 550 in
1112 512 1181 571 gur·

162 578 256 657 gitem
283 582 338 639 aut
364 579 474 658 gladiis
501 582 672 657 peremptus
701 580 896 641 occumberet.
947 585 1010 640 trun
1037 583 1092 640 toto
1121 599 1182 641 ccr-

158 685 231 742 pore
248 668 340 727 sudor
358 668 480 742 liquitur
498 674 525 729 et
537 671 655 744 piceum
668 669 736 743 (uec
752 671 901 744 respirare
913 670 1058 745 potestus)
1072 671 1182 742 ftuneu

162 758 236 832 opit:
256 757 322 817 ibat
340 758 431 818 sudor
449 779 484 818 ex
503 758 599 818 Turni
617 776 740 836 corpore
758 759 875 836 piceum
893 758 1005 819 flumen
1023 759 1181 820 ostendens

131 863 216 906 snec
243 846 304 906 fuit
329 848 499 907 resumendi
526 847 649 926 aliquod
675 849 817 923 spatium.
861 850 955 922 fessos
982 850 1076 922 quatit
1097 866 1183 924 ceper

162 936 308 996 anhelitus
337 941 435 996 crtus:
466 936 597 1016 fatigata
625 936 753 997 hominis
785 938 918 998 membra
950 937 1100 998 anhelitus
1133 938 1181 998 de·

162 1024 271 1085 biliore
301 1025 458 1102 reddebat3
495 1046 619 1105 aegrum
652 1027 819 1086 anhelitum
850 1026 939 1104 dixit,
971 1028 1044 1105 quia
1076 1045 1181 1106 aegros

162 1114 236 1173 facit
259 1118 290 1174 et
312 1114 427 1175 debilis.
473 1119 535 1174 tum
557 1117 674 1174 demum
694 1132 840 1190 praeceps
861 1117 941 1177 scitu
963 1134 1025 1177 sese
1047 1117 1243 1179 mathusale

162 1205 268 1272 armis,
291 1205 348 1263 hoc
371 1206 417 1263 est
439 1207 493 1265 eut
516 1203 649 1264 omnium
666 1205 780 1265 virtute
803 1208 858 1265 aut
881 1224 949 1266 cum
972 1207 1064 1266 armis
1088 1207 1181 1265 omni·

117 1312 143 1351 ιο
162 1292 231 1369 bus,
255 1294 399 1369 qnoniam
421 1296 571 1354 armatum
593 1312 657 1353 esse
680 1293 851 1369 constabat,
877 1296 911 1354 iu
937 1296 1062 1367 fluuium
1089 1296 1182 1356 dedit:

161 1401 222 1440 non
249 1383 352 1441 timuit
379 1401 409 1442 se
435 1382 631 1460 praecipitem
659 1382 730 1443 dare
758 1383 813 1461 qui
839 1382 953 1445 sciebat
975 1403 1006 1444 se
1029 1386 1062 1443 in
1085 1385 1181 1444 undas

162 1489 225 1531 esse
247 1475 421 1547 venturum3
443 1473 550 1532 melius
574 1474 687 1551 quippe
705 1475 819 1533 certum
840 1472 1006 1549 periculum
1028 1474 1132 1552 fugere
1151 1476 1181 1532 et
1240 1527 1243 1535 .

162 1561 260 1620 subire
289 1561 370 1636 quod
396 1580 459 1621 esse
488 1570 591 1639 posset
616 1564 773 1622 incertum.
818 1561 867 1620 itte
894 1579 947 1622 suo
975 1580 1041 1622 cum
1067 1563 1180 1638 puuyite

161 1652 239 1721 tuuc
269 1651 378 1725 occepit
405 1653 565 1711 ueuieutcru
592 1670 628 1712 oc
653 1651 790 1711 uultibus
817 1651 918 1711 extulit
942 1651 1047 1711 undis:
1076 1653 1180 1712 contra

118 1757 142 1797 rs
161 1757 245 1815 spem
273 1739 406 1798 omnium
434 1743 463 1800 et
486 1759 571 1800 suam
594 1741 712 1801 Turnus
736 1743 875 1817 exceptus
902 1742 1014 1816 estet,
1042 1742 1114 1818 quia
1136 1741 1179 1799 al·

161 1828 292 1888 titudine
324 1830 454 1908 gurgitis
485 1831 533 1890 vel
565 1828 694 1890 maxime
731 1833 865 1890 armatus
901 1831 996 1908 premi
1031 1832 1180 1907 potuerat,

161 1919 275 1977 virtute
305 1918 402 1997 magis
432 1919 529 1979 undae
560 1919 701 1980 collectae
731 1937 892 1997 suspensus
919 1922 974 1980 est
1019 1924 1046 1979 et
1073 1920 1180 1980 loetum

162 2009 249 2067 sociis
267 2008 369 2066 obtuto
389 2009 475 2068 ccede
497 2010 623 2068 reuisit:
645 2011 737 2087 atque
755 2008 800 2069 ita
817 2010 932 2070 factum
950 2011 995 2071 est
1013 2011 1050 2070 ut
1067 2009 1179 2070 laetum

163 2098 340 2176 gurgiteque
364 2099 501 2159 ablutum
522 2098 655 2160 misisset
677 2099 716 2159 ad
739 2101 842 2161 socios.

236 2277 249 2322 1
270 2276 295 2324 et
308 2275 432 2324 armatus
446 2268 471 2323 V
485 2276 536 2325 cut
549 2266 578 2324 u.'
590 2269 634 2325 ed.
686 2276 702 2323 2
720 2254 824 2341 plodite
837 2270 864 2324 V
881 2271 982 2326 iacietis
1000 2270 1044 2325 ed.
1099 2276 1114 2324 3
1134 2271 1188 2325 liu-

163 2342 257 2409 quitur
275 2339 309 2395 V.
340 2342 343 2410 t
377 2357 420 2395 ree
440 2343 577 2409 respirare
596 2340 630 2396 V.
704 2346 720 2396 ὅ
739 2340 933 2397 resumeudiV
951 2343 1082 2411 spiritum
1100 2358 1122 2396 r.
1143 2342 1187 2395 ed.

164 2418 180 2465 6
199 2411 316 2467 debilior
329 2411 354 2466 V
369 2412 413 2466 ed.
495 2417 511 2466 8
530 2414 619 2468 soltus
636 2429 692 2468 esse
705 2411 739 2467 V.
822 2418 838 2466 9
857 2414 946 2469 cuuis
959 2412 985 2467 V
998 2413 1124 2467 omuibus
1142 2412 1186 2466 ed.

164 2488 197 2536 12
216 2485 293 2550 fuere
312 2490 338 2538 et
350 2482 376 2536 V
394 2484 489 2553 supere
507 2490 533 2538 et
550 2482 576 2537 U
594 2484 653 2550 fuit
670 2485 696 2539 ei
714 2482 756 2539 ed.
832 2489 864 2538 13
884 2482 996 2553 quodV
1014 2500 1097 2552 wau
1115 2484 1188 2551 quod

163 2554 207 2608 ed.
229 2555 232 2626 t
250 2557 385 2623 potuisset
398 2554 441 2609 ed.
494 2559 527 2607 18
545 2556 646 2610 laetum
659 2554 685 2608 V
700 2570 754 2609 om.
769 2553 855 2609 HOU
870 2555 913 2609 ed.
966 2559 999 2608 19
1015 2560 1148 2624 putatque
1161 2553 1187 2607 V

162 2632 294 2696 partuque
308 2626 330 2680 0
350 2633 431 2695 atque
444 2624 469 2679 U
484 2643 538 2681 om.
554 2642 618 2680 cnm
637 2626 731 2696 spatio
745 2625 772 2679 H
789 2633 948 2751 purgiteque
966 2642 1017 2680 nos
1036 2631 1069 2680 ut
1085 2625 1188 2694 fluuius

164 2714 225 2753 eum
235 2698 346 2765 placide
359 2699 506 2766 accepisset
518 2704 599 2766 atque
613 2696 655 2751 ed.
673 2698 677 2770 Ι
698 2698 776 2753 uisis
788 2703 828 2753 set
880 2698 1026 2753 remisisset
1039 2696 1083 2751 ed.
1100 2696 1104 2769 t
1122 2699 1187 2766 post

163 2769 250 2823 sorim
269 2786 347 2835 „non
365 2768 441 2837 quod
459 2768 560 2823 fluvius
578 2769 722 2823 hominem
741 2768 883 2837 exceperit
902 2770 952 2823 eut
970 2768 1117 2834 remiserit,
1136 2768 1187 2822 sed

164 2840 225 2908 ipse
245 2839 354 2894 Turnus
376 2840 468 2894 elatus
487 2856 521 2894 ac
540 2856 555 2894 e
573 2840 658 2894 fluvio
679 2838 764 2894 facile
783 2856 911 2909 egressus
930 2840 967 2893 ad
986 2839 1076 2893 socios
1095 2855 1124 2894 se
1143 2855 1186 2894 re·

163 2910 253 2965 tulit*
277 2911 407 2980 interpol.
431 2911 475 2965 ed.
499 2912 596 2980 spuria
620 2912 692 2966 haec
715 2927 775 2966 esse
798 2911 843 2966 vel
866 2927 921 2976 „ec
940 2916 978 2966 e“
1002 2911 1097 2977 docet,
1122 2927 1186 2966 cum

164 2982 235 3036 Don.
251 2986 359 3051 „atque
374 2988 411 3038 e“
426 2983 581 3052 scripturus
595 2982 694 3051 inerit3
709 2983 811 3037 desunt
824 2982 855 3037 in
864 2982 989 3037 VHOU.
1005 3014 1040 3023 —
1059 2982 1187 3051 sequitur

165 3070 238 3123 quae
264 3055 335 3109 solet
360 3054 542 3124 subscriptio:
572 3057 663 3112 Tiberi
689 3054 791 3112 Claudi
816 3054 932 3125 (claude
945 3054 982 3124 V)
1000 3054 1110 3110 Douatu'
1132 3056 1184 3108 etc.

164 3127 431 3197 eutius-suuper.
