2725 4150
212 336 277 401 332
496 333 637 406 DONATI
653 333 824 389 INTERPR.
838 333 946 389 VERG.

210 502 324 563 stantia
347 523 423 580 quae
446 522 554 562 navem
573 502 610 562 ab
634 502 757 562 inimica
778 505 860 562 terra
882 501 1065 578 suspendat?
1108 480 1166 564 'ille
1187 524 1232 564 re-

210 593 384 669 spondentis
417 593 517 652 animo
551 593 595 650 ait
625 592 739 667 tollite,
770 592 846 651 ferte
882 595 976 666 rates,
1011 593 1047 651 nt
1082 592 1232 654 fortitudo

209 685 378 758 praestaret
403 681 559 741 hominum
588 681 669 758 quod
696 681 755 740 loci
782 684 894 741 natura
915 700 976 741 non
998 683 1128 758 poterat.
1176 684 1233 743 ini·

209 772 317 830 meam
342 771 445 842 deddc
471 772 574 829 rostris
601 772 678 829 boec
704 775 813 829 terram
835 770 1004 843 ceterosque
1030 771 1088 830 eibi
1112 777 1233 845 premat

208 861 276 932 ipso
300 861 418 919 eorico:
441 861 498 919 etsi
521 860 590 934 erit,
613 859 727 935 inquit,
749 861 781 918 in
804 862 927 919 navium
951 858 1111 920 amissione
1139 861 1231 921 detri-
1259 883 1270 925 s

208 952 357 1023 mentum,
380 950 534 1024 proveniet
551 952 653 1008 tamen
672 968 759 1008 omen
776 948 954 1024 maximum,
976 948 1057 1025 quod
1074 949 1232 1011 inimicam

208 1040 321 1096 terram
344 1037 504 1097 scindimus
522 1039 636 1098 rostris.
667 1039 807 1112 frondere
824 1055 877 1097 aee
893 1038 947 1097 toti
961 1039 1088 1112 puppim
1105 1041 1232 1099 statione

208 1144 308 1185 recuso
331 1132 452 1200 occepta
475 1128 575 1186 tedere
593 1129 694 1187 semel:
716 1130 795 1186 certe
815 1126 888 1203 quid
905 1127 988 1187 ultra
1005 1127 1136 1188 navibus
1155 1148 1232 1206 opus

208 1216 266 1290 est,
295 1217 416 1291 quando
444 1219 540 1276 terras
569 1235 644 1293 quas
673 1217 888 1292 quaerebamus
915 1215 1104 1276 invenimus?
1157 1236 1233 1292 oecos

208 1304 281 1363 totio
300 1310 459 1378 postquam
481 1308 587 1379 effatos
606 1307 756 1364 Tarchon:
779 1324 856 1382 qnae
878 1325 947 1364 cum
966 1305 1102 1365 Tarchon
1123 1307 1271 1371 fuissetis

208 1393 315 1454 effatus
335 1397 365 1453 et
382 1394 458 1453 talia
476 1393 600 1455 dixisset
618 1395 728 1473 quibus
746 1395 828 1454 ultra
845 1394 1018 1472 responderi
1035 1414 1096 1455 non
1118 1400 1233 1474 posset„

145 1484 278 1543 soosoce’e'
310 1501 482 1558 wosoroerc
512 1485 604 1543 boae
635 1486 855 1558 amantisque
886 1489 965 1543 rates
1001 1485 1083 1543 crois
1117 1486 1233 1559 inferre

207 1572 342 1632 Latinis:
369 1572 543 1633 nitebantur
569 1573 659 1632 remis
687 1572 773 1648 socii,
800 1575 835 1632 ut
858 1573 1007 1633 contrario
1030 1592 1113 1633 more
1137 1594 1232 1637 naves

206 1681 267 1720 non
289 1663 322 1720 in
344 1662 468 1738 fluctus,
491 1662 543 1722 sed
564 1663 596 1721 in
615 1664 728 1722 terram
747 1665 909 1740 surgerent.
943 1663 975 1720 in
993 1663 1049 1722 hoc
1067 1663 1151 1724 facto
1170 1683 1233 1724 non

206 1751 352 1826 stultitia,
382 1751 434 1811 sed
465 1751 591 1812 ultionis
622 1751 820 1829 reportandae
853 1750 1001 1828 cupiditas
1034 1752 1232 1829 probabatur.
1249 1772 1272 1815 ιι

206 1840 318 1916 quippe
348 1843 507 1900 consecuta
529 1842 656 1901 victoria
685 1844 784 1901 totum
814 1842 895 1917 quod
922 1860 976 1917 pro
1005 1860 1040 1900 ea
1067 1841 1232 1904 videbatur

206 1929 307 1988 amitti
328 1931 429 2006 potuit
450 1931 598 2006 reparari,
621 1931 646 1990 si
669 1933 748 1990 esset
770 1925 977 1989 necessarium.
1019 1930 1109 1990 donec
1130 1937 1233 1994 rostro

206 2022 301 2077 teneat
322 2020 431 2079 siccam
454 2024 480 2079 ct
501 2020 600 2079 sedere
622 2021 744 2081 coriaco
766 2037 865 2079 omnes
887 2021 1045 2079 ioowmoe:
1072 2019 1134 2079 iam
1163 2042 1232 2100 per·

205 2110 350 2168 venerant
371 2109 404 2168 in
427 2108 538 2168 siccum
559 2112 657 2169 rostra
681 2112 711 2169 et
735 2110 815 2185 quod
838 2110 938 2168 fuerat
955 2110 1142 2184 insperatum
1161 2132 1231 2188 pro·

206 2215 274 2273 sper
304 2201 428 2257 eventus
458 2199 616 2273 attulerat,
649 2202 685 2257 ut
719 2218 821 2257 omnes
855 2199 986 2258 inlaesae
1016 2200 1232 2263 consedissent
1248 2221 1273 2264 a

205 2285 287 2362 quod
315 2287 391 2346 dixit
417 2286 576 2363 innocuae,
603 2308 677 2364 non,
706 2287 787 2363 quod
815 2289 899 2364 ipsae
927 2289 1067 2363 cuiquam
1089 2308 1152 2347 non
1176 2311 1232 2352 no·

205 2377 349 2451 cuissent‚
379 2377 467 2451 dixit,
497 2376 548 2436 sed
579 2377 660 2453 quod
689 2377 764 2453 ipsis
793 2378 869 2436 nihil
897 2378 1072 2455 contigisset
1100 2378 1231 2440 adversi

204 2465 256 2524 sed
285 2483 344 2525 oon
365 2468 477 2539 ponpis
507 2471 570 2536 too,
603 2467 753 2526 Tarchon:
783 2484 897 2541 omnes,
927 2466 1039 2542 inquit,
1067 2472 1232 2530 evaserunt

205 2556 328 2631 excepta
355 2574 390 2614 ea
417 2554 450 2613 in
477 2574 537 2631 qua
564 2555 663 2613 fuerat
691 2556 836 2615 Tarchon.
893 2555 1002 2632 incipit
1028 2573 1131 2615 casum
1162 2560 1230 2620 eius

205 2642 384 2703 describere:
407 2662 533 2716 comque
555 2646 668 2715 indicto
691 2646 790 2714 codic,
815 2646 870 2704 hoc
894 2647 940 2704 est
962 2647 1085 2721 inpacta
1112 2645 1230 2724 iniquis
1247 2664 1270 2708 u

204 2732 329 2792 litorum
347 2732 430 2806 locis,
449 2733 534 2793 dorso
553 2734 624 2791 dum
639 2735 746 2808 pendet
763 2735 872 2808 iniquo,
892 2736 1013 2794 dorsum
1032 2734 1109 2793 dixit
1126 2735 1230 2798 locum

205 2821 327 2896 editum,
341 2823 372 2880 in
392 2841 481 2900 quem
500 2825 568 2881 acta
587 2823 806 2898 conscenderat,
820 2823 967 2901 iniquitas
986 2823 1067 2882 dicta
1085 2826 1131 2883 est
1149 2845 1230 2902 quae

204 2911 373 2970 venientem
395 2930 503 2971 navem
526 2931 644 2972 servare
663 2913 711 2972 vel
730 2914 876 2972 sustinere
899 2933 958 2972 non
981 2913 1094 2988 potuit,
1118 2931 1230 2989 anceps

204 3004 366 3060 sustentato
389 3001 454 3070 dio,
479 3020 547 3059 eum
570 3001 622 3060 diu
644 3002 821 3060 nutabunda
843 3022 922 3060 nunc
945 3004 977 3060 iu
997 3020 1090 3060 unam
1108 3007 1229 3078 partem

142 3097 283 3148 305nunc
305 3089 337 3147 in
361 3090 453 3149 aliem
474 3092 645 3168 urgeretur,
668 3092 790 3150 solvitur
809 3094 894 3163 atque
911 3093 991 3149 ciros
1009 3091 1113 3149 mediis
1131 3095 1228 3165 effue-
1246 3113 1269 3155 a

278 3229 394 3278 lnooee
413 3224 456 3279 ed.
530 3225 637 3293 bquod
652 3224 704 3278 VR
721 3225 753 3279 id
789 3225 857 3282 .ed
884 3225 887 3296 i
915 3227 1029 3280 idiotice
1042 3224 1094 3278 VR
1113 3242 1183 3282 corr.
1203 3247 1227 3284 r.

205 3300 220 3348 6
243 3311 321 3349 omen
341 3294 393 3348 VR
414 3312 513 3350 neenec
536 3296 578 3349 cd.
658 3301 673 3348 7
697 3297 752 3351 tole
826 3339 831 3350 .
904 3297 1030 3352 8tetlore
1043 3296 1094 3350 VR
1113 3314 1184 3353 corr.
1203 3317 1227 3356 r.

205 3371 237 3419 12
256 3366 407 3420 woeieVR
425 3368 555 3422 constris
573 3367 616 3421 ed.
677 3373 711 3421 14
729 3369 761 3421 io
779 3374 853 3423 terra
867 3367 919 3421 VR
937 3384 1005 3423 corr.
1026 3367 1069 3422 ed.
1127 3374 1161 3424 18
1180 3388 1229 3426 co-

203 3454 285 3492 renoe
304 3437 363 3492 VR.
395 3439 398 3510 d
428 3445 613 3507 perrenorum
637 3438 680 3493 ed.
754 3444 788 3493 20
810 3440 949 3495 adtulerat
966 3439 1017 3493 VR
1039 3440 1158 3494 adiuvat
1181 3443 1227 3499 ed.

204 3514 237 3562 22
257 3510 431 3579 coritiaoseset
444 3509 503 3563 VR.
563 3515 596 3563 25
615 3510 765 3565 describere
778 3510 830 3565 VR
847 3528 965 3566 narrare
983 3510 1026 3565 ed.
1055 3510 1058 3581 i
1087 3511 1229 3577 infactum

203 3579 254 3633 VR
272 3581 386 3650 inpacto
403 3597 454 3636 nos
474 3581 508 3635 cf.
529 3586 553 3649 7,
569 3586 621 3635 302
639 3583 743 3649 infecto
761 3582 815 3636 edl
832 3584 940 3650 inflicto
959 3582 1028 3636 edF.
1102 3587 1135 3635 27
1161 3592 1229 3642 aeta

197 3651 278 3708 Ved.
299 3658 398 3711 coacto
415 3652 449 3708 R.
476 3652 480 3728 Ι
508 3654 700 3710 conscenderet
714 3653 765 3707 VR
783 3661 840 3710 -ret
858 3653 900 3707 ed.
964 3659 998 3708 30
1015 3660 1160 3722 moeretur
1173 3655 1229 3713 VR

179 3725 353 3798 educeretur
370 3727 416 3786 ed.
448 3729 452 3804 Ι
482 3728 606 3800 effendit
618 3726 672 3782 VR
691 3725 737 3782 ed.
755 3723 1063 3795 apcoitVergXinri.
