2725 4150
532 285 716 343 AENEIDOS
734 286 774 341 XI
1095 289 1162 354 449

142 455 263 532 inipso
286 457 366 516 ballo
389 454 510 513 interire
533 457 660 531 possunt
682 456 713 516 et
735 457 804 530 post
821 454 910 513 finem
932 453 1017 529 belli,
1040 456 1067 516 si
1090 457 1163 515 exti-

142 546 236 605 terint
259 545 369 622 aliqui,
396 563 456 603 non
479 545 578 604 essent
600 542 719 603 evasuri
741 543 931 621 supplicium.
975 545 1021 603 cel
1042 544 1163 605 Ibiamo

142 635 312 694 miserande
341 635 462 693 damus:
495 631 657 695 admodum
687 632 760 692 dicit
789 632 937 692 saevitum
965 632 997 691 in
1025 632 1163 709 Teucros,

143 725 284 798 quoniam
307 722 412 783 Graeci
435 741 489 781 nee
511 721 632 781 Priamo
660 724 857 800 pepercerunt
885 725 916 781 et
941 721 1007 800 regi
1035 723 1065 780 et
1092 722 1163 782 seni.

111 831 123 870 e
141 814 248 890 incipit
266 813 328 872 iam
347 831 519 873 enumerare
536 830 613 889 quae
630 813 805 872 summatim
823 811 993 888 proposuit,
1011 813 1048 871 ut
1066 813 1163 870 osten·

142 903 195 961 dat
219 903 271 980 qui
294 922 372 978 quae
395 900 476 978 passi
502 902 565 961 sint
591 903 621 960 et
648 901 681 960 in
705 901 811 978 quibus
835 901 909 960 locis
937 901 986 961 vel
1013 920 1067 978 per
1089 918 1164 977 quos

141 993 203 1051 illis
227 991 375 1068 supplicia
397 990 512 1049 inflicta
535 990 609 1051 sint:
631 991 687 1049 soit
703 991 784 1050 triste
801 991 959 1049 Mineruae
981 991 1078 1060 dolce,
1103 1004 1226 1069 querco

141 1081 220 1140 Aiax
242 1082 333 1157 periit
351 1083 381 1138 et
398 1081 487 1155 socii,
510 1084 536 1138 et
552 1079 703 1139 &boicae
726 1083 837 1150 cautes,
860 1078 913 1138 ubi
935 1078 1075 1140 similitor
1097 1080 1163 1157 plu·

140 1173 211 1230 rimi
241 1169 400 1247 naufragio
435 1169 544 1228 laniati
576 1171 660 1244 sunt,
691 1168 823 1242 uterque
856 1166 1036 1244 Caphereos,
1068 1188 1163 1246 mone,

97 1278 122 1316 ιο
141 1260 221 1336 apud
241 1279 329 1336 quem
346 1257 525 1318 interierant
543 1257 610 1335 ulii3
627 1259 758 1317 ultorem
777 1257 853 1317 dixit
871 1255 1070 1334 Caphereum,
1089 1277 1162 1335 quo·

140 1349 222 1407 niam
250 1352 314 1408 tam
344 1367 483 1425 asperum
509 1349 582 1408 litus
605 1347 799 1424 pereuntibus
828 1346 980 1425 praebuit,
1006 1351 1042 1407 ut
1068 1349 1163 1407 veluti

140 1439 212 1497 irati
242 1438 342 1498 animo
377 1440 499 1497 cunctos
529 1436 766 1514 pessumdedisse
798 1438 944 1497 videatur.
989 1436 1098 1495 militia
1128 1454 1161 1496 eo

140 1528 206 1594 illa,
237 1527 268 1586 id
298 1529 343 1586 est
369 1529 531 1604 postquam
558 1526 594 1586 de
621 1526 713 1586 Troia
736 1526 904 1586 abscessum
928 1527 986 1600 est,
1015 1525 1163 1586 diverswm

141 1617 180 1674 ad
199 1617 267 1675 litiis
286 1617 393 1686 edocti,
413 1618 486 1693 quia
504 1615 614 1675 dicitur
630 1634 692 1674 non
709 1615 792 1677 venit
811 1635 871 1692 quo
885 1615 960 1690 vult,
978 1614 1031 1674 sed
1049 1633 1083 1674 eo
1103 1633 1163 1690 quo

95 1722 121 1761 15
139 1705 301 1765 necessitas
328 1705 396 1782 ipsa
424 1705 600 1782 conpulerit.
646 1705 720 1781 quid
746 1724 816 1765 varo
845 1706 886 1767 sit
913 1704 1064 1767 diversum
1090 1703 1163 1764 litus

139 1796 203 1869 ipse
232 1794 431 1854 enumerando
460 1795 595 1871 erponit3
621 1813 694 1854 uam
720 1797 766 1857 est
794 1795 883 1873 longe
914 1794 951 1853 ab
980 1794 1075 1854 altero
1104 1792 1162 1854 dis·

139 1886 289 1959 paratum.
330 1883 458 1961 denique
481 1883 614 1953 Atrides,
636 1883 751 1961 inquit,
773 1884 871 1943 Protei
893 1884 1051 1943 Menelaos
1074 1884 1163 1943 odos-

140 1991 193 2044 qee
212 1975 363 2032 columnas
382 1973 488 2042 molet,
507 1970 653 2032 Aetnaeos
670 1972 745 2031 vidit
764 1969 906 2047 Cyclopas
929 1973 1038 2033 Ulixes,
1070 1991 1163 2048 regne

138 2063 318 2136 Neoptolemi
351 2063 479 2136 referum
515 2080 668 2135 versosque
698 2063 819 2136 pereatis
847 2061 983 2123 Idomeni
1014 2063 1162 2139 Libycone
1172 2079 1224 2129 265

94 2169 120 2207 20
138 2153 299 2211 dubitantis
318 2154 399 2211 litore
417 2152 548 2212 Locroe?
577 2151 631 2212 isti
644 2170 745 2211 omues
759 2170 820 2211 non
834 2153 905 2228 soli,
924 2153 976 2212 sed
990 2172 1061 2213 eum
1072 2154 1161 2214 sociis

139 2243 201 2300 suis
225 2243 299 2301 haec
321 2240 454 2318 perpessi
477 2244 555 2301 sunt.
584 2242 647 2314 ipse
664 2242 846 2316 Mycenaeus
867 2259 1042 2315 magnorum
1060 2242 1163 2301 decer

138 2328 299 2390 Aedioem:
336 2330 460 2391 dicendo
487 2331 552 2407 ipse
580 2349 739 2408 personam
764 2330 891 2408 potioris
919 2330 1017 2389 voluit
1043 2331 1161 2389 demon·

138 2423 242 2479 strare.
288 2422 368 2496 quod
390 2440 427 2478 ne
451 2438 511 2479 non
533 2420 771 2498 intellegeretur,
799 2419 978 2496 Mycenaeus
1005 2419 1105 2495 inquit
1132 2422 1162 2479 et

138 2529 317 2587 magnorum
336 2509 442 2569 ductor
455 2508 612 2585 Achivum,
630 2510 698 2569 ideo
712 2528 900 2587 magnorum,
915 2509 988 2585 quia
1003 2508 1162 2568 accedebat

92 2615 119 2653 re
139 2599 176 2657 ad
200 2599 319 2657 laudem
347 2598 431 2657 ducis
461 2618 564 2658 eorum
591 2600 731 2658 meritum
755 2616 830 2675 quos
852 2597 984 2677 regebat.
1030 2598 1161 2672 coniugis

137 2688 282 2759 infandae
296 2689 398 2760 primo
415 2689 492 2747 inter
510 2688 614 2747 iimina
628 2689 731 2747 dextra
745 2688 874 2762 oppetiit,
895 2688 1036 2746 devictam
1053 2686 1162 2746 Asiusm

132 2778 265 2849 possedit
282 2777 411 2838 adulter:
433 2776 647 2855 indignitatem
672 2780 703 2836 et
721 2776 915 2836 acerbitatem
932 2796 1033 2835 rerum
1055 2776 1160 2836 multis

137 2866 234 2925 modis
265 2865 408 2941 ostendit,
440 2870 475 2925 ut
501 2865 552 2925 illa
579 2868 627 2927 vir
655 2867 739 2925 ortus
766 2885 802 2925 ex
829 2866 903 2925 urbe
929 2865 1036 2925 inclita
1063 2866 1161 2942 Myca-

209 3041 224 3088 2
244 3036 334 3104 aliqui
350 3052 408 3090 non
421 3034 448 3089 V
465 3037 539 3091 nelli
556 3036 592 3091 ed
656 3040 672 3089 3
691 3052 791 3091 monus
804 3035 831 3090 V
845 3036 897 3103 ed,
913 3036 962 3090 sed
976 3034 1046 3089 Don.
1062 3036 1161 3090 damus

136 3106 239 3175 legisse
265 3124 329 3160 cum
353 3107 464 3177 PVerg.
489 3108 604 3176 interpr.
630 3107 722 3166 docet.
794 3114 811 3161 4
833 3109 964 3177 quodiam
982 3106 1008 3160 V
1031 3124 1093 3161 eum
1116 3107 1159 3161 ad.

138 3184 152 3230 6
172 3185 237 3232 scot
250 3178 277 3231 V
291 3179 334 3231 ed.
353 3181 410 3233 sint
428 3196 492 3246 uos,
512 3180 579 3248 quic
596 3180 654 3234 sint
671 3178 805 3248 sequitur.
866 3184 882 3232 8
899 3181 973 3248 perit
986 3177 1013 3232 V
1031 3195 1099 3233 corr.
1116 3178 1159 3233 ed.

137 3255 152 3301 9
168 3252 334 3318 ultorque-
346 3255 379 3304 10
393 3251 446 3305 olii
459 3267 544 3319 supra
556 3252 622 3319 post
635 3251 706 3305 socii
719 3249 806 3305 habet
814 3250 840 3304 V
853 3251 1028 3320 transposui:
1043 3267 1159 3305 mees-

136 3322 189 3374 alii
208 3338 261 3374 om.
279 3321 322 3375 ed.
397 3326 431 3375 10
454 3322 595 3389 eafareuor
621 3322 661 3393 (in
683 3322 816 3377 lemmate
839 3324 971 3390 referees)
990 3321 1024 3376 V.
1055 3321 1058 3394 l
1093 3339 1160 3391 quo·

135 3394 213 3445 oium
236 3391 262 3445 V
289 3410 350 3446 ciem
378 3393 421 3450 ed.
505 3399 538 3448 13
566 3394 713 3450 dseeeeaem
741 3394 783 3449 ed.
867 3400 901 3447 16
927 3400 1087 3463 separatum
1115 3393 1158 3447 ed.

136 3469 169 3515 17
190 3464 305 3531 dedique
324 3465 353 3518 et
370 3466 462 3534 inquit
480 3481 532 3519 om.
554 3465 597 3520 ed.
671 3470 705 3519 18
728 3466 824 3521 exulat
846 3465 889 3519 ed.
969 3471 1001 3519 19
1020 3466 1160 3521 Idomenei

136 3536 179 3588 ed.
209 3535 211 3604 l
242 3536 379 3605 Lybieooe
403 3536 446 3594 ed.
526 3543 559 3591 22
583 3538 697 3593 dicende
710 3536 736 3590 V
754 3538 805 3592 -do
825 3537 870 3591 ed.
890 3537 1012 3592 diceudo
1033 3538 1098 3601 'apsa
1116 3550 1178 3583 nea

136 3606 171 3660 of.
192 3612 217 3670 7,
233 3611 293 3661 ⁵183.
349 3612 382 3661 23
401 3626 435 3664 oe
453 3624 506 3664 om.
523 3609 565 3664 ed.
592 3608 597 3684 l
624 3608 838 3683 intellegeturV
864 3625 941 3663 corr.
959 3607 1009 3659 eu.
1067 3606 1115 3652 uu
1131 3599 1200 3647 oec-

132 3685 177 3730 1ον
196 3678 224 3730 V,
299 3684 334 3732 26
352 3681 425 3736 mter
440 3680 467 3737 V
484 3684 563 3741 intro
585 3683 631 3742 ed.
710 3690 745 3741 ‘lt
771 3682 904 3741 subsedit
923 3680 975 3733 ed.

171 3784 231 3824 Dori.
240 3786 339 3838 interpr.
350 3791 419 3843 virg.
436 3796 483 3837 vol.
494 3798 531 3840 H.
1025 3782 1067 3829 Ἦ
