2725 4150
534 324 718 381 AENEIDOS
736 324 776 379 XI
1098 329 1162 396 481

146 496 301 573 praecipui
320 498 406 555 erant
424 495 476 571 qui
492 496 665 553 meruerant
682 493 783 572 deligi
812 494 886 553 haec
903 491 1165 571 falsa'adsorobuc

147 586 200 645 sed
221 585 268 643 his
292 585 429 643 adiunxit
451 585 621 657 veritatem,
643 586 680 642 ut
701 585 801 643 totum
819 583 970 643 videretur
992 602 1058 644 esse
1074 583 1165 644 credi·

146 675 219 733 bile:
239 678 280 732 est
297 677 324 732 et
342 673 510 732 Volscorum
528 673 643 747 eorem
659 671 696 731 de
711 676 794 747 pente
808 670 936 732 Camillo
954 690 1059 748 symea
1077 690 1166 747 opens

147 765 274 837 equitem
297 766 323 821 et
339 762 469 833 floreatis
487 778 554 821 uere
572 765 713 821 eatuvaa
749 780 815 821 ecce
833 761 965 838 positum
986 765 1032 822 est
1049 780 1166 839 nomeu,

116 854 218 928 squia
240 851 398 912 constabat
420 849 579 910 Camillam
605 850 721 911 venisse
748 869 816 910 cum
842 853 986 911 exercitu:
1013 852 1166 927 habemus,
1236 880 1243 888 ·

145 942 260 1019 inquit,
283 940 395 1000 auxilio
418 939 510 1000 etiam
533 938 700 999 Camillam.
734 939 808 1005 heac
831 943 937 1017 utpote
959 941 1071 1000 femina
1094 942 1166 1017 quia

145 1032 235 1108 plena
261 1030 349 1090 laude
377 1029 523 1107 praeferri
549 1047 610 1088 non
636 1028 750 1106 potuit,
780 1029 914 1107 adplicat
943 1033 974 1090 et
1002 1050 1058 1107 per
1087 1050 1165 1107 quae

145 1124 247 1196 posset
267 1121 331 1179 iure
359 1119 525 1196 meritoque
551 1117 683 1177 laudari:
712 1116 903 1195 Volscorum,
929 1118 986 1195 ait,
1013 1121 1049 1180 de
1077 1123 1165 1198 gente

145 1212 203 1285 est,
234 1211 322 1286 quasi
350 1207 431 1285 apud
457 1208 583 1268 Volscos
611 1225 671 1266 nou
701 1209 821 1266 tantum
844 1208 911 1268 ¹riri
939 1228 1044 1269 verum
1072 1211 1165 1270 etiam

100 1316 127 1353 ro
144 1299 273 1358 feminae
295 1299 388 1357 fortes
407 1315 470 1357 esse
488 1296 661 1372 videantur3
684 1289 806 1375 egregia
824 1297 860 1355 de
878 1301 979 1376 gente,
1000 1298 1033 1357 in
1054 1318 1164 1378 magno

145 1389 256 1463 quippe
275 1387 457 1464 populorum
474 1405 597 1445 numero
616 1387 689 1445 sunt
701 1385 839 1445 nonnulli
853 1388 907 1463 qui
925 1390 1039 1447 ceteros
1056 1388 1163 1448 nobili·

143 1480 207 1535 tate
225 1477 429 1553 praeveniant,
447 1494 556 1554 agmen
574 1493 665 1553 agens
684 1474 830 1552 equitum
849 1475 956 1536 crescit
973 1476 1072 1536 laudis
1091 1496 1164 1556 aug·

143 1569 290 1641 mentum,
313 1566 458 1624 meruisse
480 1564 560 1623 enim
578 1564 741 1624 exercitum
758 1564 866 1624 ducere
885 1567 1015 1641 quantae
1034 1568 1081 1625 est
1098 1567 1164 1625 feli·

144 1655 257 1714 citatis!
289 1658 320 1714 et
341 1653 475 1712 florentis
498 1673 565 1713 aere
587 1656 737 1729 catervas,
756 1673 792 1714 na
810 1654 994 1732 ignobilibus
1013 1654 1165 1730 adplicata

98 1743 307 1818 revideretu13
339 1762 394 1802 neo
423 1761 526 1802 eorum
556 1744 712 1819 quantitas
742 1742 896 1819 definitur,
928 1747 965 1803 ut
994 1745 1164 1805 aestimatio

143 1831 250 1890 incerti
263 1833 380 1891 numeri
393 1831 483 1891 fidem
498 1832 634 1893 scutatis
653 1834 795 1893 excedens
809 1832 893 1893 ducis
906 1833 1050 1893 meritum
1062 1852 1163 1893 cumu-

143 1922 229 1980 laret.
260 1921 350 1997 plena
367 1920 545 1981 Volscorum
562 1921 759 1998 praedicatio:
781 1922 885 1998 multi,
907 1921 1020 2000 inquit,
1043 1923 1165 1983 fuerunt

142 2012 283 2070 instructi
311 2010 395 2089 equis
422 2012 453 2069 et
474 2011 568 2071 fortes
596 2014 687 2088 atque
715 2012 806 2070 armis
834 2011 983 2090 splendidi
1009 2032 1045 2074 ac
1071 2013 1162 2072 rebil-

142 2104 255 2178 gentes.
288 2100 387 2178 qualis
405 2099 460 2160 illa
477 2120 551 2179 gaus
568 2101 641 2175 fuit,
665 2119 757 2178 quam
774 2101 862 2162 fortis
880 2102 914 2161 in
930 2103 1018 2178 viris,
1042 2104 1162 2180 quando

94 2209 124 2247 ao
142 2190 270 2249 feminae
298 2191 434 2267 ipsorum
455 2194 487 2250 et
507 2190 552 2249 ire
575 2191 614 2249 ad
636 2190 748 2249 bellum
776 2210 836 2250 non
864 2190 1002 2251 dubitant
1025 2195 1056 2251 et
1077 2212 1162 2271 prae-

141 2280 284 2338 ficiuntur
313 2280 450 2339 armatis!
483 2279 586 2353 qecodse'
611 2297 657 2338 me
686 2280 781 2339 sobora
808 2280 915 2339 Teucri
941 2282 974 2339 e'u
1002 2284 1163 2342 certosmtua

135 2369 366 2442 poscentesque
379 2369 477 2442 placet
493 2372 663 2441 tectamque
681 2370 765 2428 bouis
783 2370 983 2429 communibus
996 2372 1084 2440 obsto,
1102 2382 1224 2431 uentae

141 2458 214 2516 odeo
231 2458 287 2516 bos
305 2475 393 2518 exosa
409 2476 519 2517 manus
536 2459 659 2517 ouem
675 2459 760 2533 sapit,
783 2461 817 2517 at
834 2462 919 2518 toseto
936 2460 1090 2533 quiequam
1103 2477 1162 2533 pro

140 2564 191 2619 spe
205 2551 344 2621 temptare
356 2564 501 2607 recusem:
517 2565 677 2607 consensus
691 2548 748 2607 iste
765 2566 825 2606 non
839 2567 875 2607 ex
887 2547 1044 2609 uoluntate
1059 2549 1162 2625 Turni,

93 2655 122 2694 as
140 2637 193 2695 sed
216 2656 251 2695 ex
273 2636 449 2696 necessitate
478 2636 632 2711 veniebat3
660 2656 731 2695 nam
760 2636 853 2697 verba
882 2638 947 2696 eius
977 2637 1020 2697 sio
1042 2638 1162 2715 prolata

139 2728 223 2800 sunt,
246 2729 283 2785 ut
304 2726 456 2785 nolentem
477 2725 578 2800 potius
597 2726 844 2785 demonstrarent.
881 2726 920 2801 si,
942 2726 1057 2803 inquit,
1081 2727 1161 2787 solus

139 2818 227 2890 petor
258 2815 312 2890 qui
341 2815 460 2873 Aeneae
491 2814 668 2892 congrediar
699 2819 730 2875 ot
760 2816 817 2875 hoc
848 2817 966 2892 putatis
998 2815 1160 2876 conducere

139 2904 301 2963 commodis
331 2903 451 2978 restris,
480 2905 515 2963 nt
544 2923 580 2963 ex
612 2904 703 2963 unius
730 2904 854 2964 fortuna
886 2905 1017 2982 pendeat
1043 2906 1160 2966 utilitas

139 2998 248 3067 vestra,
262 2995 292 3051 et
311 3012 366 3072 ego
383 2991 504 3069 inpedio
519 2994 600 3070 quod
613 2993 753 3069 prodesse
767 2993 904 3055 omnibus
915 2996 1024 3071 potest,
1039 2995 1161 3071 cupiens

92 3083 224 3143 scrobis
242 3101 297 3157 pro
315 3083 472 3143 voluntate
485 3084 586 3143 vestra
604 3100 667 3143 esse
685 3082 856 3142 consultum
874 3083 1078 3144 condicionem
1092 3104 1159 3161 pro·

138 3174 270 3248 positam
292 3191 353 3230 non
375 3190 488 3231 recuso,
533 3190 570 3230 ne
593 3175 696 3231 autern
719 3172 756 3231 de
783 3191 815 3232 se
838 3172 972 3233 diffidere
999 3172 1160 3249 rideretur,

139 3262 184 3319 ait
206 3280 266 3320 non
289 3261 363 3321 adeo
385 3280 434 3320 me
458 3259 588 3320 deseruit
611 3261 734 3321 fortuna
756 3262 939 3338 prosperior,
969 3265 1005 3320 ut
1026 3282 1159 3323 recusem

212 3437 326 3485 leram
343 3446 396 3484 om.
412 3430 455 3485 ed.
512 3431 594 3500 dilipe'
607 3429 641 3485 V.
706 3432 896 3501 tuulsyorum
915 3432 999 3499 (infra
1015 3433 1110 3502 vulso.)
1125 3432 1158 3487 V.

138 3508 155 3556 5
173 3503 345 3557 babemus-
360 3508 377 3556 6
396 3503 476 3558 Gemi
487 3502 543 3556 lom
562 3518 615 3555 om.
632 3500 676 3556 ed.
749 3507 765 3556 7
780 3503 903 3572 preferre
916 3502 942 3556 V
956 3505 1097 3573 praeferri
1114 3504 1157 3559 ed.

137 3576 210 3641 post.
266 3572 490 3642 ouievitque
507 3573 551 3627 ed.
607 3578 640 3626 15
658 3573 826 3629 uideutueV
843 3591 911 3629 corr.
927 3574 970 3628 ed.
1027 3580 1061 3629 18
1079 3593 1158 3631 arma

138 3644 330 3713 splendidiaV
344 3660 412 3699 corr.
428 3644 498 3699 edF.
562 3648 595 3698 le
613 3643 700 3699 illeV
714 3662 783 3699 corr.
798 3646 842 3701 ed.
871 3646 874 3718 l
903 3647 985 3713 sortis
1002 3648 1034 3702 iu
1051 3647 1158 3703 uiriaV

137 3717 221 3783 sortes
238 3718 293 3770 oiri
312 3716 355 3770 ed.
428 3721 461 3769 27
481 3733 543 3771 oum
556 3717 653 3772 Aeaeo
670 3716 714 3771 ed.

192 3825 250 3864 Don.
259 3824 352 3872 interpr.
363 3824 429 3875 Verg.
444 3824 489 3865 vol
498 3824 530 3866 H.
983 3830 1025 3879 Ἃ
