2725 4150
185 305 250 372 618
468 300 609 357 oculu
626 299 921 356 musaravnac.

183 472 307 549 propria
324 470 508 547 professione
526 469 722 549 signaverint.
753 470 784 528 in
803 474 941 546 campum
959 468 1123 548 redigenda
1141 470 1211 528 uni·

183 578 287 621 versae
310 559 392 620 urbis
415 559 583 637 amplitudo
603 562 634 619 et
651 559 789 619 inimicae
807 557 899 618 facies
920 558 1023 618 ardere
1041 558 1131 618 debet
1155 563 1213 619 aut

184 649 302 725 cadere,
332 649 359 709 si
381 651 548 727 superiores
575 666 634 707 non
663 649 843 727 agnoverint
865 648 993 708 Teucros
1017 650 1071 707 aut
1093 648 1130 709 de
1154 667 1212 709 sna

122 750 174 800 ⁶70
184 738 356 799 condicione
383 738 473 799 lateri
501 738 664 797 noluerint.
700 738 808 797 seilicet
836 742 990 811 especiem,
1019 737 1108 797 libeat
1137 738 1212 798 dura

177 830 294 903 proelia
314 829 416 887 Turno
433 832 536 887 costra
548 829 617 902 pcte'
633 844 796 901 rursusque
817 827 886 885 colit
907 844 1077 886 cocwrrere
1094 828 1211 888 ciuus?
1243 847 1254 888 s

184 938 223 978 au
250 937 306 997 ego
336 935 396 976 non
422 917 598 994 provideam
627 916 791 976 commodis
818 915 943 991 nostris,
972 916 1066 975 donec
1089 916 1211 976 tumus

182 1027 317 1087 pugnare
331 1007 407 1066 velit
420 1009 476 1067 aut
488 1005 586 1065 nolit?
608 1006 634 1065 si
649 1024 740 1084 cogor
753 1004 889 1083 superati
901 1005 1031 1064 hominis
1047 1004 1211 1066 arbitrium

183 1097 280 1173 sequi,
311 1115 364 1156 cur
386 1114 446 1155 non
472 1094 533 1172 ipsi
560 1095 693 1155 sentiant
719 1096 783 1155 vim
808 1094 1035 1172 potentiamque
1063 1094 1210 1156 victoris?

182 1187 235 1245 hoc
256 1189 356 1259 caput,
384 1186 512 1254 ociose,
541 1185 612 1243 boec
634 1185 702 1243 belli
728 1202 846 1243 sermm
872 1184 1011 1257 nefandi:
1039 1184 1211 1245 feriendum

183 1276 229 1335 est
241 1274 390 1333 maloram
403 1277 574 1333 nostrorum
595 1276 700 1350 caput,
717 1274 837 1351 reliqua
854 1275 924 1350 post
942 1272 1006 1332 eius
1025 1274 1211 1351 supplicium
1230 1293 1255 1332 ro

182 1382 285 1441 parem
302 1365 468 1423 sortientur
479 1363 650 1438 interitum3
667 1364 801 1423 radenda
814 1367 861 1423 est
873 1361 983 1421 nefarii
995 1362 1068 1421 belli
1081 1382 1212 1439 summa,

181 1456 218 1513 ut
240 1454 433 1529 conquiescat
450 1454 569 1530 penitus
588 1454 669 1528 quod
692 1473 728 1512 ex
749 1454 819 1530 ipsa
839 1473 893 1530 per
915 1452 1010 1512 scelus
1033 1454 1163 1531 emergit
1180 1456 1212 1513 et

180 1543 322 1622 pullulat.
361 1543 435 1615 ferte
462 1544 545 1616 foces
562 1559 689 1617 propere
713 1542 873 1616 foedasque
898 1542 1038 1616 reposcite
1063 1544 1211 1614 flammis:

183 1652 243 1710 qua
265 1632 414 1691 brevitate
436 1630 536 1708 coepit
558 1633 626 1709 ipsa
649 1632 809 1692 conclusit:
831 1632 950 1705 urbem,
973 1630 1087 1708 inquit,
1109 1632 1211 1709 hodie,

182 1740 304 1782 causam
326 1721 410 1780 belli:
441 1720 516 1798 quid
542 1722 634 1782 vellet
661 1721 759 1781 delere
788 1723 819 1781 et
846 1721 966 1798 quando
994 1723 1026 1780 et
1054 1740 1147 1798 quam
1171 1722 1210 1782 ob
1229 1738 1254 1780 rs

182 1830 303 1871 causam
321 1811 354 1869 id
371 1812 470 1870 facere
489 1810 661 1889 disponeret
677 1810 809 1870 breviter
827 1811 916 1886 dixit,
934 1810 982 1870 hic
1001 1814 1104 1871 autem
1122 1812 1211 1871 docet

183 1899 330 1978 quomodo
353 1901 410 1959 hoc
432 1899 532 1975 ipsum
555 1903 658 1977 posset
686 1900 809 1978 inpleri,
840 1919 908 1959 cum
930 1900 1005 1959 dicit
1026 1900 1103 1960 ferte
1126 1900 1210 1961 faces

181 2008 315 2067 propere,
330 1992 365 2049 ut
377 1989 593 2049 incendendam
608 1992 727 2065 scirent,
740 1988 905 2066 foedusque
914 1990 1061 2066 reposcite
1069 1990 1209 2065 fiammis,

181 2082 216 2138 ut
238 2082 434 2156 procurarent
456 2099 560 2156 pacem
582 2080 735 2156 incendia,
763 2099 854 2158 quarn
877 2079 963 2140 dolus
987 2083 1019 2140 et
1040 2081 1209 2141 humanum

181 2168 559 2246 perturbarat'inventum.
601 2170 729 2240 diruat,
758 2176 843 2245 atque
873 2170 983 2229 cnemis
1007 2170 1125 2244 paster
1147 2188 1208 2229 cer·
1227 2187 1254 2226 so

181 2259 323 2328 tontibus,
347 2278 490 2337 magnam
512 2260 592 2318 enim
614 2260 707 2319 habet
728 2259 792 2320 vim
814 2261 894 2335 quod
916 2258 984 2337 pari
1006 2277 1153 2320 consensu
1177 2261 1209 2318 et

119 2354 171 2404 5⁵1⁶
180 2347 363 2407 unanimiter
394 2349 523 2425 geritur,
555 2365 655 2407 omnes
685 2349 758 2408 doct
787 2367 919 2408 cescum.
964 2349 1124 2408 suffecerat
1150 2349 1207 2409 hoc

181 2437 308 2512 dictum,
336 2436 453 2497 addidit
480 2440 572 2513 atque
600 2437 709 2496 animis
732 2438 844 2515 pariter
867 2437 1059 2498 certantibus.
1106 2439 1206 2514 atque,

181 2530 215 2586 ut
234 2527 314 2604 quod
333 2525 450 2585 dixerat
467 2528 605 2602 satiaret,
629 2529 769 2587 conexuit
791 2528 937 2602 densaque
956 2527 996 2585 ad
1013 2543 1115 2586 muros
1130 2526 1206 2584 mole

180 2617 332 2689 fucatur:
350 2634 415 2675 ecce
430 2619 578 2691 quantum
591 2617 690 2677 valuit
701 2617 833 2676 iubentis
849 2617 1025 2675 auctoritas!
1049 2619 1080 2675 et
1092 2614 1207 2674 fiebant
1225 2632 1253 2673 ss

181 2706 262 2764 iussa
285 2723 430 2764 consensu
458 2706 591 2764 omnium
620 2708 650 2765 et
672 2707 808 2766 celeriter
830 2707 1020 2785 gerebantur.
1056 2706 1207 2779 feruntur,

180 2793 292 2871 inquit,
315 2797 351 2854 ut
369 2795 590 2854 ultramodum
608 2799 817 2873 properantes,
840 2814 915 2872 quos
934 2794 1109 2873 exagitabat
1126 2793 1208 2854 tanti

180 2884 259 2961 regis
282 2886 475 2961 praeceptum
498 2887 529 2943 et
551 2884 669 2944 utilitas
693 2904 756 2944 sua.
788 2886 886 2944 scolae
907 2885 1056 2958 inproviso
1077 2885 1207 2944 meditus·

180 2989 234 3046 que
257 2974 512 3047 appareretque:
536 2975 688 3050 quaesitas
711 2975 807 3035 scalas
831 2977 862 3033 et
884 2973 1025 3033 advectas
1043 2972 1207 3051 ignemque

181 3061 317 3120 adlatum
335 3080 395 3120 non
414 3061 491 3121 dixit
508 3065 609 3123 studio
623 3064 803 3125 breviandae
817 3064 1013 3137 narrationis;
1031 3061 1106 3139 quid
1125 3063 1207 3121 enirn
1225 3079 1252 3118 eo

179 3153 305 3226 poneret
318 3151 398 3226 quod
417 3172 453 3211 ex
467 3154 719 3230 consequentibus
737 3155 932 3231 procuratum
945 3153 1048 3230 posset
1065 3151 1206 3211 ostendi?

180 3259 250 3318 ergo
283 3240 407 3318 agendis
438 3241 528 3302 rebus
558 3261 669 3322 magna
701 3246 747 3304 est
780 3242 915 3302 celeritas
946 3241 1096 3301 adhibita:
1133 3261 1207 3300 nam

252 3417 268 3465 5
293 3413 373 3466 vietis
393 3410 427 3465 V.
502 3417 535 3466 13
561 3419 587 3468 et
608 3413 758 3483 foedusque
777 3412 810 3467 V.
885 3418 918 3466 15
941 3412 1010 3481 quid
1032 3411 1111 3466 vellet
1129 3411 1155 3465 V
1177 3429 1206 3467 se

179 3484 245 3537 celle
273 3483 316 3536 ed.
394 3488 428 3537 20
451 3491 621 3553 procurarat
642 3483 668 3537 V
695 3486 824 3540 turbarat
851 3484 913 3538 edF
936 3484 1118 3553 pertertarat
1144 3499 1204 3537 noe.

168 3559 206 3609 22
222 3557 335 3630 regetur
350 3553 377 3612 V
391 3557 500 3631 periure
518 3555 589 3613 edF.
662 3560 696 3609 23
716 3555 1014 3627 atoue-certantibus
1032 3571 1086 3609 om.
1106 3554 1205 3610 demo·

175 3631 415 3702 tce-femmae
444 3650 498 3708 pro
529 3631 668 3690 lemmate
696 3627 845 3684 substituit
869 3626 925 3691 ab.
947 3625 1024 3692 enen
1049 3625 1126 3680 infra
1151 3641 1204 3695 pro

159 3708 295 3764 ommate
317 3727 373 3767 scr.
394 3708 431 3768 V.
