2725 4150
565 311 749 368 AENEIDOS
767 312 793 366 X
1123 315 1189 381 379

171 499 216 540 me
235 479 404 541 malueritis
423 484 528 541 contre
547 471 615 542 mec
632 485 705 543 vota
726 500 856 558 servare,
879 481 949 541 dete
968 480 1066 560 Syrtis
1085 499 1189 542 saevas

171 573 201 629 et
223 567 362 645 Syrtium
383 569 471 631 vada.
506 571 571 631 illio
588 572 708 632 behem
725 571 876 631 infelicem
893 572 988 631 vitam
1006 588 1068 648 quo
1085 571 1189 630 nullus

170 660 256 736 sequi
277 659 381 719 voleat
403 662 435 719 et
456 658 535 720 unde
557 662 660 738 opinio
682 660 812 721 nominis
835 661 894 721 mei
922 661 961 721 sd
983 656 1065 720 meos
1093 661 1189 720 omnis

169 749 271 808 venire
295 767 355 808 non
378 748 481 826 possit.
527 749 598 810 bueo
619 767 786 810 menorans
809 751 908 810 animo
931 767 1011 809 ncnc
1032 749 1089 808 buo
1110 762 1251 811 concess

142 839 293 910 studeat
313 837 397 907 ittae,
425 856 467 909 on
494 855 556 898 sese
576 856 715 900 mucrone
741 840 776 899 ob
804 842 919 899 tantam
942 839 1190 898 dedcorcsornens

168 927 277 986 inderet
305 931 333 987 et
360 927 484 986 eudon
510 943 568 1001 per
596 932 691 988 costos
721 930 817 1004 micat
846 945 955 996 ensem,
985 928 1122 1000 ttuetdos
1149 946 1190 987 aa

168 1016 261 1076 iactat
294 1015 400 1076 mediis
436 1021 462 1076 et
493 1016 580 1077 litora
611 1017 712 1077 modo
748 1035 840 1077 curvo
872 1021 954 1090 petat
990 1018 1190 1092 Teuorwnqae

167 1106 276 1164 mura
297 1121 329 1164 se
350 1105 455 1165 reddat
476 1106 509 1165 in
536 1123 637 1166 cmc:
666 1124 735 1166 cum
763 1108 837 1167 hoec
867 1108 967 1166 enimc
997 1107 1131 1167 volveret
1160 1111 1191 1167 et

169 1195 272 1254 animo
300 1193 462 1254 fluctuaret
492 1187 579 1276 (apto
608 1195 700 1256 verbo
729 1214 802 1256 usus
832 1198 878 1255 est
907 1196 1046 1272 fiuctuut3
1077 1197 1191 1258 adlusit

124 1309 150 1348 10
169 1285 259 1358 enim,
278 1282 421 1360 quoniam
439 1285 471 1344 in
490 1284 629 1344 fluctibus
648 1285 716 1360 fuit,
735 1288 771 1344 ut
788 1289 887 1346 mente
906 1303 1025 1362 quoque
1044 1285 1190 1346 fluctuare

168 1373 322 1433 videretur
352 1373 411 1432 buc
443 1376 534 1450 atque
564 1374 637 1433 illuc
666 1376 785 1435 vertens
815 1377 964 1435 tractatus
995 1392 1063 1434 suos
1094 1377 1190 1435 omnis

167 1460 318 1523 instabilis
347 1454 520 1544 strages),
547 1463 654 1540 incipit
681 1463 778 1524 dicere
801 1465 855 1540 qui
878 1464 939 1525 sint
961 1462 1020 1540 ipsi
1042 1466 1189 1525 trscmtns

168 1555 200 1611 et
227 1550 259 1610 in
288 1554 416 1628 quantas
444 1553 507 1612 sint
533 1555 647 1630 species
674 1553 729 1613 sub
756 1555 870 1614 incerto
895 1552 997 1614 divisi:
1026 1552 1190 1628 aliquando

168 1639 250 1700 enim
279 1640 408 1717 perabat
436 1659 499 1701 sese
529 1645 684 1719 percutere
712 1641 813 1721 gladio
841 1645 872 1702 et
901 1643 980 1703 ferro
1011 1641 1191 1701 abolendum

123 1755 149 1795 ιι
168 1729 347 1790 decernebat
369 1729 495 1792 dedecus
518 1748 620 1807 suum,
648 1731 811 1808 aliquando
834 1735 871 1792 ut
892 1731 950 1792 iret
972 1731 1004 1789 in
1026 1730 1137 1790 fluctus
1160 1733 1191 1790 et

167 1818 269 1878 nendo
299 1816 470 1896 perveniret
498 1820 538 1880 ad
567 1820 672 1897 litora,
702 1822 753 1881 sed
782 1822 838 1881 hoc
868 1840 936 1881 cum
959 1819 1050 1880 ermis
1074 1820 1190 1880 efficere

167 1927 230 1968 nou
252 1907 385 1986 velebat3
408 1909 528 1986 quando
548 1909 628 1969 enim
645 1901 751 1970 natare
774 1912 876 1989 posset
898 1914 1046 1986 armatus,
1068 1908 1190 1970 inermis

168 1999 272 2057 autem
295 1997 444 2074 quomodo
467 1997 583 2059 veniret
601 1999 640 2060 ad
662 2003 772 2076 torres,
795 2001 822 2061 si
845 2019 929 2061 arma
951 2001 1076 2060 reiceret
1098 2000 1189 2059 ermis

168 2087 302 2147 hostium
328 2088 418 2165 pleno
447 2089 553 2149 ardore
580 2089 784 2151 ferventibus?
822 2095 864 2151 ter
893 2096 1014 2151 conotus
1036 2094 1251 2165 utramqueosso

122 2202 149 2242 20
167 2178 262 2246 mam,
291 2181 333 2236 ter
355 2178 486 2238 maxima
509 2178 588 2238 Irmo
616 2173 758 2239 continuit
778 2181 967 2254 iuvenemque
989 2178 1084 2240 animi
1105 2182 1190 2239 mise·

133 2314 137 2326 .
167 2270 238 2326 suto
260 2267 412 2340 repressit:
435 2267 573 2343 quotiens
595 2268 693 2328 voluit
716 2268 842 2346 adgredi
860 2270 989 2329 alterum
1012 2269 1048 2328 de
1072 2268 1190 2329 duobus

167 2353 281 2415 totiens
304 2356 380 2416 Iuno
399 2355 519 2418 ardores
540 2358 633 2416 animi
651 2358 799 2418 iuvenalis
818 2360 975 2435 oppressit
1018 2357 1092 2435 quid
1111 2358 1191 2417 enim

168 2444 325 2523 prodesset
346 2444 438 2504 morti
459 2464 523 2506 osse
546 2446 746 2524 subtractum,
774 2448 800 2507 si
823 2466 854 2507 se
877 2446 909 2505 in
932 2447 1009 2505 meri
1031 2446 1191 2524 perimeret

169 2535 224 2594 eut
250 2535 374 2594 necatus
401 2534 433 2594 in
461 2536 569 2614 pelago
596 2537 726 2596 ferretur
753 2536 792 2595 ud
819 2533 950 2597 terram?
989 2536 1099 2595 labitur
1128 2536 1190 2595 otto

122 2640 273 2687 resecans
290 2625 436 2699 tusaque
453 2628 591 2698 seseque
612 2626 738 2685 secundo
757 2630 784 2685 et
798 2626 895 2699 patris
913 2625 1066 2698 antiquam
1083 2625 1191 2684 Docet

168 2714 301 2786 defertur
318 2714 359 2773 acl
376 2714 493 2773 urbem:
515 2733 581 2774 ecce
599 2717 749 2791 quantum
769 2714 870 2792 potuit
886 2714 977 2773 Iuno:
1000 2732 1068 2773 cum
1094 2712 1189 2773 diver-

169 2820 219 2863 sos
245 2804 394 2863 tractatus
422 2805 536 2863 excutit
562 2804 681 2863 Turnus
705 2807 735 2863 et
757 2802 982 2863 deliberationis
1010 2802 1190 2863 sententium

169 2890 366 2952 existentibus
389 2895 480 2970 atque
499 2892 725 2953 occurrentibus
749 2893 907 2952 contrariis
929 2893 1020 2971 figere
1043 2894 1092 2952 vel
1111 2891 1189 2951 ordi-

168 3000 241 3041 nere
264 2999 325 3040 non
347 2980 470 3057 sinitur,
497 2983 584 3043 navis
607 2981 672 3042 sine
696 2984 824 3057 rectore,
852 2982 916 3041 sine
939 2984 1016 3056 arte,
1045 2981 1189 3059 suffragio

122 3091 149 3131 co
168 3073 364 3147 prosperante
391 3070 616 3131 ventorumne
643 3071 800 3148 antiquum
827 3070 931 3129 urbem
960 3070 1098 3131 secundis
1124 3070 1189 3147 lep·

168 3159 251 3221 sibus
288 3159 378 3220 venit.
439 3161 610 3238 conpletum
647 3163 694 3221 est
732 3160 815 3237 quod
846 3159 928 3237 opud
959 3160 1061 3220 lovem
1094 3152 1190 3242 (615)

241 3347 436 3403 hebetantem
455 3346 489 3404 V.
563 3347 783 3403 ttuoeathd.
862 3352 896 3401 10
918 3346 1189 3417 qad=quoaicmV

168 3418 301 3487 quomodo
316 3418 359 3473 ed.
411 3423 444 3472 13
463 3420 647 3487 tetranepos.
662 3419 707 3475 ed.
759 3425 792 3475 16
810 3436 872 3475 oum
890 3436 944 3474 om.
959 3419 1003 3475 ed.
1055 3424 1088 3473 1‘1
1103 3436 1190 3488 quou-

167 3490 204 3545 do
218 3489 244 3542 V
262 3505 319 3545 uon
336 3490 381 3545 ed.
440 3495 475 3546 20
492 3491 567 3546 mam
585 3506 639 3545 om.
653 3489 688 3545 V.
748 3491 993 3546 trimenstres.
1054 3496 1088 3544 24
1106 3507 1190 3561 nepa-

168 3568 214 3617 tus
227 3559 261 3614 V.
317 3566 351 3615 25
370 3567 448 3617 aestu
464 3563 601 3631 {tactuque
619 3562 663 3616 ed.
719 3567 754 3616 28
772 3563 873 3634 tepere
892 3562 935 3617 cd.
996 3567 1029 3616 29
1049 3563 1152 3617 sinitur
1165 3561 1191 3612 u

164 3633 337 3702 mittitur
361 3632 404 3687 ed·
433 3633 440 3704 Ι
471 3632 606 3707 tuffraot'o
627 3633 653 3690 V
678 3633 739 3693 siue
761 3652 785 3692 s.
808 3632 857 3692 ed.
928 3638 968 3690 ‘cb
992 3629 1145 3690 eddom
1177 3627 1220 3680 no,

164 3705 307 3768 amaseam
325 3719 389 3757 corr
415 3704 458 3759 ed.
