2725 4150
561 334 812 391 Ananmosvn
1132 341 1197 408 103

176 504 232 562 hoo
260 505 306 562 est
333 501 386 561 nbi
412 503 489 562 vites
517 507 706 580 superessent
735 505 874 565 florentes
897 503 961 566 vini
987 505 1138 582 ubertate,
1163 507 1198 567 hi

175 591 281 652 rastris
304 593 427 652 vertunt
453 591 556 652 vineta
583 593 719 654 Massica
765 598 792 654 et
817 611 889 668 quos
916 595 952 654 ‹le
979 595 1099 656 collibus
1128 596 1197 657 altis

174 681 314 740 Aummei
341 683 447 740 misere
469 685 574 754 patres
601 682 791 757 Silieiuaque
818 685 903 743 iuria
932 701 1061 757 marera
1092 686 1198 759 quique

177 769 264 830 Gales
287 771 423 843 liuquuut
444 772 598 844 amnisque
614 773 720 832 uadosi
737 773 837 832 aeeela
856 773 1008 843 Vulturni,
1024 775 1197 847 pariterque

144 874 156 912 ⁵
173 859 324 920 Satieulus
340 877 428 934 asper
447 858 642 933 Oscorumque
659 879 783 921 meum:
805 863 859 923 hos
879 863 975 922 omnis
994 863 1197 942 congregabat
1207 874 1259 925 ‘130

174 949 262 1009 favor
280 949 383 1008 Turni.
415 953 516 1008 teretes
532 953 603 1008 suut
620 951 730 1010 aclides
747 951 808 1011 illis
831 952 903 1011 tela:
920 970 981 1012 non
998 953 1108 1012 teretes
1126 954 1197 1013 sunt

173 1040 245 1114 tela,
269 1038 321 1098 sed
342 1039 405 1098 tela
426 1037 488 1099 illis
511 1038 622 1099 aclides
646 1042 717 1100 sunt
734 1042 851 1101 teretes.
884 1041 936 1101 sul
953 1041 1024 1101 leaeo
1042 1042 1116 1102 leuba
1133 1059 1197 1103 uras

174 1132 217 1187 est
239 1132 343 1201 aptare
364 1129 494 1202 flapello:
523 1129 579 1188 hoo
606 1130 687 1188 enim
714 1148 807 1209 genus
835 1131 890 1191 teli
916 1131 1036 1210 flagello
1065 1133 1197 1208 aptetur,

173 1219 209 1276 ut
230 1217 292 1277 iaei
313 1217 410 1293 possit
432 1221 464 1277 et
486 1217 635 1278 destinata
657 1221 820 1294 pereutere.
866 1220 967 1280 laeuas
993 1224 1092 1280 saeta
1116 1222 1197 1296 teuit:

129 1327 155 1365 10
173 1308 276 1366 laevas
299 1307 375 1366 satis
397 1307 475 1385 tegit
497 1309 606 1367 caetra.
651 1309 757 1381 falcati
784 1310 945 1369 comminus
972 1327 1069 1369 auses:
1098 1309 1197 1389 desig·

173 1396 274 1455 nando
304 1414 388 1456 enses
419 1395 551 1456 ostendit
581 1397 710 1458 dexteris
743 1397 881 1458 manibus
913 1398 986 1458 ferri
1013 1417 1067 1458 neo
1094 1401 1197 1460 temen
1249 1452 1252 1459 .

173 1488 284 1559 reatos,
307 1488 429 1545 nimos
453 1488 511 1560 est,
535 1485 588 1544 sed
610 1491 749 1548 anmatos
772 1489 805 1546 in
827 1488 951 1548 modurn
972 1487 1068 1547 taleis.

244 1575 308 1634 Nea
343 1579 375 1633 tu
407 1575 589 1634 carminibus
623 1578 733 1635 uostris
768 1577 897 1636 iudietus
928 1578 1037 1645 abibis,
1076 1574 1197 1637 Oebale:

172 1664 297 1740 pulchre
325 1665 437 1724 transit
466 1663 505 1723 ad
534 1663 623 1724 huius
652 1683 775 1742 nomen3
806 1685 878 1726 nam
905 1665 978 1726 feeit
1005 1666 1093 1743 quasi
1120 1667 1196 1725 alte·

128 1774 154 1814 rs
172 1753 235 1812 rins
275 1753 458 1814 narrationis
500 1756 606 1830 eaput,
651 1773 712 1816 non
755 1758 802 1835 te,
845 1754 959 1833 inquit,
1003 1753 1196 1832 praeterient,

173 1840 297 1917 Oebale,
326 1845 460 1903 earmina
484 1861 561 1902 mea.
606 1861 691 1916 quem
715 1861 871 1919 perarasse
894 1845 1005 1904 illelom
1030 1843 1197 1904 Sebetbrirle

171 1932 302 2006 upmpba
328 1935 438 2005 fertur:
467 1933 510 1992 sio
537 1931 627 1993 hnius
656 1934 802 2012 originem
829 1938 948 2011 amat,
975 1936 1010 1994 ut
1039 1952 1100 1993 non
1129 1952 1196 2012 pro·
1207 1941 1258 1990 ‘135

171 2020 278 2082 batum
310 2021 368 2082 sibi
397 2020 513 2100 aliquid
543 2021 638 2099 dieat,
669 2023 722 2084 sed
752 2025 893 2102 opinione
923 2025 1112 2102 conpertum,
1143 2023 1197 2086 dat

171 2114 274 2170 tamen
295 2114 439 2187 temporis
463 2113 563 2190 signa,
586 2117 622 2171 ut
643 2114 734 2173 fidem
756 2115 851 2175 faeiat
874 2114 996 2175 auditis.
1032 2115 1196 2185 Teleboum,

126 2222 153 2260 ro
170 2200 286 2277 inquit,
311 2199 444 2274 Capreas
466 2219 533 2260 eum
554 2219 647 2276 repua
676 2207 783 2263 terreret
808 2205 871 2263 iam
898 2206 1010 2264 semar:
1040 2212 1107 2263 eum
1135 2205 1196 2263 iarn

171 2289 292 2350 senibus
316 2290 414 2349 senior
435 2294 575 2369 regnaret
597 2291 679 2368 apud
699 2291 843 2369 Capreas,
865 2294 945 2354 hun'e
964 2313 999 2352 ex
1021 2291 1195 2353 Sebethride

170 2380 306 2456 nympha
328 2382 471 2457 suscepit.
510 2382 622 2452 patriis
644 2382 697 2441 sed
718 2400 779 2441 nou
802 2386 829 2441 et
844 2382 927 2454 ultus
945 2384 1027 2441 aruis
1046 2385 1195 2442 couteutus

171 2469 229 2527 late
250 2471 314 2528 iam
336 2473 398 2527 tmu
420 2470 533 2529 dieioue
556 2472 708 2543 premebat
728 2470 895 2531 Sarraetris
920 2472 1044 2544 populos
1071 2474 1098 2528 et
1120 2487 1195 2542 quae

169 2559 249 2632 ripat
276 2575 405 2631 aequare
432 2558 562 2629 Seruus,
593 2561 699 2633 auique
725 2561 843 2633 Rufras
869 2560 1070 2632 Batulumque
1100 2563 1196 2618 meur

125 2665 152 2705 25
171 2651 257 2719 atque
280 2666 357 2707 area
380 2646 546 2718 Celemnae,
570 2652 597 2707 et
619 2666 691 2721 quos
712 2650 868 2721 maliferae
891 2649 1057 2721 despectaret
1078 2648 1256 2707 moeuia‘l40

170 2736 289 2796 Bellae:
320 2734 449 2796 Oebalus
477 2756 545 2797 enm
572 2738 661 2814 parvi
682 2737 827 2815 pendensi
849 2737 930 2815 quod
958 2737 1016 2798 sibi
1038 2736 1195 2797 dimiserat

170 2828 270 2901 pater,
299 2827 398 2886 tenuit
431 2827 504 2886 haee
538 2828 605 2886 loca
639 2830 670 2886 et
704 2847 759 2904 per
790 2847 827 2887 ea
859 2827 1001 2888 dilatavit
1034 2825 1195 2904 imperium

242 3020 257 3068 2
285 3016 378 3069 uiuae
400 3014 427 3069 V
453 3016 595 3070 bumentia
622 3015 665 3070 ed.
753 3021 770 3070 4
797 3016 899 3071 uadosi
921 3015 955 3070 V.
990 3016 993 3089 l
1027 3016 1137 3072 ultumi
1159 3014 1193 3071 V,

171 3092 187 3139 6
209 3087 321 3141 achilles
343 3087 420 3141 bellis
444 3086 475 3139 in
499 3086 615 3155 interpr.
637 3088 755 3159 solades
772 3086 805 3141 V.
880 3093 913 3142 10
931 3089 1000 3155 fatis
1013 3087 1040 3142 V
1056 3089 1125 3143 satis
1143 3103 1193 3141 nos

171 3173 223 3211 om.
244 3157 288 3211 ed.
324 3157 328 3230 l
361 3165 454 3213 caetra
470 3157 495 3211 V
513 3160 585 3212 eruti
601 3175 688 3228 penus
711 3158 776 3212 adri.
796 3159 839 3213 ed.
875 3158 878 3230 l
912 3161 1032 3229 pemiuos
1052 3175 1104 3226 pro
1123 3174 1194 3212 eom-

169 3230 262 3284 miuus
275 3228 309 3283 V.
361 3235 395 3283 13
413 3230 524 3284 babebis
541 3245 593 3297 pro
611 3231 702 3284 abibis
715 3229 748 3285 V.
800 3236 835 3285 14
852 3232 918 3285 uius
931 3229 1069 3285 uomeuV
1087 3231 1193 3283 temere

169 3302 238 3355 mut.
259 3300 303 3354 ed.
368 3306 401 3354 15
416 3300 624 3370 praeterieutV
637 3302 831 3370 praeteribuut
848 3302 892 3356 ed.
961 3307 995 3355 16
1014 3301 1105 3356 tltelou
1121 3300 1193 3354 sebe-

169 3371 304 3426 tlsrirleV
329 3372 365 3426 ef.
386 3377 446 3427 680.
520 3377 554 3425 19
577 3375 706 3441 temporis
729 3375 811 3444 siprm
831 3372 857 3427 V
880 3380 1003 3441 tempora
1025 3372 1070 3427 ed.
1100 3371 1104 3443 l
1139 3371 1194 3425 tela

170 3442 250 3497 boum
268 3442 301 3497 V.
375 3450 410 3499 20
428 3445 520 3513 iuquit
543 3459 597 3497 om.
617 3444 661 3498 ed.
734 3450 767 3499 21
791 3445 902 3500 seusbus
922 3460 975 3498 om.
996 3443 1039 3497 ed.
1071 3442 1074 3515 l
1109 3448 1194 3511 eaput

169 3530 303 3583 capraeae
322 3513 349 3568 V
371 3516 449 3584 apud
471 3516 593 3585 Capreae
615 3532 666 3569 nos
691 3515 922 3585 apaliensi:
948 3514 1060 3569 adiecto
1082 3514 1193 3569 semibus

170 3585 203 3639 D.
223 3588 447 3654 comparativum
465 3587 607 3656 explicare
625 3586 745 3642 videtur.
814 3593 848 3642 22
866 3587 957 3659 patris
969 3585 1007 3641 V.
1073 3591 1112 3639 aa
1130 3586 1201 3641 Son-

169 3663 256 3711 rastee
273 3658 313 3710 ed.
388 3664 423 3712 24
444 3659 543 3727 rufras
565 3661 590 3731 (s
606 3676 699 3733 prope
717 3660 856 3735 evanida}
869 3659 911 3718 V.
931 3659 946 3735 t
972 3651 1215 3724 simiasque*

157 3727 346 3793 Batulumque
362 3729 406 3782 ed.
420 3747 482 3786 nos.
560 3739 595 3789 25
617 3737 782 3795 caelemnae
793 3736 834 3795 V,
