2725 4150
550 313 734 370 AENEIDOS
751 312 777 368 X
1073 307 1074 312 '
1106 316 1172 382 309

156 484 338 544 Imbrasides
363 485 611 556 Hicetaoniusque
639 483 806 559 ityreoetes
833 480 1034 556 Assaracique
1061 482 1118 542 dno
1148 487 1174 542 et

156 575 254 632 senior
287 591 353 632 enm
384 571 503 632 Oasme
533 573 671 648 Umbris,
702 574 804 646 prima
833 573 931 636 ‚aries
970 572 1068 649 qualis
1100 571 1173 632 haee
1184 583 1235 633 125

157 663 234 722 acies
267 663 340 738 fuit,
371 662 470 739 prima
500 661 533 720 in
564 663 661 721 fronte
700 664 877 737 oonsffituta,
914 682 1006 737 quam
1042 662 1174 721 fecerant

157 752 291 811 homines
310 751 454 829 quinque!
486 752 538 810 tos
553 752 688 826 ammoni
704 751 885 826 Sarpedonis
903 752 1000 819 ambo,
1021 754 1048 808 et
1066 747 1174 810 Clarus

126 846 183 899 set
207 841 355 900 Thaemon
381 841 478 915 Lysia
505 841 679 900 comitantur
707 842 744 900 ab
772 841 848 900 alta:
875 839 1097 899 comitabantur
1118 839 1173 899 hos

156 931 222 1005 isti,
245 931 297 989 sed
315 930 493 1006 posteriores
512 928 707 1008 intellegendi
725 933 804 990 sunt.
837 929 944 1005 quanti
962 932 1063 988 tamen
1081 930 1174 988 etiam

156 1019 209 1078 isti
230 1019 345 1078 fuerint
366 1019 535 1094 videamus3
562 1019 688 1078 dubium
715 1021 760 1079 est
783 1018 863 1077 enim
885 1021 988 1078 utrum
1011 1018 1174 1096 separatim

157 1108 220 1167 sine
249 1108 420 1169 nominibus
451 1109 542 1186 positi
575 1109 734 1168 videantur
766 1107 901 1186 germani
932 1107 1111 1185 Sarpedonis
1143 1111 1175 1168 et

156 1201 240 1257 extra
268 1199 381 1256 tremat
404 1197 509 1257 Clarus
534 1200 564 1256 et
586 1197 739 1257 Thaemon
763 1217 802 1256 an
824 1199 884 1275 ipsi
907 1199 970 1257 sint
994 1197 1173 1275 Sarpedonis

112 1304 138 1344 1⁰
156 1288 277 1346 fratresz
305 1289 359 1346 aut
388 1288 468 1346 enim
498 1288 643 1362 quattuor
671 1287 793 1346 fuerunt
822 1290 876 1347 aut
906 1286 979 1363 duo,
1008 1290 1043 1346 ut
1073 1306 1173 1347 omnes

156 1379 271 1452 septem
297 1377 410 1436 firerint
437 1378 490 1435 aut
516 1395 632 1436 novem.
677 1395 798 1436 rursum
824 1376 971 1436 insertum
999 1378 1044 1435 est
1070 1379 1173 1436 utrum

157 1484 257 1525 omnes
280 1465 313 1524 in
335 1467 434 1543 prima
456 1465 554 1524 fronte
577 1466 691 1524 fuerint
714 1485 752 1525 an
776 1466 908 1543 quinque
931 1465 988 1526 soli
1011 1468 1042 1523 et
1064 1467 1119 1525 alii
1141 1467 1174 1524 in

157 1555 294 1614 secunda.
346 1556 405 1628 feri
432 1556 535 1629 ingens
564 1558 619 1612 toto
650 1555 773 1614 eoninns
802 1571 919 1628 corpore
950 1571 1069 1624 sanam,
1101 1555 1175 1614 tant

151 1648 268 1716 partem
300 1646 436 1718 entonam
467 1645 584 1712 montis,
622 1643 789 1718 Imrnesim
824 1642 953 1719 Aamon,
990 1661 1043 1702 nee
1081 1642 1173 1719 Clytia

111 1749 137 1788 1s
154 1734 281 1807 genitore
302 1735 400 1791 minor
422 1749 474 1791 nee
494 1734 589 1806 fratre
606 1733 789 1792 Menestheo:
807 1752 898 1811 quam
917 1733 976 1792 aito
995 1732 1071 1792 dixit
1089 1733 1174 1793 euius

156 1826 234 1882 esset
260 1823 339 1882 filius
367 1825 398 1881 et
425 1821 509 1882 euius
531 1823 638 1881 frater!
679 1822 806 1898 ferebat,
829 1822 942 1899 inquit,
964 1823 1036 1883 totis
1059 1821 1174 1883 viribus

156 1931 216 1970 non
238 1913 300 1970 iam
323 1931 440 1986 saxum,
465 1911 517 1970 sed
538 1913 656 1987 partem
678 1930 739 1970 non
762 1912 902 1990 exiguam
919 1913 1043 1988 montis,
1061 1912 1174 1972 habens

156 2001 332 2080 originalem
346 2001 467 2060 virtutis
486 1999 686 2060 substantiam
704 2018 759 2061 nea
771 2004 858 2079 patre
871 2001 994 2061 inferior
1008 2004 1059 2061 aut
1072 2002 1174 2062 fratre.
1254 2006 1263 2020 '

155 2092 186 2149 la'
207 2092 325 2160 taeniis,
349 2091 394 2148 illi
418 2094 528 2149 entant
550 2090 704 2164 defendere
726 2093 822 2151 sonis:
844 2110 904 2151 non
928 2092 1081 2152 evidenter
1099 2092 1176 2151 dixit
1185 2100 1236 2149 130

111 2182 210 2259 sequi
233 2182 294 2239 sint
316 2181 362 2254 hi,
385 2181 439 2257 qui
462 2181 524 2239 sint
545 2180 605 2254 illi,
629 2180 681 2240 sed
704 2200 869 2259 exgenere
892 2182 1021 2241 telorum
1038 2183 1175 2260 intellegi

156 2272 290 2346 possunt.
331 2268 379 2327 illi
401 2268 480 2328 enim
503 2269 683 2347 pugnabant
705 2270 784 2330 saxis
808 2272 862 2348 qui
884 2270 1007 2331 fuerunt
1028 2272 1060 2330 in
1084 2271 1174 2346 edito,

155 2359 202 2416 illi
220 2377 289 2417 vero
307 2358 413 2417 iaaulis
433 2359 486 2434 qui
505 2358 663 2418 constituti
681 2358 861 2419 videbantur
877 2361 910 2418 in
932 2361 1032 2436 plano.
1063 2360 1174 2418 nooliri·

156 2465 210 2519 qne
232 2449 328 2521 ignem
351 2464 494 2520 neruoque
518 2452 621 2521 aptare
644 2450 782 2523 sagittas:
809 2448 933 2508 Troiani
959 2467 1019 2508 uno
1046 2450 1175 2508 telorum

155 2556 263 2615 genere
281 2536 467 2612 nitebantur,
486 2536 595 2596 Rutuli
612 2556 682 2597 vero
701 2538 852 2614 plurimis3
875 2537 1045 2597 habuerunt
1062 2537 1173 2613 quippe

110 2641 136 2681 u
156 2625 355 2685 substantiam
377 2626 556 2700 iaculorum,
579 2626 658 2705 ignis
682 2629 713 2685 et
736 2628 916 2703 sagittarum
939 2630 969 2686 et
992 2627 1051 2685 fuit
1072 2626 1174 2685 multi·

154 2715 229 2774 tudo
259 2735 337 2791 quae
367 2714 467 2775 officia
497 2716 614 2777 diversa
644 2716 802 2792 conploret.
855 2717 918 2789 mse
948 2717 1024 2775 inter
1054 2716 1173 2784 medios,

161 2806 281 2863 Veneris
310 2806 473 2864 iustissima
501 2823 587 2875 eura,
617 2805 797 2864 Dardanias
827 2810 914 2877 capae
944 2822 1004 2864 eeoe
1027 2822 1105 2879 pner
1127 2805 1174 2863 de*

155 2898 243 2952 ieotns
270 2895 434 2953 leonestmn:
461 2896 492 2953 in
519 2895 574 2954 illa
600 2893 778 2954 necessitate
808 2913 908 2953 rerum
930 2895 1078 2955 Ascanius
1102 2912 1173 2971 quo·

228 3065 415 3119 lintrosides
427 3064 487 3118 VR.
517 3064 520 3136 Ι
549 3066 720 3119 bieetaom'ns
742 3081 812 3133 qnae
825 3063 883 3117 VR.
971 3066 1110 3135 itbybris
1123 3063 1175 3118 VR

158 3136 284 3203 Tymbris
309 3136 352 3189 ed.
426 3137 578 3203 inserant
591 3135 650 3189 VR.
723 3135 943 3205 ian‘nqneVlb
961 3137 1004 3191 ed.
1023 3137 1109 3205 idque
1132 3152 1174 3191 se-

155 3207 272 3274 quentia
290 3206 414 3272 firmant,
434 3221 606 3274 quamquam
625 3223 722 3261 revera
741 3224 790 3262 sex
808 3209 881 3261 sunt.
909 3207 912 3279 l
942 3210 990 3263 bas
1008 3225 1070 3279 erpo
1084 3210 1175 3263 manis

154 3278 302 3345 arpedonr's
314 3276 348 3333 V.
412 3278 592 3331 tttemonR
610 3280 717 3333 tamtan
730 3277 757 3332 V
776 3280 904 3334 Haemon
917 3280 961 3333 ed.
992 3281 995 3351 l
1024 3281 1175 3335 committa·

155 3349 257 3402 bantm
274 3349 300 3402 R
318 3348 554 3404 coarmatabantnr
568 3348 601 3403 V.
661 3351 804 3405 bellomon
816 3350 875 3404 VR.
931 3356 965 3404 10
983 3357 1098 3406 eoi-11
1114 3350 1175 3416 sne·

155 3422 214 3474 rint
226 3420 277 3474 VR
296 3428 386 3475 ant-
396 3420 510 3486 fuerumt
528 3420 571 3473 ed.
645 3427 677 3474 11
698 3430 749 3477 ant
765 3421 899 3477 nouemV
918 3424 1065 3477 ammonem
1083 3422 1109 3475 R
1127 3422 1173 3488 (ef.

154 3508 182 3559 p.
198 3496 248 3544 291
268 3509 295 3544 n.
311 3496 364 3560 25).
390 3492 392 3561 l
420 3497 556 3546 ant-12
569 3492 676 3558 fnerr'nt
695 3509 748 3547 om.
763 3493 807 3548 ed.
867 3499 898 3547 12
918 3493 1021 3548 anVR
1040 3500 1089 3548 ant
1106 3493 1171 3566 eil

155 3564 219 3617 solii
232 3561 291 3616 VR.
321 3563 324 3634 l
354 3564 407 3617 alii
419 3562 470 3616 VR
487 3564 518 3617 ln'
535 3564 590 3617 dno
608 3563 651 3618 ed.
726 3570 759 3618 13
774 3567 933 3636 pertingens
945 3582 997 3634 pro
1010 3567 1065 3632 sert
1078 3567 1174 3636 ingens

155 3632 214 3687 VR.
244 3634 248 3703 1
278 3650 396 3689 conexus
409 3632 468 3687 VR.
537 3641 572 3688 14
589 3636 664 3689 alitia
677 3633 737 3690 VR.
809 3642 843 3691 it
862 3638 981 3705 fratrem
997 3636 1192 3690 ambesas.

157 3710 190 3757 16
200 3704 390 3759 animemed.
429 3708 953 3785 iomntutroqueloeoedlttttVlt.
987 3712 1027 3759 aa
1038 3699 1215 3771 allfflw·
