2725 4150
548 329 733 386 nummos
746 329 799 384 vn
1140 331 1181 399 τι

162 501 237 559 haec
255 499 360 574 ferret,
378 497 485 558 babuit
502 500 631 576 gratum
664 500 786 558 tantum
804 497 1027 558 consuetudinis
1046 497 1183 558 adiectus

162 589 277 666 potuit,
306 590 343 648 ut
370 589 448 648 hano
477 589 570 648 etiam
598 587 752 666 puriores
779 588 956 664 provocaret
983 587 1022 648 ad
1044 586 1183 663 planctus

163 680 194 738 et
215 696 335 738 umeros
358 679 467 755 palmis
490 679 620 754 propriis
642 676 806 737 verberare.
848 695 914 737 ecoe
937 675 976 736 ad
994 675 1184 736 excitandum

162 769 225 829 levi
247 787 283 826 ex
307 785 400 827 causa
421 766 535 827 bellum
559 765 650 826 datur
672 769 765 826 etiam
791 766 911 843 puellae
937 783 1078 841 persona,
1106 785 1184 842 quae

130 873 144 913 s
162 875 218 935 pro
237 874 310 916 sexu
332 858 364 915 et
381 858 481 916 aetate
498 857 622 932 putaret
638 874 782 935 magnum
800 856 897 916 scelus
916 855 1093 930 admissum,
1111 856 1185 932 quia

163 947 328 1007 moriturus
355 944 456 1005 fuerat
483 963 519 1004 ex
548 963 640 1004 causa
665 945 797 1005 vulneris
825 963 942 1005 cervus:
973 946 1006 1004 in
1037 943 1185 1004 auxilium

163 1034 343 1113 repetendae
365 1033 490 1094 ultionis
512 1035 648 1094 homines
670 1033 801 1094 vocabat
822 1035 964 1113 agrestis,
986 1033 1131 1112 inperitos
1154 1034 1186 1091 et

164 1124 257 1184 duros
279 1124 336 1183 hoc
363 1125 410 1184 est
432 1123 533 1184 animo
559 1123 639 1184 feros
667 1126 699 1183 et
724 1124 842 1184 ratione
869 1124 999 1200 expertis
1027 1126 1119 1202 atque
1146 1121 1186 1182 ad

164 1216 316 1274 certamen
329 1212 435 1274 robore
454 1213 587 1290 corporis
601 1215 793 1289 conpetenter
812 1212 992 1290 aptissimos.
1019 1214 1066 1272 illi
1079 1219 1093 1287 (
1095 1213 1186 1287 pestis
1195 1222 1248 1274 505

119 1319 146 1360 ro
164 1305 243 1362 enim
265 1303 361 1362 tacitis
384 1303 453 1362 tam
475 1319 583 1376 aspero
604 1302 703 1375 edric)
724 1303 870 1376 improvisi
892 1303 1015 1361 adsumi:
1042 1304 1187 1379 quoniam

164 1396 276 1452 natura
305 1390 388 1452 saevi
416 1394 448 1450 et
476 1410 531 1467 pro
563 1391 697 1450 locorum
726 1391 889 1467 asperitate
920 1394 1019 1451 truces
1052 1392 1187 1451 oblatam

164 1482 285 1559 puellae
318 1482 508 1557 sumpserant
538 1499 654 1555 vocem,
686 1482 834 1540 venenmt
862 1483 994 1556 repente.
1039 1480 1187 1557 inprovisi

164 1573 237 1631 sunt
260 1569 314 1648 qui
336 1568 437 1630 subito
461 1572 609 1646 apparent
630 1588 685 1629 nee
707 1568 849 1629 videntur
876 1568 948 1628 dum
965 1570 1102 1630 veniunt.
1136 1568 1186 1627 de-

164 1659 307 1720 scribitur
328 1659 360 1718 in
384 1659 476 1718 ermis
498 1658 572 1735 ipsis
595 1658 752 1717 hominum
774 1658 860 1717 furor
882 1660 914 1717 et
932 1658 1089 1735 repentine
1107 1676 1186 1717 oom-

119 1764 146 1804 ιι
164 1749 274 1809 motio:
296 1749 432 1823 ruebant,
450 1748 560 1824 inquit,
576 1747 610 1807 in
627 1747 784 1807 hominum
801 1747 965 1825 perniciem
982 1750 1187 1825 properantes,

164 1857 227 1898 non
249 1837 345 1897 hastis
369 1837 479 1897 armati
501 1838 549 1898 vel
571 1837 696 1915 gladiis3
724 1839 856 1916 agrestes
880 1838 992 1915 quippe
1015 1857 1076 1898 non
1098 1856 1188 1898 nsum

164 1926 337 1986 habuerunt
358 1926 527 2005 pugnandi,
554 1927 606 1986 sed
631 1925 804 1986 inferendae
827 1927 998 1986 violentiae.
1042 1928 1089 1986 ite
1111 1931 1188 1985 torre

166 2020 302 2078 ommim
328 2017 442 2086 obusto,
473 2016 580 2091 stipitis
606 2016 653 2076 tic
677 2016 798 2091 procidi
823 2017 924 2077 modis:
954 2036 1046 2093 unus,
1077 2016 1188 2094 inquit,

165 2106 283 2167 ferebat
311 2106 422 2166 fustem
451 2126 488 2164 ex
514 2106 652 2165 incendio
680 2105 847 2181 sublatum,
878 2106 955 2166 alter
981 2106 1115 2184 stipitem
1142 2106 1188 2164 in·

123 2213 149 2252 so
165 2197 297 2273 politum
325 2198 357 2255 et
382 2196 530 2255 nodorum
559 2195 740 2272 ponderibus
772 2199 1013 2274 praegravatum.
1060 2197 1188 2255 duorum

166 2284 339 2362 specialiter
362 2285 443 2345 dieta
465 2288 537 2344 sunt
559 2303 656 2359 arma,
683 2288 720 2344 ut
747 2285 783 2344 de
811 2284 945 2361 exemplo
971 2284 1121 2361 potuisset
1142 2285 1188 2342 in·

165 2375 271 2453 tellegi
284 2373 388 2450 qualia
406 2373 502 2433 omnis
520 2374 685 2434 multitudo
699 2376 841 2450 portaret.
874 2392 942 2432 cum
955 2373 1051 2451 igitur
1066 2374 1188 2433 cunctos

166 2464 252 2524 brevi
266 2464 396 2523 dictione
409 2462 608 2539 concluderet,
626 2464 672 2523 ait
689 2464 766 2535 qood
783 2463 886 2535 mique
903 2467 1050 2536 repertum
1066 2462 1190 2521 rimanti

167 2554 256 2612 telmr
269 2554 319 2612 iro
331 2553 418 2625 fucit:
440 2555 591 2630 postremo
606 2551 785 2613 succedebat
798 2550 967 2610 furentibus
985 2550 1018 2609 in
1037 2569 1189 2611 armorum

131 2655 152 2697 ro
168 2644 263 2703 vicem
282 2642 427 2719 quioquid
445 2660 586 2718 praesens
603 2641 792 2701 ministrarat
809 2640 935 2700 occasio.
966 2644 1051 2699 occat
1068 2640 1190 2714 aomina

169 2732 317 2806 Tyrrhus:
339 2749 407 2790 cum
429 2750 484 2807 pro
507 2730 716 2809 magnitudine
735 2728 944 2789 commotionis
964 2747 1036 2789 suae
1055 2729 1189 2806 Tyrrhus

169 2822 356 2898 praesentem
372 2819 561 2880 iuventutem
579 2820 715 2879 sufficere
733 2838 793 2879 non
812 2836 899 2895 posse
918 2822 1060 2896 speraret,
1079 2819 1191 2879 ultioni

169 2908 297 2970 vocabat
311 2910 373 2968 alie
391 2929 512 2987 quoque
530 2909 660 2988 agmina.
693 2908 834 2968 describit
850 2907 914 2967 iam
927 2910 1077 2985 quomodo
1091 2910 1190 2970 venie·

169 2998 242 3059 bunt
273 2999 403 3072 evocati,
426 2999 534 3075 quanti
560 2999 610 3059 vel
637 2998 742 3075 quales
770 2998 819 3057 vel
850 2997 943 3058 unde:
976 3000 1191 3074 quadripedum

242 3158 256 3205 1
275 3152 388 3219 referret
406 3150 449 3205 ed.
506 3156 522 3204 3
541 3152 751 3206 et-oerberare
763 3150 790 3204 V
803 3154 1025 3208 et—oerberoret
1041 3151 1084 3205 ed.
1099 3151 1190 3219 poesie

170 3223 398 3277 ut-oerteroret
411 3222 560 3291 suspicari,
575 3222 625 3276 sed
639 3222 674 3276 cf
690 3228 715 3289 5,
727 3228 786 3277 781.
849 3227 865 3277 5
881 3239 934 3292 pro
952 3224 1126 3277 macedimte
1136 3220 1191 3275 VH

166 3310 218 3362 pro
245 3295 421 3363 simplicitate
449 3292 504 3347 ΟΠ
528 3294 571 3348 ed.
659 3299 676 3348 8
703 3296 810 3349 rotiome
832 3294 859 3348 V
881 3294 925 3349 ed.
957 3295 1018 3348 -ms
1045 3293 1088 3347 ed.
1116 3296 1189 3361 post.

172 3364 316 3420 colried.
379 3370 413 3419 10
432 3364 582 3421 tacitaeV.
644 3372 676 3419 11
697 3364 924 3434 usperiditoteV
946 3364 1092 3437 triptotam
1105 3363 1132 3418 V
1145 3363 1190 3419 ed.

171 3437 290 3492 oblatum
308 3453 366 3491 noe.
425 3442 459 3490 12
477 3443 651 3520 sumpserant
668 3436 694 3491 V
714 3437 757 3492 ed.
776 3436 867 3505 poesis
885 3442 1026 3492 cereorum
1043 3435 1190 3504 suspicari,

172 3507 221 3561 sed
239 3507 274 3561 cf.
295 3512 320 3574 8,
336 3514 378 3563 64
404 3508 407 3579 l
435 3510 577 3577 improvisi
594 3510 659 3591 poet
676 3525 766 3563 vocem
784 3507 915 3576 interpol.
930 3506 973 3562 ed
1030 3513 1063 3561 16
1082 3506 1191 3562 ortieV

172 3550 398 3635 comedissem
415 3596 478 3634 nos.
502 3580 628 3648 potest
619 3598 650 3633 m
672 3580 826 3650 archetypo
849 3580 918 3635 ustis
940 3578 1083 3649 scriptum
1096 3578 1201 3633 lmese

173 3654 206 3703 23
223 3657 356 3730 revectum
373 3650 432 3704 Vr.
448 3651 544 3707 ested
597 3652 919 3713 remitteturei
970 3657 1006 3710 ‘ab
1024 3654 1099 3723 poet
1115 3651 1219 3706 umbe

157 3734 240 3780 poem
237 3719 408 3771 seeundum
426 3721 702 3792 interpretationem
725 3730 863 3802 quemvis
884 3728 1064 3787 absurdam
1078 3720 1236 3803 turndor-
