2725 4150
546 346 730 402 sessuros
749 346 800 400 xn
1121 350 1185 415 627

158 533 266 576 sensus
294 516 349 575 sio:
378 515 503 592 reliquit
530 518 561 574 et
588 535 709 575 eurrum
736 518 767 574 et
793 534 925 575 sororem
948 534 1058 592 perque
1081 516 1187 591 hostis,

158 624 215 682 per
236 605 300 664 tela
320 605 384 664 ruit
406 623 442 664 ao
459 605 566 682 rapido
589 623 678 664 eursu
700 603 800 663 media
818 605 940 683 agmina
962 605 1084 682 rumpit.
1115 604 1187 682 quid

160 694 242 754 enim
259 696 408 754 metueret
426 695 480 770 qui
494 694 665 754 decreverat
682 692 782 754 mori?
806 712 842 753 oe
854 695 943 753 veluti
958 696 1066 753 moretis
1080 711 1188 753 seems

160 784 198 843 de
219 784 325 844 vertier
343 800 486 858 praeceps
512 801 579 842 eum
600 785 673 852 ruit,
703 783 839 842 avulsum
866 788 948 842 vento
977 801 1031 842 serr
1053 784 1251 848 remesses

130 873 255 933 uirrrber
273 873 387 947 proluit
408 877 461 932 aut
483 874 572 932 annes
594 873 680 931 solvit
702 873 845 946 sublapsa
867 877 1008 942 vetustas,
1038 874 1133 946 ferrer
1155 874 1188 932 r'rr

161 963 323 1037 abruptae
343 979 451 1036 mopso
472 979 557 1021 rrrons
575 963 718 1035 inprobos
741 966 808 1021 aeter
827 963 990 1035 exultatque
1007 963 1067 1021 solo
1086 963 1187 1032 siloas,

161 1055 299 1111 armento
311 1051 446 1124 virosque
458 1051 609 1110 involveres
626 1069 738 1110 seeum:
757 1071 825 1110 oum
843 1050 918 1110 dieit
933 1050 1110 1128 parabolam
1127 1070 1189 1127 qua

161 1139 259 1200 serni
276 1158 397 1200 rursum
414 1139 447 1199 in
463 1142 595 1216 patriam
612 1142 772 1216 monstret,
792 1140 923 1200 ostendit
942 1141 1051 1218 quibus
1070 1141 1188 1201 casibus

162 1248 236 1289 saxa
259 1228 462 1290 dementium
480 1230 643 1290 verticibus
662 1233 809 1307 proruant
830 1231 995 1306 avulsaque
1013 1232 1189 1291 volvantur:

122 1337 147 1377 ro
162 1319 250 1393 haee,
273 1319 386 1395 inquit,
405 1338 425 1379 a
442 1319 596 1380 soliditate
615 1319 758 1379 discernit
776 1322 830 1379 aut
847 1319 938 1379 flatus
956 1323 1116 1380 ventorum
1137 1326 1190 1382 aut

162 1407 268 1484 pluvia
286 1410 341 1467 aut
357 1410 505 1479 vetustas,
527 1408 675 1468 dissoluta
696 1412 797 1468 autem
816 1409 859 1469 sie
877 1409 1041 1468 volvuntur
1054 1410 1085 1468 in
1103 1429 1188 1486 prae-

163 1515 245 1574 eeps,
268 1500 305 1556 ut
327 1515 430 1556 eorum
451 1498 582 1574 impetus
600 1517 661 1559 non
679 1498 834 1557 minuatur
853 1498 993 1573 saltibus,
1017 1498 1068 1559 sed
1091 1499 1189 1577 magis

163 1587 348 1647 incrementa
361 1586 509 1663 pereipiat
522 1590 553 1646 et
567 1587 712 1666 quiequid
728 1587 898 1646 invenerint
911 1588 1044 1648 volvant.
1068 1589 1189 1648 dr'se’eete

162 1693 214 1750 per
237 1676 361 1751 opmirro
383 1676 505 1736 Termes
526 1678 570 1736 sie
591 1678 676 1736 urbis
697 1678 759 1735 ruit
781 1677 822 1736 od
844 1694 959 1735 meros:

130 1781 151 1822 ss
347 1765 439 1825 Deest
460 1766 671 1844 interpretatio
695 1784 790 1844 usque
815 1766 853 1825 ad
877 1786 903 1824 v.
930 1767 1002 1826 755.

166 1853 291 1932 denique
315 1853 358 1914 sie
380 1854 500 1914 fallitur
522 1856 667 1915 aviditate
690 1855 852 1931 retinendi,
875 1858 911 1914 ut
928 1855 1031 1915 dentes
1050 1854 1189 1916 dentibus

166 1943 263 2019 feriat,
281 1961 351 2003 oum
368 1943 467 2003 media
484 1944 597 2021 praeda
615 1943 753 2004 defuerit.
781 1950 842 2004 tom
855 1961 922 2003 vero
937 1946 1066 2004 exertae
1079 1945 1190 2004 elamor

166 2033 303 2108 ripaeque
331 2033 468 2109 maerere
493 2037 669 2109 responsaret
698 2035 777 2095 eirea
804 2039 830 2094 et
859 2035 972 2094 coelom
999 2039 1080 2095 torrot
1106 2051 1189 2095 orme

167 2124 297 2197 fropore:
315 2122 401 2199 falso,
418 2123 528 2200 inquit,
543 2144 645 2185 morsu
664 2125 746 2184 oanis
767 2124 968 2200 spectantium
982 2126 1095 2184 elamor
1107 2126 1189 2185 tolli·

136 2212 214 2272 stur
235 2214 268 2272 et
289 2212 440 2288 reeiprooo
469 2214 603 2273 locorum
631 2216 837 2273 resonantium
865 2231 1008 2290 responso
1032 2216 1190 2291 tamquam

168 2300 299 2362 teuit-ua
316 2303 488 2362 mittuntur.
509 2304 559 2362 dle
574 2304 664 2362 simol
676 2304 794 2379 sepiens
807 2304 934 2362 Rutulos
952 2304 1041 2361 simet
1058 2304 1190 2378 inerepas

168 2392 259 2451 omnis
287 2391 405 2450 nomine
434 2409 572 2467 perempte
598 2410 707 2452 vocans
736 2396 891 2465 notwmqee
918 2393 1057 2466 efflopr'tat
1084 2409 1189 2451 ensem.

168 2477 283 2540 Aeneas
300 2485 422 2540 mortem
439 2486 541 2541 eontra
551 2499 750 2556 praesensque
768 2483 900 2540 minatur
914 2482 1045 2551 exitr'wm,
1065 2482 1092 2539 sr'
1111 2483 1190 2553 qure-
1201 2493 1252 2543 ”160

169 2586 253 2641 ruam
276 2568 376 2640 odeat,
402 2574 542 2643 terretque
564 2572 712 2630 trementis
735 2572 901 2630 excisorem
923 2572 1025 2630 erdem
1047 2571 1189 2630 minitores

139 2658 330 2719 resersus
346 2660 452 2719 insto&
473 2660 581 2719 inermi
599 2661 701 2720 Turno
725 2679 794 2719 oum
816 2659 934 2719 Aeneas
956 2659 1121 2734 insisteret,
1143 2659 1189 2719 in·

169 2746 307 2825 crepabat
328 2748 410 2808 idem
427 2749 545 2809 Turnus
564 2751 661 2808 omnis
685 2768 754 2808 suos
778 2752 809 2808 et
827 2748 1001 2826 appellabat
1018 2748 1189 2810 nominibus

168 2836 302 2915 propriis
318 2836 402 2897 illius
422 2838 501 2898 ensis
520 2839 665 2898 auxilium
685 2857 829 2916 quaerens
849 2859 938 2914 quem
957 2837 1112 2898 dimiserat
1130 2841 1189 2898 tre·

168 2925 281 3002 pidans,
291 2924 344 2986 sed
358 2926 429 2986 dare
443 2928 545 2987 nullus
560 2928 704 3004 audebat3
717 2928 835 2987 Aeneas
851 2928 930 2987 enim
944 2930 1049 2988 eontra
1061 2930 1190 2987 mortem

169 3015 332 3091 spondebat
345 3015 517 3077 hominibus
536 3022 566 3077 et
579 3036 720 3094 praesens
739 3017 857 3077 civitati
875 3018 1047 3076 minabatur
1064 3017 1190 3077 exitium

136 3106 196 3163 oet
215 3105 279 3165 iam
302 3107 457 3166 trementis
480 3106 624 3183 terrebat3
647 3106 769 3166 facilius
792 3109 839 3165 est
861 3107 941 3166 enim
961 3110 1071 3166 terrere
1094 3110 1189 3167 metu·

235 3316 252 3365 5
271 3312 392 3367 osaea
405 3312 449 3366 ed.
503 3319 535 3365 11
555 3319 646 3367 autem
661 3313 687 3366 V
699 3319 731 3367 ret
745 3319 784 3367 est
797 3312 840 3366 ed.
864 3314 866 3384 t
887 3313 1006 3368 volvitur
1020 3312 1045 3365 V
1059 3329 1129 3367 oorr.
1144 3312 1188 3367 ed.

171 3386 199 3436 14
225 3399 321 3439 muros
348 3382 412 3437 finis
439 3382 502 3438 folii
530 3390 581 3438 123
603 3384 649 3437 Bb
677 3384 780 3453 ineipit
807 3383 854 3439 fol.
877 3390 930 3438 214
950 3384 994 3437 Aa
1022 3400 1039 3437 a
1064 3385 1188 3454 denique.

170 3458 198 3507 19
216 3470 312 3510 morsu
329 3456 409 3509 mnis
426 3471 479 3509 om.
495 3455 538 3509 ad.
603 3462 636 3509 21
656 3458 779 3527 etlopr'tot
791 3455 825 3509 V.
890 3461 923 3509 25
942 3457 1043 3510 r'rrermr'
1060 3454 1132 3509 falso
1152 3455 1189 3509 ad

169 3522 269 3580 lemma
287 3525 406 3580 retraxit
419 3525 445 3579 V
463 3526 532 3580 item
551 3527 594 3581 ed.
669 3532 703 3581 28
727 3529 799 3582 enim
817 3525 843 3579 V
863 3533 954 3582 autem
973 3526 1016 3580 ed.
1044 3526 1047 3598 t
1078 3533 1189 3582 mortem

169 3604 261 3653 corba
278 3596 431 3653 mortemV
448 3598 528 3666 prius
541 3601 661 3653 mortem
676 3599 731 3654 del.
746 3598 789 3654 ed.
850 3604 883 3653 19
903 3599 1055 3667 spondebat
1072 3600 1192 3652 teutot-

170 3666 216 3723 brrs
235 3667 263 3721 V
283 3669 443 3723 amabatur
463 3671 592 3727 munibus
618 3672 663 3728 ed.
745 3677 781 3728 30
806 3678 833 3729 et
855 3670 954 3729 toroV
980 3687 1015 3725 oe
1033 3670 1122 3723 etiosa
1137 3666 1223 3729 ad&

160 3738 257 3791 terrm·
270 3739 301 3791 et
319 3742 378 3805 628,
395 3745 410 3793 1
430 3746 539 3799 moveri
557 3745 603 3801 ed.

1034 3842 1089 3902 bb*
