2725 4150
547 313 732 371 mannos
745 313 783 370 rx
1109 316 1175 384 265

159 485 255 546 teneri
273 485 363 546 vallo.
401 482 474 560 qnid
495 485 536 544 sit
553 485 664 545 iterum
684 487 780 545 teneri
802 485 867 562 ipse
890 486 1029 562 exposuit
1051 482 1175 545 dicendo

160 577 203 636 bis
233 576 311 647 eapti
339 574 483 649 Parada:
512 573 564 634 sed
592 573 718 649 ideirco,
748 575 861 650 inquit,
890 593 951 633 non
978 573 1070 633 semel
1091 573 1177 633 vobis

158 667 214 725 hoo
237 663 379 742 contigit,
407 662 480 740 quia
502 662 636 743 Phryges
664 665 746 724 estis.
790 665 847 724 boe
870 664 968 742 gentis
992 681 1099 722 nomen
1121 681 1176 740 pro

160 753 293 814 convicio
315 752 418 829 posuit
441 754 527 830 quasi
546 753 694 828 enervati,
716 753 835 827 molles,
856 753 982 812 inbelles
1000 770 1036 811 ao
1058 750 1177 811 feminis

132 843 288 921 aproximi
320 845 350 901 ot
381 841 608 918 captivitatibus
640 841 750 902 crebris
783 841 904 901 addicti.
955 843 1067 901 orimen
1099 839 1176 900 enim

158 934 232 1007 fuit,
263 932 336 1008 quia
364 932 487 1007 iterum,
516 934 619 1007 potuit
648 930 759 1008 quippe
790 949 877 991 oasus
907 931 999 991 fuisse
1022 933 1054 990 in
1081 930 1178 1006 prima

160 1020 322 1095 obsidione,
343 1021 395 1080 sed
413 1040 481 1080 oum
499 1020 627 1080 seeundo
647 1039 767 1098 quoque
786 1019 894 1081 vallati
912 1023 991 1096 sunt,
1009 1039 1064 1080 neo
1081 1020 1178 1095 prima

159 1113 261 1188 potest
290 1109 409 1170 casibus
440 1109 587 1186 adplicari
615 1129 670 1170 neo
700 1111 831 1170 secunda
861 1109 985 1170 obsidio.
1038 1113 1065 1169 et
1092 1110 1180 1168 morti

155 1199 348 1275 praetendere
365 1200 485 1258 maros?
507 1218 627 1276 novum,
645 1199 754 1276 inquit,
773 1201 930 1259 inventum
947 1199 1084 1275 inertiae,
1103 1218 1179 1275 quae

116 1306 142 1346 io
160 1289 218 1350 sibi
239 1307 397 1348 murorum
418 1289 604 1349 munimenta
626 1288 790 1366 conquirit,
813 1308 873 1348 non
890 1291 926 1347 ut
944 1289 1060 1348 clausos
1079 1288 1179 1349 defen·

160 1379 248 1453 dant,
276 1378 328 1437 sed
355 1381 390 1437 ut
417 1377 552 1438 obsessos
575 1377 725 1439 addicant.
771 1395 808 1438 ea
830 1379 881 1451 qai
902 1381 1004 1438 aestro
1027 1379 1085 1437 sibi
1108 1379 1241 1437 bellossoo

161 1468 288 1528 ooaabia
311 1470 452 1540 poseant:
485 1469 606 1546 singula
638 1468 752 1528 habent
780 1467 842 1526 vim
872 1485 972 1526 suam:
1006 1485 1042 1526 en
1069 1466 1180 1542 inquit,

160 1556 362 1633 vituperantis
383 1556 458 1616 haee
481 1557 697 1618 demonstratio
721 1557 780 1633 est,
807 1556 873 1634 qui,
896 1557 953 1616 hoo
976 1559 1021 1615 est
1043 1555 1180 1632 mendioi,

161 1645 312 1724 naufragi,
331 1645 483 1723 dissoluti3
501 1650 613 1721 nostra,
628 1648 717 1724 quasi
733 1647 891 1706 meliorum
910 1648 1001 1722 atque
1019 1644 1180 1722 nobilium3

115 1750 142 1792 ιε
160 1737 241 1796 bello
265 1735 393 1795 conubia
410 1739 553 1813 poseant,
575 1736 695 1811 volunt,
716 1734 831 1812 inquit,
853 1735 933 1794 bello
959 1735 1089 1794 alienum
1112 1753 1180 1794 oon·

160 1825 278 1904 iugium
297 1843 438 1901 quaerere
462 1825 563 1902 quiin
587 1843 677 1885 eausa
701 1824 793 1885 simili
815 1824 915 1885 sciunt
937 1842 1000 1884 sese
1023 1826 1180 1884 mactatos.

162 1917 228 1988 qaas
260 1914 332 1973 deas
363 1914 508 1973 Italiam?
553 1916 620 1992 quis
653 1913 739 1989 deus,
770 1915 868 1974 iratus
901 1913 1029 1991 seilicet,
1056 1931 1110 1974 vos
1143 1912 1181 1973 ad

161 2004 285 2063 Italiam
316 2003 478 2063 morituros
511 2002 657 2064 adduxit?
703 2021 778 2079 qaae
809 2022 861 2064 aaa
890 2004 1035 2064 dementia
1066 2003 1182 2079 adepti?

163 2114 202 2154 an
225 2095 377 2153 dementia
403 2112 456 2154 vos
484 2095 543 2154 huo
569 2094 685 2170 inpulit
707 2113 768 2172 qua
790 2096 892 2155 soletis
915 2095 958 2153 ire
981 2084 1182 2173 praecipites?

116 2197 144 2236 2⁰
162 2202 222 2243 aaa
239 2184 287 2242 bio
299 2182 425 2242 Atridae
443 2201 495 2243 aec
507 2184 596 2257 fandi
608 2185 693 2256 fictor
711 2184 828 2243 Ulixes:
849 2203 904 2243 neo
921 2203 977 2244 nos
995 2183 1184 2243 arbitremini

163 2273 332 2351 exemplum
354 2274 507 2332 secuturos
531 2291 594 2332 esse
619 2271 792 2348 Graiorum,
820 2275 874 2349 qui
897 2291 950 2333 vos
974 2274 1130 2333 mendaces
1153 2274 1184 2331 et

162 2363 282 2436 fraude,
301 2380 361 2420 non
378 2363 502 2422 virtutis
520 2361 626 2422 robore
645 2380 786 2438 superare
804 2363 974 2422 valuerunt.
1011 2381 1071 2421 non
1088 2381 1183 2420 unum

163 2453 232 2512 vult
261 2469 323 2510 osse
354 2452 479 2526 crimen,
509 2452 590 2528 quod
619 2450 695 2511 vieti
724 2453 871 2511 venerunt
900 2451 939 2510 ad
966 2451 1101 2525 Italiam,
1131 2449 1183 2508 sed

164 2541 245 2618 quod
269 2540 306 2599 ab
328 2540 489 2600 inbellibus
513 2542 646 2617 superati
669 2542 748 2600 sunt.
786 2540 905 2600 arimini
926 2540 986 2617 ipsi
1009 2537 1184 2617 superaddit

118 2641 145 2683 2⁶
164 2633 359 2709 augmentum
382 2650 441 2690 non
465 2630 514 2689 hio
532 2629 658 2689 Atridae
681 2649 736 2689 neo
754 2628 839 2689 fandi
856 2630 944 2688 flator
965 2629 1082 2703 Ulixes,
1104 2629 1184 2686 inter

163 2739 227 2795 nos,
240 2719 349 2797 inquit,
367 2738 427 2778 non
445 2722 517 2780 sunt
529 2718 655 2779 Atridae
668 2737 723 2779 noo
736 2719 852 2779 Ulixes:
875 2720 987 2795 primos
1003 2716 1185 2778 Graecorum

164 2809 311 2883 maculat,
340 2811 375 2867 ut
403 2809 514 2885 reliqui
543 2807 705 2869 deteriores
734 2808 940 2885 inveniantur,
969 2807 1071 2867 Ulixes
1104 2807 1184 2866 enim

163 2897 330 2957 mentiendi
357 2900 448 2975 atque
475 2898 602 2957 fallendi
629 2900 694 2958 arte
721 2897 920 2976 peritissimus
950 2899 1022 2973 fait,
1049 2896 1184 2972 Atridae,

166 3007 233 3047 oum
257 3005 405 3047 summam
429 2990 565 3048 tenerent
591 2986 723 3064 imperii,
750 2986 896 3046 Helenam
919 2986 1113 3063 perdiderunt
1135 3005 1185 3045 ne·

119 3089 147 3128 3⁰
166 3078 293 3137 seientes
316 3081 348 3135 et
373 3080 475 3136 tamen
498 3076 693 3137 obtinuerunt
716 3076 873 3136 adversum
899 3094 953 3136 vos
981 3078 1012 3136 et
1040 3077 1185 3150 vicerunt,

166 3167 240 3243 quia
266 3185 320 3225 vos
347 3166 461 3242 fuistis,
488 3168 616 3226 viatores
643 3167 757 3226 feoistis
781 3166 835 3242 qui
858 3166 933 3225 alios
962 3184 1102 3241 superare
1126 3183 1186 3223 non

165 3258 297 3333 possent.
343 3256 452 3315 duram
479 3275 500 3315 a
526 3258 617 3331 stirpe
641 3273 749 3331 panas:
776 3274 882 3334 genus,
909 3254 1023 3332 inquit,
1051 3257 1186 3314 nostrum

240 3432 256 3480 3
278 3428 414 3497 ,coatiapit
436 3426 480 3481 ed.
554 3431 570 3479 5
591 3426 698 3481 addicti
710 3426 736 3480 V
754 3427 856 3481 adiecti
874 3426 918 3481 ed.
936 3427 1034 3481 obiecti
1051 3425 1093 3479 ed.
1113 3425 1185 3492 post.

168 3505 201 3552 11
221 3498 357 3554 addicant
368 3499 394 3553 V
414 3499 449 3553 ef.
467 3516 492 3552 v.
508 3502 560 3552 ‘186
579 3498 706 3553 abdicent
722 3498 765 3552 ed.
826 3503 859 3551 13
877 3498 1041 3566 aaa-qua
1058 3498 1127 3550 mut.
1142 3494 1185 3548 ed.

168 3576 201 3625 1⁵1
225 3572 330 3625 iratam
346 3570 372 3624 V
393 3587 461 3625 corr.
484 3571 528 3625 ed.
602 3575 635 3625 19
658 3572 699 3625 ire
717 3569 743 3622 V
763 3570 832 3637 ferri
850 3569 894 3623 ed.
968 3573 1002 3622 20
1025 3584 1074 3623 aee
1095 3583 1186 3622 aos-

168 3648 202 3696 25
224 3642 317 3696 Uliaes
335 3658 389 3697 om.
403 3642 447 3697 ed.
512 3648 544 3696 21
565 3643 707 3697 mendaces
720 3640 746 3694 V
764 3641 927 3697 meadootol
994 3644 1033 3693 bo
1053 3640 1207 3693 aduersam

167 3729 219 3768 aaa
232 3712 259 3764 V
272 3729 338 3767 eoir.
354 3714 396 3768 ed.
470 3719 502 3768 31
522 3717 592 3785 qaia
610 3733 659 3773 aas
677 3715 777 3785 fuistis
796 3732 855 3772 om.
874 3721 901 3772 et
917 3712 1063 3782 interpol,
1076 3709 1126 3763 ab.
