2725 4150
466 337 470 345 .
580 295 764 352 squamos
783 296 809 350 x
1134 299 1200 367 375

178 466 265 540 sunt,
289 466 325 524 ut
347 463 453 524 exinde
472 467 617 542 appareat
634 465 717 542 quod
735 484 798 526 esse
817 466 929 526 dicitur
946 470 1015 544 post
1032 466 1201 544 depositam

178 555 285 614 vitam
332 558 364 613 at
390 554 509 629 paim
541 555 619 614 laeto
649 558 718 615 onte
749 556 827 615 acies
856 556 966 615 esaltm
994 557 1105 631 imaqo:
1134 556 1200 617 ide'o

178 644 276 718 laeta,
298 642 366 702 ideo
385 644 536 720 exultans,
553 646 590 703 ut
606 647 783 722 provocaret
799 644 832 702 in
849 644 1039 704 iracundiam
1057 645 1200 706 Turnum.

179 732 311 809 denique
333 732 470 809 sequitu
491 735 649 806 inritatque
670 735 769 792 circen
792 734 855 793 telis
878 738 904 793 et
925 735 1142 804 aoce'laceesit,
1165 739 1201 796 ut

146 820 301 882 alaetitia
330 821 425 882 hostis
455 824 486 883 et
517 823 716 897 exultatione,
746 841 818 883 voce
851 826 882 883 et
912 822 1040 883 inritatu
1071 824 1201 884 telorum

179 915 338 987 tamquam
353 910 391 972 ad
409 929 511 972 veram
530 931 664 991 pugnam
680 912 755 972 totis
770 913 887 972 Turnus
902 913 1010 972 animis
1024 915 1199 973 armaretur.

178 1000 307 1060 inritare
333 1018 457 1077 prorsus
485 1000 610 1062 dicimus
638 1001 717 1062 feras
745 1020 921 1078 provocare:
947 1002 1016 1062 inde
1046 1006 1200 1081 sumptum

180 1092 227 1150 est
239 1091 276 1148 ut
288 1092 320 1149 et
333 1089 467 1150 homines
484 1088 606 1151 imitari
624 1091 774 1167 dicantur,
792 1109 861 1150 eum
879 1092 912 1150 in
930 1092 1066 1169 aliquam
1083 1096 1200 1170 partem

180 1177 354 1256 asperitatis
377 1183 531 1258 urgentur.
583 1180 640 1240 hoc
668 1179 765 1259 igitur
794 1180 903 1259 agebat
931 1181 1039 1240 umbra
1067 1181 1136 1257 illa,
1164 1185 1200 1242 ut

132 1285 162 1326 ao
179 1269 316 1328 Turnum
338 1288 398 1329 non
421 1270 502 1347 ipsa,
525 1269 577 1329 sed
600 1268 718 1330 Aeneas
740 1288 903 1346 provocare
921 1269 1080 1330 videretur.
1110 1273 1201 1332 instat
1209 1278 1261 1328 645

179 1358 229 1418 oui
252 1358 374 1417 Tamus
395 1359 618 1432 stridentemque
645 1359 759 1419 emicas
785 1359 901 1418 hastam
928 1361 1045 1419 amicit:
1071 1363 1200 1439 sumpsit

180 1446 342 1506 audaciam
371 1447 504 1524 Turnus,
534 1449 588 1524 qui
616 1450 664 1508 tot
692 1448 787 1508 modis
816 1449 917 1508 fuerat
946 1451 1139 1526 provocatus,
1169 1455 1200 1510 et

179 1555 287 1596 verum
314 1534 488 1597 existimans
514 1538 632 1598 hostem
658 1536 730 1596 iecit
755 1538 889 1613 hastam,
919 1537 971 1598 sed
998 1538 1054 1599 hoc
1084 1541 1199 1600 eminus

179 1626 266 1701 fecit3
289 1625 431 1704 congredi
460 1627 541 1686 enim
570 1626 736 1687 comminue
766 1646 826 1687 non
856 1627 996 1687 audehat.
1047 1628 1102 1687 ata
1131 1628 1199 1688 dato

133 1715 265 1774 ascend
286 1715 408 1790 oestiqa'o
430 1719 522 1791 terqo:
543 1716 612 1791 illa,
633 1716 746 1793 inquit,
769 1716 825 1776 hoc
852 1719 899 1776 est
923 1716 1043 1792 umbra,
1070 1736 1140 1777 mox
1166 1719 1199 1776 in

179 1804 286 1883 fugam
314 1822 401 1864 versa
428 1808 481 1865 est
531 1809 594 1864 tum
622 1823 690 1865 cero
719 1804 843 1866 Aeneae
872 1823 1009 1866 auersum
1038 1809 1072 1865 ut
1102 1807 1199 1866 cedem

180 1893 304 1952 Taunus
326 1893 448 1953 aedidit
469 1897 555 1968 atque
577 1896 676 1954 auimo
699 1913 780 1970 spem
797 1895 933 1955 turbidas
950 1895 1050 1955 bascat
1066 1897 1199 1966 inanem:

178 1983 250 2043 licet
264 1985 354 2042 antea
367 1983 491 2043 Aenean
503 1986 641 2061 putasset
654 1985 772 2044 Turnus
786 1984 819 2042 in
832 2005 922 2062 quem
934 1985 1055 2046 hastam
1067 1985 1198 2059 miserat,

178 2076 247 2133 tum
269 2074 367 2152 magis
388 2074 489 2150 ipsum
511 2093 574 2134 esse
602 2072 730 2133 credidit
758 2094 848 2152 quem
877 2075 990 2154 fugisse
1020 2075 1198 2153 perviderat.

133 2178 161 2219 so
178 2162 235 2222 illa
257 2162 329 2223 dato
351 2164 444 2223 vertit
465 2163 596 2241 vestigia
617 2166 716 2242 tergo:
739 2183 835 2240 more,
863 2164 976 2242 inquit,
1005 2166 1140 2225 timentis
1166 2166 1199 2225 in

178 2252 286 2331 fugam
308 2270 395 2311 versa
417 2254 471 2312 est.
516 2255 582 2312 tum
611 2271 681 2313 vero
711 2254 834 2313 Aenean
866 2272 1004 2314 aversum
1032 2257 1068 2313 ut
1097 2254 1199 2315 cedere

179 2342 301 2401 Tmnus
312 2340 443 2401 credidit
460 2344 551 2419 atque
570 2342 671 2402 animo
690 2360 773 2419 spem
791 2341 928 2403 turbidus
946 2342 1049 2402 hausit
1065 2342 1199 2402 inanem:

178 2432 244 2507 ipse
263 2429 322 2490 fuit
339 2449 428 2490 verus
447 2449 530 2490 error
547 2430 580 2490 in
598 2431 733 2492 sensibus
752 2432 847 2491 Turni
869 2434 905 2491 ut
927 2431 1059 2491 crederet
1076 2433 1199 2492 Aenean

177 2523 267 2598 terga
289 2521 424 2580 vertisse.
456 2520 515 2596 quo
538 2520 653 2580 factum
675 2524 721 2581 est
743 2523 779 2580 ut
800 2538 880 2582 vana
902 2538 954 2597 spe
973 2520 1078 2580 ductus
1097 2539 1199 2597 super·

132 2631 159 2672 aa
178 2608 249 2669 bam
267 2609 327 2667 iret
343 2608 376 2667 in
393 2627 496 2669 vocem
514 2609 614 2669 dicens
633 2610 720 2670 haec:
737 2627 793 2683 qao
811 2610 900 2685 sapas,
914 2608 1037 2669 Aeaea?
1055 2609 1199 2670 thalamo

177 2715 216 2757 uc
239 2697 338 2757 desere
354 2702 472 2773 pactos:
495 2699 582 2776 quid,
604 2700 718 2774 inquit,
741 2698 834 2777 fugis,
858 2696 981 2758 Aenea?
1004 2701 1200 2776 expectant

178 2789 300 2847 servata
321 2789 477 2864 pactorum
500 2789 558 2848 fide
577 2790 714 2865 optatam
732 2788 824 2847 ducas
842 2806 972 2848 uxorem.
1007 2787 1063 2847 bac
1080 2788 1260 2850 dubitasset

178 2878 284 2937 deutra
301 2877 387 2936 attae
405 2879 537 2952 quaesito
551 2894 607 2951 per
625 2877 739 2936 uades:
762 2895 817 2954 ego
835 2876 893 2936 tihi
910 2894 979 2936 mea
996 2876 1101 2937 dextra
1119 2877 1197 2939 dabo

178 2970 292 3026 terram
322 2985 414 3043 quam
444 2967 496 3026 diu
526 2966 672 3044 quaesisti
700 2985 755 3043 per
782 2966 886 3025 maria.
937 2966 1011 3026 telio
1032 2967 1198 3039 uociferans

131 3079 160 3119 so
177 3056 310 3128 aequitas
331 3056 518 3129 comamque
540 3059 673 3116 suescat
693 3071 860 3115 macroaem
882 3073 935 3115 aec
951 3058 1030 3129 ferre
1046 3055 1125 3115 videt
1141 3073 1198 3116 sao

176 3144 293 3219 quauta
309 3149 423 3205 oenus:
440 3145 589 3205 clamabat
607 3148 639 3205 et
656 3144 838 3223 sequebatur
854 3144 1029 3223 fugientem,
1047 3144 1199 3223 gaudebat

179 3252 299 3310 quoque
329 3236 360 3293 et
389 3235 527 3295 strictim
555 3234 692 3314 gladium
719 3234 861 3313 portabat
882 3236 988 3311 utpote
1012 3237 1135 3311 paratus
1160 3234 1198 3294 ad

252 3403 463 3460 taateomN.
517 3405 807 3461 outo-animose.
830 3405 833 3477 t
854 3403 1106 3461 wmaraucved.
1121 3422 1198 3475 aspe-

177 3481 309 3531 rareteer?
360 3476 511 3531 8a'an‘tare
524 3473 550 3528 V
564 3492 633 3529 corr.
648 3475 691 3530 ed.
744 3481 777 3530 lt
795 3478 828 3531 ia
840 3477 909 3545 supa
922 3475 955 3532 V.
1007 3482 1041 3532 to
1055 3478 1198 3532 mausum

179 3545 317 3618 (etinfra)
334 3546 378 3602 ed.
434 3551 468 3600 18
487 3553 551 3602 cate
565 3546 609 3601 ed.
665 3551 699 3601 19
717 3547 815 3603 tumV
832 3547 979 3604 tameaed.
1002 3547 1200 3620 ipraeoiderat

178 3617 224 3674 ed.
275 3624 310 3672 22
329 3618 405 3673 ausit
417 3621 512 3688 (supra
525 3620 610 3687 recte)
624 3617 658 3674 V.
709 3619 876 3677 idoarasV
889 3636 982 3677 awaus
995 3619 1043 3677 ed,
1088 3622 1214 3674 *athaes

179 3706 231 3743 om.
248 3688 289 3742 ed.
362 3694 396 3742 31
415 3695 580 3749 ventosam.
597 3690 630 3750 V.
708 3697 743 3751 82
761 3693 922 3769 utpoteb.‘
