2725 4150
549 333 790 390 Amnmosm
1113 338 1178 406 257

162 521 278 564 summo
308 501 423 564 deiecta
453 505 628 579 quaerentes
661 503 790 580 adipisci
821 504 986 565 victoriam.
1037 521 1090 564 nec
1117 506 1180 564 ium
1190 518 1242 568 515

161 593 331 666 sufiiciunt:
359 592 422 652 iam
448 596 550 652 tamen
573 596 734 670 coeperant
756 593 849 669 vinci,
876 596 907 653 et
930 594 1180 671 expugnationem

162 681 351 760 superiorum
378 683 455 741 ferre
481 700 540 740 non
567 699 664 757 posse.
709 685 810 759 petest
835 683 891 742 hoc
919 685 950 742 et
977 682 1013 742 de
1042 682 1180 742 Troianis

161 772 312 850 intellegi,
335 772 416 848 qued
433 770 586 830 fundendo
606 775 697 848 atque
716 773 863 832 mittendo
887 771 1072 832 defecissent.
1109 790 1181 831 nam

129 879 223 934 sque
247 861 351 935 putus
382 861 503 919 inminet
529 860 645 935 inpens,
673 862 824 920 inmunem
856 863 962 921 Teucri
987 861 1092 921 motem
1122 860 1182 920 not·

162 954 290 1023 uinique
326 950 515 1023 trahuntque:
555 949 603 1008 hic
640 950 835 1010 confirmatur
872 952 954 1027 quod
985 951 1183 1011 Troianorum

163 1039 291 1099 defectio
326 1040 423 1117 magis
461 1038 543 1099 dicta
574 1039 615 1099 sit
650 1059 744 1115 quam
775 1040 970 1118 Rutulorum
1008 1059 1079 1100 nam
1115 1059 1183 1099 cum

162 1130 281 1188 minuta
308 1128 384 1187 nihil
411 1128 608 1205 profecissent
635 1132 666 1188 et
693 1129 803 1188 virium
831 1130 978 1190 extitisset
999 1149 1111 1209 magna
1133 1129 1182 1189 de·

163 1219 267 1292 sectio,
295 1236 386 1295 super
412 1221 626 1295 congregatam
652 1218 877 1277 multitudinem
903 1238 1046 1298 magnam
1072 1219 1183 1279 molem

117 1306 310 1367 retrahendo
343 1309 435 1383 atque
467 1306 614 1368 volvendo
646 1308 793 1366 miserunt
824 1308 948 1367 Troiani
979 1308 1182 1386 praecipitem

164 1396 385 1456 aestimandum
414 1398 460 1455 est
482 1395 555 1473 quid
578 1395 718 1456 habuerit
739 1396 832 1456 moles
855 1397 910 1455 illa
932 1398 1072 1474 ponderis
1096 1416 1183 1474 quae,

164 1505 233 1545 cum
262 1486 335 1544 ferri
364 1502 424 1544 non
455 1487 570 1562 posset,
601 1487 700 1545 tracta
731 1486 764 1543 in
796 1504 936 1561 praeceps
966 1487 1015 1546 vel
1044 1486 1184 1547 involuta

163 1575 314 1652 pervenit3
337 1594 374 1633 ne
397 1577 499 1633 autem
521 1577 554 1633 in
573 1574 697 1634 dubium
714 1575 843 1650 veniret,
861 1576 1078 1653 praecipitatae
1096 1575 1183 1635 molis

164 1667 287 1725 eventus
311 1664 410 1723 dictus
433 1666 491 1724 est:
521 1681 596 1737 qune
622 1664 729 1741 strauit
750 1663 877 1723 Rutulos
900 1665 957 1724 tute
979 1681 1185 1737 urmnuntque

118 1771 144 1812 u
162 1753 282 1814 resoluit
303 1754 444 1827 terminu:
471 1771 562 1830 super
584 1771 659 1830 quos
683 1771 751 1812 cnm
778 1754 867 1813 tanta
888 1756 977 1812 ruina
999 1753 1184 1829 concidisset,

163 1861 234 1902 mex
261 1859 311 1902 eos
338 1843 459 1902 necavit
486 1845 541 1901 aut
564 1842 662 1902 solvit.
708 1859 761 1901 nco
784 1847 890 1902 curant
912 1861 994 1903 cucco
1017 1843 1185 1903 contendere

163 1933 266 1991 Morte
289 1931 418 2004 amptius
441 1931 569 1990 audaces
590 1931 709 2000 Rutuli,
732 1932 784 1991 sed
801 1933 911 2005 pellere
928 1932 1005 1992 catto
1023 1933 1247 1997 missittustto

164 2025 290 2081 cenent:
312 2024 382 2097 post
403 2022 516 2081 factam
540 2020 575 2081 de
599 2021 661 2081 suis
684 2021 817 2099 stragem
839 2023 920 2082 ultra
942 2041 1003 2082 non
1026 2022 1093 2083 ausi
1116 2025 1186 2083 sunt

163 2110 272 2169 Rutuli
299 2112 480 2171 testudinem
509 2113 637 2185 struere,
666 2110 718 2170 sed
747 2115 864 2172 remota
893 2111 996 2172 fraude
1027 2115 1118 2189 atque
1139 2113 1185 2172 in·

118 2218 146 2258 ro
164 2200 250 2259 sidiis
280 2199 396 2259 bellicis
424 2204 586 2277 coeperunt
614 2199 778 2261 missilibus
809 2204 840 2261 et
863 2204 968 2277 aperta
995 2200 1186 2262 dimicatione

164 2292 288 2349 comare.
334 2290 407 2366 quia
437 2308 529 2365 snpra
558 2288 637 2348 dixit
663 2289 857 2367 „quaerunt“
886 2294 916 2351 et
946 2290 1064 2351 addidit
1093 2310 1185 2368 „pars

165 2378 281 2438 aditum
308 2380 338 2437 et
365 2379 453 2439 scalis
482 2377 640 2438 ascendere
666 2378 802 2454 muros“,
829 2381 886 2439 hoc
912 2380 1012 2456 ipsum
1036 2383 1187 2455 quaerunt

165 2467 205 2527 ad
234 2468 346 2528 multas
376 2467 486 2545 partis,
517 2486 578 2527 non
610 2467 649 2527 ad
681 2487 773 2528 unam
806 2468 951 2545 pertinet3
983 2469 1109 2545 denique
1142 2469 1187 2529 ait

160 2560 249 2630 purte
284 2557 348 2616 utin
382 2557 546 2616 horrendus
581 2558 649 2616 uisu
685 2559 847 2629 quassabat
876 2556 1038 2616 Etruscum
1063 2558 1186 2630 pinum:

118 2662 145 2703 ss
164 2646 345 2705 horrendum
372 2645 449 2706 dixit
473 2647 542 2706 visu
564 2648 679 2705 trucem
703 2646 803 2705 animo
826 2649 857 2705 et
880 2663 1001 2722 corpore
1023 2646 1185 2724 ingentem.
1243 2707 1247 2714 ,

166 2741 192 2796 et
217 2736 375 2808 fumiferos
401 2736 493 2807 infert
519 2736 685 2794 Mezentius
711 2735 805 2810 inuis:
832 2736 899 2795 ibat
921 2754 991 2813 crgo
1014 2735 1186 2811 Mezentius,

165 2843 255 2900 quem
272 2825 374 2885 videre
396 2823 605 2885 tantummodo
627 2843 756 2901 magnus
774 2825 874 2884 iuerat
891 2826 1015 2899 tremor,
1038 2824 1186 2884 concutie-

165 2915 220 2973 bat
241 2912 360 2990 pinum,
387 2934 448 2974 non
470 2915 592 2990 pineam
618 2915 729 2988 facem,
760 2913 812 2973 sed
838 2915 937 2991 ipsam
964 2913 1100 2975 arborem
1122 2915 1188 2991 pini

165 3004 347 3062 fumiferam.
399 3004 464 3079 pini
496 3002 584 3078 dixit,
617 3004 690 3080 quia
722 3002 777 3062 hoc
805 3003 949 3063 materiae
979 3022 1088 3081 genus,
1119 3023 1187 3063 cnm

119 3093 265 3168 scandet,
301 3091 467 3169 plurimum
499 3092 616 3152 fumum
647 3091 761 3152 emittit
792 3113 828 3151 ex
860 3111 899 3153 se.
954 3097 986 3152 at
1015 3084 1186 3166 Messapus,

166 3200 272 3254 equum
294 3182 425 3250 domun,
447 3181 600 3256 Neptunia
621 3182 731 3256 protes,
754 3183 894 3241 rescindit
916 3183 1028 3241 uultum
1047 3187 1072 3241 et
1089 3183 1188 3242 sectus

166 3272 207 3331 od
229 3271 345 3329 moenia
363 3272 474 3343 noser:
496 3289 562 3330 ecce
586 3271 648 3331 alia
670 3289 754 3348 pars,
783 3272 815 3330 in
845 3291 907 3349 qua
936 3271 997 3330 fuit
1023 3271 1187 3348 Messapus,

165 3361 321 3438 Neptunia
343 3360 456 3436 proles,
479 3359 558 3420 filius
582 3359 697 3420 scilicet
719 3362 864 3421 eversoris
885 3360 992 3421 Troiae
1014 3364 1045 3420 et
1068 3362 1188 3438 antiqui

239 3518 255 3566 3
272 3518 361 3581 potest
373 3510 399 3565 V
412 3519 504 3581 posset
522 3513 566 3567 ed.
639 3514 820 3581 nectuntque
833 3512 866 3568 V.
940 3514 1145 3583 Sprofieisseut
1164 3512 1188 3565 V

163 3586 328 3654 proficerent
341 3583 386 3637 ed.
437 3590 469 3638 lt
484 3585 611 3640 cunutus
623 3583 657 3638 V.
710 3589 743 3638 18
761 3583 845 3640 usiV
860 3601 929 3640 corr.
944 3585 987 3639 ed.
1042 3590 1077 3638 22
1096 3602 1188 3639 asceu-

166 3656 230 3712 dere
247 3654 273 3707 V
296 3655 472 3711 conscendere
497 3654 540 3711 cd.
618 3660 653 3711 26
678 3657 831 3731 et-ipuis
852 3658 924 3729 post
946 3659 1051 3729 maura
1070 3655 1147 3709 abb.
1160 3654 1213 3707 ab.

165 3732 201 3779 28
211 3728 326 3793 pineam
344 3724 369 3779 V
375 3742 501 3794 paream
518 3728 565 3786 ed.

201 3831 261 3870 Don.
270 3831 367 3883 interpr.
378 3835 445 3888 Vere.
462 3840 509 3883 vol.
519 3841 555 3885 ΙΙ.
1039 3840 1080 3891 ῃ
