2725 4150
533 326 775 383 musmosxu
1097 329 1163 397 445

142 496 191 555 r'lle
204 497 307 555 arbem
315 494 497 571 Argyripam
506 496 626 569 patriae
639 497 807 570 waaomtae
817 496 912 570 aeratis
925 496 1016 555 uiator
1028 493 1165 570 Gargani

143 586 283 644 eradebat
299 584 424 660 Iapygis
443 586 532 644 arar's.
566 585 706 662 quianon
723 583 856 645 erederet
873 585 971 645 risum
989 583 1165 660 Diomeden,

143 694 211 734 oum
239 677 270 733 et
297 678 380 734 aetus
406 675 470 733 eius
493 674 606 752 legatio
634 677 725 734 aauta
753 673 941 751 diligensque
967 674 1105 732 narraret
1134 676 1165 733 et

143 764 321 841 adiungeret
348 762 479 840 plurima
506 782 583 839 quae
607 763 705 822 fidem¹
721 763 853 823 facerent
880 760 1049 824 universis?
1094 781 1163 822 nam

111 857 173 912 eet
196 853 285 912 oondi
306 852 438 929 patriam
461 854 493 911 et
514 871 623 912 nomen
646 853 710 912 eius
733 854 764 912 et
785 851 865 911 unde
888 851 921 911 id
939 870 1047 911 nomen
1065 852 1163 911 trahe·

142 945 224 1002 retur
243 944 274 1001 et
291 943 445 1002 fortunam
462 941 617 1002 condentis
635 941 720 1001 dixit
748 945 905 1016 postquam
918 941 1078 1017 congressi:
1096 959 1164 1001 oon·

142 1031 226 1110 gredi
255 1034 300 1090 est
325 1032 383 1092 hoe
409 1031 475 1090 looo
506 1031 586 1108 quod
614 1032 807 1090 oaourrerunt
829 1030 969 1091 Diomedi
992 1030 1164 1109 gradiendo,

142 1125 177 1180 ut
195 1120 330 1181 dexteras
353 1120 525 1199 iungerent,
548 1122 579 1180 et
597 1120 711 1179 fartum
734 1123 779 1180 est
800 1119 882 1196 quod
899 1122 946 1180 est
964 1119 1082 1199 signum
1100 1139 1164 1181 sos·

142 1211 246 1284 ceptae
277 1209 428 1270 amicitiae
457 1212 494 1269 ut
518 1208 551 1268 in
574 1211 681 1270 octavo
705 1200 801 1291 (467)
831 1210 1006 1287 „congressi
1034 1211 1164 1289 iungunt

97 1314 124 1353 ιο
143 1300 273 1373 dextraS,
296 1299 462 1375 mediisque
479 1298 617 1358 residunt
635 1296 792 1357 aedibus“.
820 1317 891 1377 ergo
909 1301 1072 1377 postquam
1095 1318 1163 1359 oon·

142 1389 249 1466 gressi,
272 1388 385 1465 inquit,
409 1407 510 1449 sumus
543 1392 570 1448 et
591 1405 691 1447 eoram
717 1388 790 1447 data
812 1389 897 1462 eopia
913 1388 1015 1461 fandi,
1039 1390 1070 1447 et
1092 1388 1164 1448 data

141 1481 187 1536 est
209 1479 342 1554 potestas
366 1496 433 1538 eum
455 1480 612 1555 praesente
631 1476 787 1553 loquendi,
809 1494 935 1536 mraera
949 1476 1163 1550 praeterieras.-

140 1566 317 1642 praeeedere
336 1569 415 1627 enim
431 1566 607 1644 obsequium
625 1568 656 1626 et
669 1565 865 1626 commoditas
878 1584 1037 1625 munerum
1051 1565 1163 1642 debuit,

140 1657 175 1714 ut
185 1659 342 1716 secuturus
357 1665 453 1717 sermo
469 1658 550 1717 auris
560 1655 715 1716 Diomedis
730 1657 887 1734 gratanter
899 1656 1037 1715 intraret.
1058 1672 1164 1714 aerata

96 1766 122 1805 15
135 1746 325 1818 patriamque
353 1746 501 1806 mamas:
530 1746 660 1805 diximus
691 1745 744 1822 qui
774 1763 903 1805 essemus
931 1746 963 1804 et
988 1742 1076 1805 unde.
1113 1745 1164 1817 qai
1172 1753 1225 1802 250

141 1833 247 1891 bellam
269 1835 435 1895 iatalertrrt:
463 1835 663 1896 subtilitatem
690 1837 796 1897 narrat
818 1852 879 1910 qua
904 1853 977 1895 usus
1008 1836 1055 1895 est
1081 1834 1163 1910 apud

140 1921 318 1997 Diomeden,
348 1926 385 1983 ut
415 1923 527 1984 diceret
548 1924 640 1984 Troes
669 1922 783 1983 bellum
811 1922 961 1999 intulisse,
991 1923 1071 2001 quod
1102 1942 1162 1983 non

140 2011 241 2071 fuerat
259 2013 382 2072 fastum.
415 2014 582 2075 deformare
600 2012 713 2092 quippe
732 2031 781 2074 eos
800 2011 871 2072 lieet
884 2013 960 2075 falso
975 2016 1162 2090 convenerat,

141 2103 221 2177 quod
235 2122 295 2161 non
313 2102 346 2160 in
365 2103 428 2164 suis
446 2104 579 2180 sedibus,
602 2102 685 2181 quod
700 2101 785 2179 vieti,
805 2103 885 2180 quod
899 2104 1062 2182 peregrini,
1081 2102 1162 2181 quod

95 2213 123 2252 ro
139 2192 280 2269 naufragi
311 2192 385 2251 aivis
413 2193 491 2253 bello
520 2213 575 2271 per
602 2192 797 2253 insolentiam
824 2196 1045 2269 provocassent
1087 2210 1162 2266 qaae

140 2297 232 2339 caasa
260 2281 413 2340 attraxerit
433 2281 549 2355 Arpos:
575 2285 691 2358 quanta
712 2281 844 2341 brevitas
871 2280 1040 2342 relationis!
1070 2300 1161 2358 quam

140 2370 183 2428 sio
205 2370 333 2445 proferri
358 2373 551 2447 convenerat,
577 2371 627 2431 vel
654 2372 727 2449 quia
755 2370 816 2431 alia
842 2370 992 2449 urgebant
1018 2370 1067 2430 vel
1090 2370 1162 2448 quia

140 2458 302 2518 scientibus
326 2459 524 2538 loquebatu13
549 2479 620 2520 nam
643 2479 766 2521 narrare
789 2458 950 2536 unicuique
974 2458 1055 2536 quod
1077 2459 1162 2519 novit

140 2550 213 2608 satis
233 2550 378 2609 vitiosum
395 2552 449 2609 est
485 2541 600 2610 interdu
618 2550 710 2609 semel
727 2549 860 2629 positum
878 2548 1018 2609 doeemur
1042 2548 1160 2625 saepius

94 2657 121 2697 se
140 2637 281 2697 debemus
295 2639 441 2714 aeoipere,
460 2638 553 2699 nteit
568 2656 676 2698 nomen
691 2637 843 2715 docemus,
862 2638 993 2715 patriam
1012 2636 1161 2714 docemus,

141 2728 192 2802 qui
210 2727 322 2786 bellum
339 2728 499 2787 intulerint
516 2727 669 2803 daremus,
688 2746 765 2805 quae
784 2746 875 2788 eausa
889 2728 1049 2787 attraxerit
1062 2726 1161 2805 Arpos

139 2817 287 2875 docemus.
324 2817 448 2887 aradis,
467 2817 527 2878 ¹hoe
550 2819 597 2879 est
619 2816 749 2893 acceptis
772 2836 849 2893 quae
870 2817 1011 2893 diximus,
1034 2816 1161 2876 arbitra·

138 2904 245 2963 bamur
272 2907 413 2966 continuo
440 2926 510 2967 eum
536 2906 691 2984 postulata
725 2906 884 2966 laetorum.
923 2906 973 2966 r'lte
1001 2906 1086 2965 leaeo:
1112 2924 1160 2964 ex·

138 3013 285 3070 ponamus
315 3014 406 3072 quam
434 2995 497 3056 rim
531 2993 590 3055 duo
629 2998 690 3055 ista
724 2996 902 3073 pronomina
933 2997 1068 3055 teneant:
1099 2994 1160 3070 ille,

93 3103 120 3141 eo
139 3085 338 3143 Troianorum
361 3084 476 3145 soilioet
497 3084 593 3145 hostis
621 3084 754 3162 antious,
783 3084 849 3160 ille,
877 3085 916 3145 ad
939 3104 1027 3161 quem
1049 3103 1160 3163 magno

211 3293 425 3361 1ar9rrr'ppam
438 3289 472 3346 V.
532 3292 728 3362 amorraei
744 3291 818 3345 intro
851 3290 896 3345 reti
914 3290 957 3346 ed.
1013 3289 1159 3345 traimV

137 3368 176 3416 ea
201 3378 269 3417 corr.
294 3362 337 3417 ed.
373 3362 377 3434 Ι
410 3364 460 3418 tor
484 3362 775 3418 ammittantur·
847 3367 1024 3417 ocaarerrmt
1046 3362 1085 3417 D.
1108 3377 1159 3415 nos

137 3435 243 3486 temere
266 3435 335 3487 mut.
355 3433 399 3488 ed.
477 3438 510 3487 10
529 3434 625 3489 ditae
643 3432 670 3487 V
688 3433 802 3488 ardebas
820 3449 871 3487 nos
890 3433 1000 3488 sedibus
1018 3432 1062 3487 ed.
1081 3431 1159 3486 loeus

138 3504 168 3558 in
193 3503 258 3557 VIII
284 3504 378 3573 periit.
409 3505 413 3576 l
446 3506 605 3575 introgressi
633 3504 676 3558 ed.
758 3510 791 3558 14
818 3505 969 3575 gradanter
992 3506 1026 3557 ut
1052 3508 1108 3557 124
1124 3502 1165 3556 V.

139 3580 172 3628 16
200 3576 354 3631 iatakraat
376 3575 448 3699 Vq
481 3582 602 3632 aanaat
623 3575 650 3630 V
675 3592 745 3632 aorr.
771 3575 818 3633 ed.
898 3580 934 3631 ri
965 3575 1078 3629 dooeret
1104 3570 1187 3622 Μ-

139 3652 172 3699 18
190 3646 305 3712 sateeV
324 3663 391 3701 eorr.
411 3662 454 3703 e.
519 3647 680 3707 ltaietiV
702 3644 1023 3723 quartusomne.
1087 3643 1128 3691 ‘ui
1152 3634 1207 3683 ὅθ·

131 3718 541 3786 emmerammianos.
564 3722 569 3800 Ι
589 3726 820 3785 arbitrabarrtwr
842 3722 893 3780 ad.
958 3720 1000 3774 ‘ab
1019 3708 1159 3769 bouum
1178 3696 1233 3745 ὦ·
