<?xml version="1.0" encoding="UTF-8"?>
<!DOCTYPE html PUBLIC "-//W3C//DTD XHTML 1.0 Transitional//EN"
    "http://www.w3.org/TR/xhtml1/DTD/xhtml1-transitional.dtd">
<html xmlns="http://www.w3.org/1999/xhtml" xml:lang="en" lang="en">
 <head>
  <title>
</title>
<meta http-equiv="Content-Type" content="text/html;charset=utf-8" />
  <meta name='ocr-system' content='tesseract 3.04.00' />
  <meta name='ocr-capabilities' content='ocr_page ocr_carea ocr_par ocr_line ocrx_word'/>
</head>
<body>
  <div class='ocr_page' id='page_1' title='image "./tibericlaudidon00georgoog_0280.png"; bbox 0 0 2725 4150; ppageno 0'>
   <div class='ocr_carea' id='block_1_1' title="bbox 560 344 1190 416">
    <p class='ocr_par' dir='ltr' id='par_1_1' title="bbox 560 344 1190 416">
     <span class='ocr_line' id='line_1_1' title="bbox 560 344 1190 416; baseline 0 -16"><span class='ocrx_word' id='word_1_1' title='bbox 560 344 744 400; x_wconf 75' lang='lat' dir='ltr'>AENEIDOS</span> <span class='ocrx_word' id='word_1_2' title='bbox 762 345 801 400; x_wconf 83' lang='lat' dir='ltr'>1x</span> <span class='ocrx_word' id='word_1_3' title='bbox 1125 351 1190 416; x_wconf 76' lang='lat'>271</span> 
     </span>
    </p>
   </div>
   <div class='ocr_carea' id='block_1_2' title="bbox 122 513 1251 3271">
    <p class='ocr_par' dir='ltr' id='par_1_2' title="bbox 122 513 1251 3271">
     <span class='ocr_line' id='line_1_2' title="bbox 171 513 1191 592; baseline 0.003 -19"><span class='ocrx_word' id='word_1_4' title='bbox 171 515 251 573; x_wconf 89' lang='lat' dir='ltr'>mine</span> <span class='ocrx_word' id='word_1_5' title='bbox 278 532 419 574; x_wconf 86' lang='lat' dir='ltr'>revocare</span> <span class='ocrx_word' id='word_1_6' title='bbox 447 513 589 592; x_wconf 87' lang='lat' dir='ltr'>cupiebat</span> <span class='ocrx_word' id='word_1_7' title='bbox 615 514 741 575; x_wconf 82' lang='lat' dir='ltr'>extollit.</span> <span class='ocrx_word' id='word_1_8' title='bbox 788 515 921 575; x_wconf 86' lang='lat' dir='ltr'>sufficiat</span> <span class='ocrx_word' id='word_1_9' title='bbox 947 519 991 592; x_wconf 90' lang='lat' dir='ltr'>te,</span> <span class='ocrx_word' id='word_1_10' title='bbox 1018 516 1132 592; x_wconf 86' lang='lat' dir='ltr'>inquit,</span> <span class='ocrx_word' id='word_1_11' title='bbox 1158 517 1191 576; x_wconf 89' lang='lat' dir='ltr'>in</span> 
     </span>
     <span class='ocr_line' id='line_1_3' title="bbox 171 602 1192 680; baseline 0.006 -19"><span class='ocrx_word' id='word_1_12' title='bbox 171 603 244 680; x_wconf 90' lang='lat' dir='ltr'>ipsis</span> <span class='ocrx_word' id='word_1_13' title='bbox 268 605 382 680; x_wconf 86' lang='lat' dir='ltr'>coeptis</span> <span class='ocrx_word' id='word_1_14' title='bbox 406 604 491 662; x_wconf 88' lang='lat' dir='ltr'>etin</span> <span class='ocrx_word' id='word_1_15' title='bbox 514 602 635 664; x_wconf 83' lang='lat' dir='ltr'>exordio</span> <span class='ocrx_word' id='word_1_16' title='bbox 658 604 818 680; x_wconf 76' lang='lat' dir='ltr'>placuisse,</span> <span class='ocrx_word' id='word_1_17' title='bbox 846 608 952 666; x_wconf 88' lang='lat' dir='ltr'>auctus</span> <span class='ocrx_word' id='word_1_18' title='bbox 976 623 1006 665; x_wconf 89' lang='lat' dir='ltr'>es</span> <span class='ocrx_word' id='word_1_19' title='bbox 1029 606 1100 665; x_wconf 86' lang='lat' dir='ltr'>novi</span> <span class='ocrx_word' id='word_1_20' title='bbox 1117 607 1192 667; x_wconf 84' lang='lat' dir='ltr'>facti</span> 
     </span>
     <span class='ocr_line' id='line_1_4' title="bbox 171 691 1191 770; baseline 0.004 -19"><span class='ocrx_word' id='word_1_21' title='bbox 171 711 322 767; x_wconf 81' lang='lat' dir='ltr'>successu,</span> <span class='ocrx_word' id='word_1_22' title='bbox 354 691 397 752; x_wconf 91' lang='lat' dir='ltr'>sic</span> <span class='ocrx_word' id='word_1_23' title='bbox 426 694 601 768; x_wconf 85' lang='lat' dir='ltr'>pervenitur</span> <span class='ocrx_word' id='word_1_24' title='bbox 629 694 667 752; x_wconf 87' lang='lat' dir='ltr'>ad</span> <span class='ocrx_word' id='word_1_25' title='bbox 697 695 827 770; x_wconf 85' lang='lat' dir='ltr'>caelum,</span> <span class='ocrx_word' id='word_1_26' title='bbox 859 713 913 754; x_wconf 89' lang='lat' dir='ltr'>nec</span> <span class='ocrx_word' id='word_1_27' title='bbox 942 694 999 754; x_wconf 88' lang='lat' dir='ltr'>tibi</span> <span class='ocrx_word' id='word_1_28' title='bbox 1029 695 1087 755; x_wconf 89' lang='lat' dir='ltr'>erit</span> <span class='ocrx_word' id='word_1_29' title='bbox 1118 696 1191 755; x_wconf 91' lang='lat' dir='ltr'>haec</span> 
     </span>
     <span class='ocr_line' id='line_1_5' title="bbox 171 782 1190 863; baseline 0.004 -23"><span class='ocrx_word' id='word_1_30' title='bbox 171 783 255 842; x_wconf 89' lang='lat' dir='ltr'>sedes</span> <span class='ocrx_word' id='word_1_31' title='bbox 277 783 411 858; x_wconf 84' lang='lat' dir='ltr'>insueta3</span> <span class='ocrx_word' id='word_1_32' title='bbox 438 800 509 841; x_wconf 84' lang='lat' dir='ltr'>nam</span> <span class='ocrx_word' id='word_1_33' title='bbox 531 782 588 843; x_wconf 90' lang='lat' dir='ltr'>diis</span> <span class='ocrx_word' id='word_1_34' title='bbox 611 783 731 860; x_wconf 80' lang='lat' dir='ltr'>genitus</span> <span class='ocrx_word' id='word_1_35' title='bbox 755 787 786 843; x_wconf 86' lang='lat' dir='ltr'>et</span> <span class='ocrx_word' id='word_1_36' title='bbox 808 784 963 862; x_wconf 84' lang='lat' dir='ltr'>geniturus</span> <span class='ocrx_word' id='word_1_37' title='bbox 987 782 1057 844; x_wconf 91' lang='lat' dir='ltr'>deos</span> <span class='ocrx_word' id='word_1_38' title='bbox 1081 783 1190 863; x_wconf 83' lang='lat' dir='ltr'>dignus</span> 
     </span>
     <span class='ocr_line' id='line_1_6' title="bbox 143 871 1189 951; baseline 0.006 -25"><span class='ocrx_word' id='word_1_39' title='bbox 143 885 201 932; x_wconf 81' lang='lat' dir='ltr'>ees</span> <span class='ocrx_word' id='word_1_40' title='bbox 225 872 280 948; x_wconf 90' lang='lat' dir='ltr'>qui</span> <span class='ocrx_word' id='word_1_41' title='bbox 307 871 448 948; x_wconf 89' lang='lat' dir='ltr'>opinione</span> <span class='ocrx_word' id='word_1_42' title='bbox 470 872 620 933; x_wconf 88' lang='lat' dir='ltr'>factorum</span> <span class='ocrx_word' id='word_1_43' title='bbox 648 873 687 932; x_wconf 93' lang='lat' dir='ltr'>ad</span> <span class='ocrx_word' id='word_1_44' title='bbox 708 874 777 951; x_wconf 89' lang='lat' dir='ltr'>ipsa</span> <span class='ocrx_word' id='word_1_45' title='bbox 799 891 896 950; x_wconf 90' lang='lat' dir='ltr'>usque</span> <span class='ocrx_word' id='word_1_46' title='bbox 919 875 1002 933; x_wconf 85' lang='lat' dir='ltr'>astra</span> <span class='ocrx_word' id='word_1_47' title='bbox 1024 875 1189 950; x_wconf 86' lang='lat' dir='ltr'>pervenias.</span> 
     </span>
     <span class='ocr_line' id='line_1_7' title="bbox 169 960 1191 1036; baseline 0.004 -18"><span class='ocrx_word' id='word_1_48' title='bbox 169 962 234 1020; x_wconf 79' lang='lat' dir='ltr'>iure</span> <span class='ocrx_word' id='word_1_49' title='bbox 256 961 357 1020; x_wconf 78' lang='lat' dir='ltr'>onmia</span> <span class='ocrx_word' id='word_1_50' title='bbox 381 961 456 1020; x_wconf 81' lang='lat' dir='ltr'>bello</span> <span class='ocrx_word' id='word_1_51' title='bbox 476 965 559 1036; x_wconf 75' lang='lat' dir='ltr'>pente</span> <span class='ocrx_word' id='word_1_52' title='bbox 581 963 636 1022; x_wconf 79' lang='lat' dir='ltr'>sab</span> <span class='ocrx_word' id='word_1_53' title='bbox 654 960 801 1022; x_wconf 77' lang='lat' dir='ltr'><strong><em>Assaraci</em></strong></span> <span class='ocrx_word' id='word_1_54' title='bbox 818 965 881 1036; x_wconf 69' lang='lat' dir='ltr'>sato</span> <span class='ocrx_word' id='word_1_55' title='bbox 903 967 1028 1022; x_wconf 74' lang='lat' dir='ltr'>ccciccc</span> <span class='ocrx_word' id='word_1_56' title='bbox 1049 963 1191 1022; x_wconf 80' lang='lat' dir='ltr'>resident:</span> 
     </span>
     <span class='ocr_line' id='line_1_8' title="bbox 170 1049 1191 1129; baseline 0.002 -21"><span class='ocrx_word' id='word_1_57' title='bbox 170 1068 238 1109; x_wconf 92' lang='lat' dir='ltr'>cum</span> <span class='ocrx_word' id='word_1_58' title='bbox 262 1049 336 1109; x_wconf 91' lang='lat' dir='ltr'>dicit</span> <span class='ocrx_word' id='word_1_59' title='bbox 362 1051 518 1129; x_wconf 86' lang='lat' dir='ltr'>geniturus</span> <span class='ocrx_word' id='word_1_60' title='bbox 541 1069 573 1110; x_wconf 87' lang='lat' dir='ltr'>ss</span> <span class='ocrx_word' id='word_1_61' title='bbox 596 1051 665 1111; x_wconf 88' lang='lat' dir='ltr'>deos</span> <span class='ocrx_word' id='word_1_62' title='bbox 694 1055 725 1111; x_wconf 90' lang='lat' dir='ltr'>et</span> <span class='ocrx_word' id='word_1_63' title='bbox 750 1051 863 1112; x_wconf 87' lang='lat' dir='ltr'>residet</span> <span class='ocrx_word' id='word_1_64' title='bbox 886 1052 1033 1112; x_wconf 89' lang='lat' dir='ltr'>bellorum</span> <span class='ocrx_word' id='word_1_65' title='bbox 1056 1053 1191 1111; x_wconf 90' lang='lat' dir='ltr'>omnium</span> 
     </span>
     <span class='ocr_line' id='line_1_9' title="bbox 170 1139 1191 1218; baseline 0.003 -20"><span class='ocrx_word' id='word_1_66' title='bbox 170 1143 284 1214; x_wconf 85' lang='lat' dir='ltr'>tumor,</span> <span class='ocrx_word' id='word_1_67' title='bbox 309 1158 414 1216; x_wconf 92' lang='lat' dir='ltr'>pacem</span> <span class='ocrx_word' id='word_1_68' title='bbox 436 1139 500 1199; x_wconf 90' lang='lat' dir='ltr'>fore</span> <span class='ocrx_word' id='word_1_69' title='bbox 522 1143 700 1218; x_wconf 73' lang='lat' dir='ltr'>perpetuam</span> <span class='ocrx_word' id='word_1_70' title='bbox 723 1141 851 1218; x_wconf 79' lang='lat' dir='ltr'>spondet</span> <span class='ocrx_word' id='word_1_71' title='bbox 873 1144 904 1201; x_wconf 89' lang='lat' dir='ltr'>et</span> <span class='ocrx_word' id='word_1_72' title='bbox 926 1159 1010 1218; x_wconf 91' lang='lat' dir='ltr'>spem</span> <span class='ocrx_word' id='word_1_73' title='bbox 1032 1141 1191 1218; x_wconf 89' lang='lat' dir='ltr'>pollicetur</span> 
     </span>
     <span class='ocr_line' id='line_1_10' title="bbox 168 1229 1208 1306; baseline -0.002 -18"><span class='ocrx_word' id='word_1_74' title='bbox 168 1231 335 1305; x_wconf 87' lang='lat' dir='ltr'>praesentis</span> <span class='ocrx_word' id='word_1_75' title='bbox 365 1231 510 1306; x_wconf 88' lang='lat' dir='ltr'>temporis</span> <span class='ocrx_word' id='word_1_76' title='bbox 541 1233 572 1289; x_wconf 88' lang='lat' dir='ltr'>et</span> <span class='ocrx_word' id='word_1_77' title='bbox 600 1229 705 1289; x_wconf 88' lang='lat' dir='ltr'>futuri.</span> <span class='ocrx_word' id='word_1_78' title='bbox 754 1247 808 1290; x_wconf 82' lang='lat' dir='ltr'>occ</span> <span class='ocrx_word' id='word_1_79' title='bbox 836 1234 863 1289; x_wconf 85' lang='lat' dir='ltr'>tc</span> <span class='ocrx_word' id='word_1_80' title='bbox 890 1231 981 1290; x_wconf 80' lang='lat' dir='ltr'>Troia</span> <span class='ocrx_word' id='word_1_81' title='bbox 1011 1232 1104 1304; x_wconf 76' lang='lat' dir='ltr'>capit:</span> <span class='ocrx_word' id='word_1_82' title='bbox 1133 1231 1208 1291; x_wconf 88' lang='lat' dir='ltr'>erit.</span> 
     </span>
     <span class='ocr_line' id='line_1_11' title="bbox 127 1317 1190 1397; baseline 0.008 -26"><span class='ocrx_word' id='word_1_83' title='bbox 127 1333 152 1372; x_wconf 80' lang='lat' dir='ltr'>io</span> <span class='ocrx_word' id='word_1_84' title='bbox 168 1319 230 1378; x_wconf 87' lang='lat' dir='ltr'>tale</span> <span class='ocrx_word' id='word_1_85' title='bbox 262 1317 403 1378; x_wconf 87' lang='lat' dir='ltr'>meritum</span> <span class='ocrx_word' id='word_1_86' title='bbox 435 1321 536 1394; x_wconf 87' lang='lat' dir='ltr'>tuum,</span> <span class='ocrx_word' id='word_1_87' title='bbox 572 1322 609 1377; x_wconf 81' lang='lat' dir='ltr'>ut</span> <span class='ocrx_word' id='word_1_88' title='bbox 639 1318 710 1379; x_wconf 91' lang='lat' dir='ltr'>huic</span> <span class='ocrx_word' id='word_1_89' title='bbox 741 1339 802 1379; x_wconf 91' lang='lat' dir='ltr'>non</span> <span class='ocrx_word' id='word_1_90' title='bbox 833 1321 896 1379; x_wconf 87' lang='lat' dir='ltr'>iam</span> <span class='ocrx_word' id='word_1_91' title='bbox 926 1320 1102 1397; x_wconf 88' lang='lat' dir='ltr'>imperium,</span> <span class='ocrx_word' id='word_1_92' title='bbox 1139 1322 1190 1380; x_wconf 88' lang='lat' dir='ltr'>sed</span> 
     </span>
     <span class='ocr_line' id='line_1_12' title="bbox 168 1407 1190 1484; baseline 0.002 -18"><span class='ocrx_word' id='word_1_93' title='bbox 168 1407 296 1468; x_wconf 84' lang='lat' dir='ltr'>fortiora</span> <span class='ocrx_word' id='word_1_94' title='bbox 319 1407 505 1468; x_wconf 87' lang='lat' dir='ltr'>conveniant.</span> <span class='ocrx_word' id='word_1_95' title='bbox 551 1409 640 1467; x_wconf 81' lang='lat' dir='ltr'>simul</span> <span class='ocrx_word' id='word_1_96' title='bbox 661 1410 733 1468; x_wconf 80' lang='lat' dir='ltr'>boec</span> <span class='ocrx_word' id='word_1_97' title='bbox 756 1411 876 1482; x_wconf 75' lang='lat' dir='ltr'>effatua-</span> <span class='ocrx_word' id='word_1_98' title='bbox 897 1410 1016 1470; x_wconf 89' lang='lat' dir='ltr'>locutus</span> <span class='ocrx_word' id='word_1_99' title='bbox 1039 1410 1190 1484; x_wconf 80' lang='lat' dir='ltr'>aethaeo,</span> 
     </span>
     <span class='ocr_line' id='line_1_13' title="bbox 169 1497 1188 1576; baseline -0.001 -19"><span class='ocrx_word' id='word_1_100' title='bbox 169 1497 220 1557; x_wconf 91' lang='lat' dir='ltr'>sed</span> <span class='ocrx_word' id='word_1_101' title='bbox 248 1499 432 1558; x_wconf 81' lang='lat' dir='ltr'>constitutus</span> <span class='ocrx_word' id='word_1_102' title='bbox 459 1497 492 1556; x_wconf 88' lang='lat' dir='ltr'>iu</span> <span class='ocrx_word' id='word_1_103' title='bbox 518 1497 648 1557; x_wconf 88' lang='lat' dir='ltr'>nubibus</span> <span class='ocrx_word' id='word_1_104' title='bbox 677 1501 708 1558; x_wconf 84' lang='lat' dir='ltr'>ct</span> <span class='ocrx_word' id='word_1_105' title='bbox 729 1498 791 1557; x_wconf 89' lang='lat' dir='ltr'>iam</span> <span class='ocrx_word' id='word_1_106' title='bbox 818 1500 980 1576; x_wconf 89' lang='lat' dir='ltr'>antequam</span> <span class='ocrx_word' id='word_1_107' title='bbox 1007 1498 1110 1558; x_wconf 87' lang='lat' dir='ltr'>audire</span> <span class='ocrx_word' id='word_1_108' title='bbox 1133 1497 1188 1557; x_wconf 91' lang='lat' dir='ltr'>As·</span> 
     </span>
     <span class='ocr_line' id='line_1_14' title="bbox 169 1586 1189 1664; baseline -0.001 -18"><span class='ocrx_word' id='word_1_109' title='bbox 169 1588 272 1647; x_wconf 86' lang='lat' dir='ltr'>canius</span> <span class='ocrx_word' id='word_1_110' title='bbox 302 1590 404 1663; x_wconf 88' lang='lat' dir='ltr'>posset</span> <span class='ocrx_word' id='word_1_111' title='bbox 434 1587 521 1664; x_wconf 85' lang='lat' dir='ltr'>qussi</span> <span class='ocrx_word' id='word_1_112' title='bbox 550 1590 739 1664; x_wconf 82' lang='lat' dir='ltr'>praesentem</span> <span class='ocrx_word' id='word_1_113' title='bbox 775 1587 896 1647; x_wconf 75' lang='lat' dir='ltr'>adfatus</span> <span class='ocrx_word' id='word_1_114' title='bbox 927 1591 980 1648; x_wconf 85' lang='lat' dir='ltr'>est.</span> <span class='ocrx_word' id='word_1_115' title='bbox 1033 1587 1085 1647; x_wconf 89' lang='lat' dir='ltr'>sed</span> <span class='ocrx_word' id='word_1_116' title='bbox 1117 1586 1189 1664; x_wconf 86' lang='lat' dir='ltr'>quia</span> 
     </span>
     <span class='ocr_line' id='line_1_15' title="bbox 168 1674 1189 1752; baseline 0 -17"><span class='ocrx_word' id='word_1_117' title='bbox 168 1675 315 1736; x_wconf 88' lang='lat' dir='ltr'>adstantis</span> <span class='ocrx_word' id='word_1_118' title='bbox 352 1675 400 1735; x_wconf 87' lang='lat' dir='ltr'>dei</span> <span class='ocrx_word' id='word_1_119' title='bbox 436 1685 548 1735; x_wconf 87' lang='lat' dir='ltr'>numen</span> <span class='ocrx_word' id='word_1_120' title='bbox 584 1696 659 1752; x_wconf 89' lang='lat' dir='ltr'>puer</span> <span class='ocrx_word' id='word_1_121' title='bbox 688 1678 737 1737; x_wconf 86' lang='lat' dir='ltr'>vel</span> <span class='ocrx_word' id='word_1_122' title='bbox 770 1676 931 1737; x_wconf 89' lang='lat' dir='ltr'>cuiuslibet</span> <span class='ocrx_word' id='word_1_123' title='bbox 967 1677 1076 1737; x_wconf 86' lang='lat' dir='ltr'>aetatis</span> <span class='ocrx_word' id='word_1_124' title='bbox 1112 1674 1189 1735; x_wconf 89' lang='lat' dir='ltr'>alius</span> 
     </span>
     <span class='ocr_line' id='line_1_16' title="bbox 123 1765 1251 1843; baseline 0.004 -25"><span class='ocrx_word' id='word_1_125' title='bbox 123 1778 150 1820; x_wconf 78' lang='lat' dir='ltr'>rs</span> <span class='ocrx_word' id='word_1_126' title='bbox 167 1765 245 1825; x_wconf 81' lang='lat' dir='ltr'>ferre</span> <span class='ocrx_word' id='word_1_127' title='bbox 274 1784 335 1824; x_wconf 91' lang='lat' dir='ltr'>non</span> <span class='ocrx_word' id='word_1_128' title='bbox 367 1766 522 1843; x_wconf 82' lang='lat' dir='ltr'>potuerat,</span> <span class='ocrx_word' id='word_1_129' title='bbox 554 1767 591 1826; x_wconf 85' lang='lat' dir='ltr'>ab</span> <span class='ocrx_word' id='word_1_130' title='bbox 624 1767 683 1825; x_wconf 84' lang='lat' dir='ltr'>alto</span> <span class='ocrx_word' id='word_1_131' title='bbox 714 1766 826 1826; x_wconf 73' lang='lat' dir='ltr'>actam</span> <span class='ocrx_word' id='word_1_132' title='bbox 854 1783 886 1826; x_wconf 85' lang='lat' dir='ltr'>ec</span> <span class='ocrx_word' id='word_1_133' title='bbox 913 1767 1012 1835; x_wconf 77' lang='lat' dir='ltr'>mittit,</span> <span class='ocrx_word' id='word_1_134' title='bbox 1045 1767 1251 1840; x_wconf 71' lang='lat' dir='ltr'>spirantiscce</span> 
     </span>
     <span class='ocr_line' id='line_1_17' title="bbox 167 1855 1189 1932; baseline 0 -18"><span class='ocrx_word' id='word_1_135' title='bbox 167 1856 294 1914; x_wconf 81' lang='lat' dir='ltr'>dimovet</span> <span class='ocrx_word' id='word_1_136' title='bbox 310 1873 412 1925; x_wconf 81' lang='lat' dir='ltr'>curae,</span> <span class='ocrx_word' id='word_1_137' title='bbox 431 1855 500 1915; x_wconf 88' lang='lat' dir='ltr'>illas</span> <span class='ocrx_word' id='word_1_138' title='bbox 519 1855 633 1914; x_wconf 87' lang='lat' dir='ltr'>scilicet</span> <span class='ocrx_word' id='word_1_139' title='bbox 647 1855 757 1932; x_wconf 86' lang='lat' dir='ltr'>quibus</span> <span class='ocrx_word' id='word_1_140' title='bbox 771 1858 876 1916; x_wconf 86' lang='lat' dir='ltr'>vectus</span> <span class='ocrx_word' id='word_1_141' title='bbox 891 1855 929 1915; x_wconf 93' lang='lat' dir='ltr'>ad</span> <span class='ocrx_word' id='word_1_142' title='bbox 942 1857 1038 1915; x_wconf 85' lang='lat' dir='ltr'>terras</span> <span class='ocrx_word' id='word_1_143' title='bbox 1056 1858 1189 1930; x_wconf 82' lang='lat' dir='ltr'>uenerat,</span> 
     </span>
     <span class='ocr_line' id='line_1_18' title="bbox 167 1943 1190 2021; baseline 0.001 -19"><span class='ocrx_word' id='word_1_144' title='bbox 167 1943 389 2016; x_wconf 76' lang='lat' dir='ltr'>Ascaniumque</span> <span class='ocrx_word' id='word_1_145' title='bbox 404 1945 487 2019; x_wconf 81' lang='lat' dir='ltr'>petit,</span> <span class='ocrx_word' id='word_1_146' title='bbox 511 1945 568 2004; x_wconf 92' lang='lat' dir='ltr'>boc</span> <span class='ocrx_word' id='word_1_147' title='bbox 586 1948 632 2005; x_wconf 93' lang='lat' dir='ltr'>est</span> <span class='ocrx_word' id='word_1_148' title='bbox 652 1945 692 2004; x_wconf 90' lang='lat' dir='ltr'>ad</span> <span class='ocrx_word' id='word_1_149' title='bbox 709 1944 874 2005; x_wconf 81' lang='lat' dir='ltr'>Ascanium</span> <span class='ocrx_word' id='word_1_150' title='bbox 893 1946 989 2021; x_wconf 85' lang='lat' dir='ltr'>venit,</span> <span class='ocrx_word' id='word_1_151' title='bbox 1011 1948 1110 2019; x_wconf 76' lang='lat' dir='ltr'>forma</span> <span class='ocrx_word' id='word_1_152' title='bbox 1128 1949 1190 2004; x_wconf 78' lang='lat' dir='ltr'>tecm</span> 
     </span>
     <span class='ocr_line' id='line_1_19' title="bbox 167 2034 1189 2114; baseline 0.002 -22"><span class='ocrx_word' id='word_1_153' title='bbox 167 2035 291 2093; x_wconf 69' lang='lat' dir='ltr'>condar</span> <span class='ocrx_word' id='word_1_154' title='bbox 313 2035 373 2093; x_wconf 82' lang='lat' dir='ltr'>orie</span> <span class='ocrx_word' id='word_1_155' title='bbox 396 2034 551 2107; x_wconf 70' lang='lat' dir='ltr'>antaeum</span> <span class='ocrx_word' id='word_1_156' title='bbox 572 2035 606 2093; x_wconf 80' lang='lat' dir='ltr'>in</span> <span class='ocrx_word' id='word_1_157' title='bbox 623 2034 738 2094; x_wconf 78' lang='lat' dir='ltr'>Buten:</span> <span class='ocrx_word' id='word_1_158' title='bbox 760 2035 868 2114; x_wconf 83' lang='lat' dir='ltr'>deligit</span> <span class='ocrx_word' id='word_1_159' title='bbox 890 2035 953 2095; x_wconf 91' lang='lat' dir='ltr'>eius</span> <span class='ocrx_word' id='word_1_160' title='bbox 976 2035 1106 2097; x_wconf 86' lang='lat' dir='ltr'>hominis</span> <span class='ocrx_word' id='word_1_161' title='bbox 1129 2034 1189 2095; x_wconf 88' lang='lat' dir='ltr'>fcr-</span> 
     </span>
     <span class='ocr_line' id='line_1_20' title="bbox 166 2122 1189 2204; baseline 0.002 -23"><span class='ocrx_word' id='word_1_162' title='bbox 166 2143 249 2182; x_wconf 88' lang='lat' dir='ltr'>mam</span> <span class='ocrx_word' id='word_1_163' title='bbox 273 2122 325 2200; x_wconf 90' lang='lat' dir='ltr'>qui</span> <span class='ocrx_word' id='word_1_164' title='bbox 353 2123 544 2201; x_wconf 85' lang='lat' dir='ltr'>antiquitatis</span> <span class='ocrx_word' id='word_1_165' title='bbox 568 2127 599 2182; x_wconf 87' lang='lat' dir='ltr'>et</span> <span class='ocrx_word' id='word_1_166' title='bbox 622 2124 843 2185; x_wconf 81' lang='lat' dir='ltr'>exercitationis</span> <span class='ocrx_word' id='word_1_167' title='bbox 871 2124 1019 2204; x_wconf 79' lang='lat' dir='ltr'>longilate</span> <span class='ocrx_word' id='word_1_168' title='bbox 1047 2125 1189 2185; x_wconf 81' lang='lat' dir='ltr'>collectae</span> 
     </span>
     <span class='ocr_line' id='line_1_21' title="bbox 122 2212 1188 2292; baseline 0.002 -21"><span class='ocrx_word' id='word_1_169' title='bbox 122 2226 150 2265; x_wconf 72' lang='lat'>2⁰</span> <span class='ocrx_word' id='word_1_170' title='bbox 166 2212 276 2272; x_wconf 89' lang='lat' dir='ltr'>meritc</span> <span class='ocrx_word' id='word_1_171' title='bbox 303 2231 411 2272; x_wconf 89' lang='lat' dir='ltr'>sanum</span> <span class='ocrx_word' id='word_1_172' title='bbox 438 2213 509 2273; x_wconf 89' lang='lat' dir='ltr'>dare</span> <span class='ocrx_word' id='word_1_173' title='bbox 537 2214 694 2273; x_wconf 89' lang='lat' dir='ltr'>consilium</span> <span class='ocrx_word' id='word_1_174' title='bbox 721 2217 824 2292; x_wconf 86' lang='lat' dir='ltr'>posset</span> <span class='ocrx_word' id='word_1_175' title='bbox 850 2217 881 2274; x_wconf 85' lang='lat' dir='ltr'>et</span> <span class='ocrx_word' id='word_1_176' title='bbox 903 2213 1055 2275; x_wconf 87' lang='lat' dir='ltr'>debuisset</span> <span class='ocrx_word' id='word_1_177' title='bbox 1083 2213 1188 2274; x_wconf 88' lang='lat' dir='ltr'>audiri.</span> 
     </span>
     <span class='ocr_line' id='line_1_22' title="bbox 166 2301 1189 2378; baseline 0.003 -19"><span class='ocrx_word' id='word_1_178' title='bbox 166 2303 214 2361; x_wconf 79' lang='lat' dir='ltr'>bic</span> <span class='ocrx_word' id='word_1_179' title='bbox 227 2302 386 2361; x_wconf 79' lang='lat' dir='ltr'>Dardanio</span> <span class='ocrx_word' id='word_1_180' title='bbox 400 2301 549 2362; x_wconf 78' lang='lat' dir='ltr'>Anchisae</span> <span class='ocrx_word' id='word_1_181' title='bbox 567 2304 696 2378; x_wconf 79' lang='lat' dir='ltr'>armipcr</span> <span class='ocrx_word' id='word_1_182' title='bbox 713 2307 781 2362; x_wconf 81' lang='lat' dir='ltr'>cute</span> <span class='ocrx_word' id='word_1_183' title='bbox 797 2305 857 2377; x_wconf 69' lang='lat' dir='ltr'>suit</span> <span class='ocrx_word' id='word_1_184' title='bbox 873 2303 1008 2378; x_wconf 75' lang='lat' dir='ltr'>fidaeque</span> <span class='ocrx_word' id='word_1_185' title='bbox 1026 2304 1067 2363; x_wconf 81' lang='lat' dir='ltr'>ad</span> <span class='ocrx_word' id='word_1_186' title='bbox 1085 2304 1189 2362; x_wconf 81' lang='lat' dir='ltr'>limina</span> 
     </span>
     <span class='ocr_line' id='line_1_23' title="bbox 168 2391 1189 2469; baseline -0.001 -19"><span class='ocrx_word' id='word_1_187' title='bbox 168 2396 279 2450; x_wconf 80' lang='lat' dir='ltr'>custos:</span> <span class='ocrx_word' id='word_1_188' title='bbox 302 2391 433 2469; x_wconf 84' lang='lat' dir='ltr'>armiger</span> <span class='ocrx_word' id='word_1_189' title='bbox 460 2392 532 2456; x_wconf 90' lang='lat' dir='ltr'>belli</span> <span class='ocrx_word' id='word_1_190' title='bbox 554 2394 690 2468; x_wconf 88' lang='lat' dir='ltr'>tempore</span> <span class='ocrx_word' id='word_1_191' title='bbox 718 2396 761 2468; x_wconf 90' lang='lat' dir='ltr'>et,</span> <span class='ocrx_word' id='word_1_192' title='bbox 790 2411 858 2452; x_wconf 93' lang='lat' dir='ltr'>cum</span> <span class='ocrx_word' id='word_1_193' title='bbox 885 2396 963 2452; x_wconf 85' lang='lat' dir='ltr'>esset</span> <span class='ocrx_word' id='word_1_194' title='bbox 984 2392 1129 2451; x_wconf 82' lang='lat' dir='ltr'>Anchises</span> <span class='ocrx_word' id='word_1_195' title='bbox 1157 2392 1189 2449; x_wconf 88' lang='lat' dir='ltr'>in</span> 
     </span>
     <span class='ocr_line' id='line_1_24' title="bbox 168 2480 1188 2556; baseline 0 -17"><span class='ocrx_word' id='word_1_196' title='bbox 168 2482 244 2556; x_wconf 87' lang='lat' dir='ltr'>otio,</span> <span class='ocrx_word' id='word_1_197' title='bbox 272 2480 462 2541; x_wconf 87' lang='lat' dir='ltr'>fidelissimus</span> <span class='ocrx_word' id='word_1_198' title='bbox 491 2482 519 2539; x_wconf 90' lang='lat' dir='ltr'>ei</span> <span class='ocrx_word' id='word_1_199' title='bbox 546 2482 646 2541; x_wconf 81' lang='lat' dir='ltr'>fuerat</span> <span class='ocrx_word' id='word_1_200' title='bbox 673 2486 775 2542; x_wconf 85' lang='lat' dir='ltr'>custos</span> <span class='ocrx_word' id='word_1_201' title='bbox 798 2485 829 2541; x_wconf 90' lang='lat' dir='ltr'>et</span> <span class='ocrx_word' id='word_1_202' title='bbox 852 2501 912 2541; x_wconf 93' lang='lat' dir='ltr'>non</span> <span class='ocrx_word' id='word_1_203' title='bbox 939 2481 977 2540; x_wconf 91' lang='lat' dir='ltr'>ab</span> <span class='ocrx_word' id='word_1_204' title='bbox 1005 2500 1039 2539; x_wconf 94' lang='lat' dir='ltr'>ec</span> <span class='ocrx_word' id='word_1_205' title='bbox 1068 2480 1188 2540; x_wconf 86' lang='lat' dir='ltr'>divelle·</span> 
     </span>
     <span class='ocr_line' id='line_1_25' title="bbox 167 2569 1189 2645; baseline -0.001 -17"><span class='ocrx_word' id='word_1_206' title='bbox 167 2569 267 2628; x_wconf 87' lang='lat' dir='ltr'>batur.</span> <span class='ocrx_word' id='word_1_207' title='bbox 313 2569 422 2630; x_wconf 90' lang='lat' dir='ltr'>dicitur</span> <span class='ocrx_word' id='word_1_208' title='bbox 445 2572 508 2630; x_wconf 89' lang='lat' dir='ltr'>eius</span> <span class='ocrx_word' id='word_1_209' title='bbox 537 2570 628 2630; x_wconf 85' lang='lat' dir='ltr'>etiam</span> <span class='ocrx_word' id='word_1_210' title='bbox 657 2570 741 2629; x_wconf 91' lang='lat' dir='ltr'>aliud</span> <span class='ocrx_word' id='word_1_211' title='bbox 768 2572 923 2645; x_wconf 86' lang='lat' dir='ltr'>meritum,</span> <span class='ocrx_word' id='word_1_212' title='bbox 950 2573 986 2629; x_wconf 86' lang='lat' dir='ltr'>ut</span> <span class='ocrx_word' id='word_1_213' title='bbox 1013 2570 1189 2629; x_wconf 87' lang='lat' dir='ltr'>ostendatur</span> 
     </span>
     <span class='ocr_line' id='line_1_26' title="bbox 123 2657 1188 2738; baseline -0.001 -20"><span class='ocrx_word' id='word_1_214' title='bbox 123 2669 149 2710; x_wconf 77' lang='lat'>²⁵</span> <span class='ocrx_word' id='word_1_215' title='bbox 169 2658 279 2719; x_wconf 88' lang='lat' dir='ltr'>amoris</span> <span class='ocrx_word' id='word_1_216' title='bbox 303 2679 395 2720; x_wconf 90' lang='lat' dir='ltr'>causa</span> <span class='ocrx_word' id='word_1_217' title='bbox 417 2660 503 2719; x_wconf 82' lang='lat' dir='ltr'>iuxta</span> <span class='ocrx_word' id='word_1_218' title='bbox 524 2659 621 2737; x_wconf 86' lang='lat' dir='ltr'>ipsius</span> <span class='ocrx_word' id='word_1_219' title='bbox 643 2663 797 2738; x_wconf 86' lang='lat' dir='ltr'>nepotem:</span> <span class='ocrx_word' id='word_1_220' title='bbox 821 2663 882 2718; x_wconf 81' lang='lat' dir='ltr'>tum</span> <span class='ocrx_word' id='word_1_221' title='bbox 905 2660 1035 2718; x_wconf 75' lang='lat' dir='ltr'>comitem</span> <span class='ocrx_word' id='word_1_222' title='bbox 1056 2657 1188 2718; x_wconf 81' lang='lat' dir='ltr'>Asconio</span> 
     </span>
     <span class='ocr_line' id='line_1_27' title="bbox 163 2747 1188 2822; baseline -0.001 -14"><span class='ocrx_word' id='word_1_223' title='bbox 163 2753 252 2822; x_wconf 83' lang='lat' dir='ltr'>poter</span> <span class='ocrx_word' id='word_1_224' title='bbox 279 2750 409 2809; x_wconf 80' lang='lat' dir='ltr'>addidit:</span> <span class='ocrx_word' id='word_1_225' title='bbox 440 2751 607 2809; x_wconf 86' lang='lat' dir='ltr'>necessario</span> <span class='ocrx_word' id='word_1_226' title='bbox 639 2750 730 2808; x_wconf 89' lang='lat' dir='ltr'>istum</span> <span class='ocrx_word' id='word_1_227' title='bbox 766 2747 973 2808; x_wconf 89' lang='lat' dir='ltr'>fidelissimum</span> <span class='ocrx_word' id='word_1_228' title='bbox 1002 2766 1104 2808; x_wconf 87' lang='lat' dir='ltr'>senem</span> <span class='ocrx_word' id='word_1_229' title='bbox 1132 2748 1188 2807; x_wconf 90' lang='lat' dir='ltr'>tali</span> 
     </span>
     <span class='ocr_line' id='line_1_28' title="bbox 167 2837 1188 2915; baseline 0.001 -20"><span class='ocrx_word' id='word_1_230' title='bbox 167 2840 302 2913; x_wconf 86' lang='lat' dir='ltr'>tempore</span> <span class='ocrx_word' id='word_1_231' title='bbox 331 2837 394 2897; x_wconf 90' lang='lat' dir='ltr'>filio</span> <span class='ocrx_word' id='word_1_232' title='bbox 425 2838 585 2898; x_wconf 86' lang='lat' dir='ltr'>addiderat</span> <span class='ocrx_word' id='word_1_233' title='bbox 613 2842 713 2915; x_wconf 83' lang='lat' dir='ltr'>pater3</span> <span class='ocrx_word' id='word_1_234' title='bbox 742 2837 854 2898; x_wconf 89' lang='lat' dir='ltr'>fidebat</span> <span class='ocrx_word' id='word_1_235' title='bbox 881 2837 960 2897; x_wconf 90' lang='lat' dir='ltr'>enim</span> <span class='ocrx_word' id='word_1_236' title='bbox 988 2837 1069 2914; x_wconf 89' lang='lat' dir='ltr'>quod</span> <span class='ocrx_word' id='word_1_237' title='bbox 1095 2838 1188 2897; x_wconf 89' lang='lat' dir='ltr'>talem</span> 
     </span>
     <span class='ocr_line' id='line_1_29' title="bbox 168 2926 1188 3005; baseline 0 -19"><span class='ocrx_word' id='word_1_238' title='bbox 168 2946 199 2986; x_wconf 91' lang='lat' dir='ltr'>sc</span> <span class='ocrx_word' id='word_1_239' title='bbox 224 2927 504 2988; x_wconf 77' lang='lat' dir='ltr'>essetexbibitums</span> <span class='ocrx_word' id='word_1_240' title='bbox 523 2928 628 3005; x_wconf 92' lang='lat' dir='ltr'>nepoti</span> <span class='ocrx_word' id='word_1_241' title='bbox 646 2928 766 3004; x_wconf 89' lang='lat' dir='ltr'>qualem</span> <span class='ocrx_word' id='word_1_242' title='bbox 789 2927 940 2986; x_wconf 90' lang='lat' dir='ltr'>Anchisae</span> <span class='ocrx_word' id='word_1_243' title='bbox 963 2945 1019 2987; x_wconf 86' lang='lat' dir='ltr'>avc</span> <span class='ocrx_word' id='word_1_244' title='bbox 1041 2926 1074 2986; x_wconf 89' lang='lat' dir='ltr'>in</span> <span class='ocrx_word' id='word_1_245' title='bbox 1097 2927 1188 2986; x_wconf 86' lang='lat' dir='ltr'>armis</span> 
     </span>
     <span class='ocr_line' id='line_1_30' title="bbox 168 3016 1187 3093; baseline 0 -18"><span class='ocrx_word' id='word_1_246' title='bbox 168 3034 199 3075; x_wconf 92' lang='lat' dir='ltr'>se</span> <span class='ocrx_word' id='word_1_247' title='bbox 223 3020 254 3075; x_wconf 82' lang='lat' dir='ltr'>et</span> <span class='ocrx_word' id='word_1_248' title='bbox 270 3018 303 3075; x_wconf 87' lang='lat' dir='ltr'>in</span> <span class='ocrx_word' id='word_1_249' title='bbox 321 3036 395 3092; x_wconf 89' lang='lat' dir='ltr'>pace</span> <span class='ocrx_word' id='word_1_250' title='bbox 413 3017 601 3093; x_wconf 85' lang='lat' dir='ltr'>praebuerat.</span> <span class='ocrx_word' id='word_1_251' title='bbox 638 3036 703 3077; x_wconf 88' lang='lat' dir='ltr'>ecce</span> <span class='ocrx_word' id='word_1_252' title='bbox 723 3017 783 3077; x_wconf 90' lang='lat' dir='ltr'>alia</span> <span class='ocrx_word' id='word_1_253' title='bbox 801 3016 914 3076; x_wconf 81' lang='lat' dir='ltr'>dicitur</span> <span class='ocrx_word' id='word_1_254' title='bbox 932 3035 1022 3077; x_wconf 88' lang='lat' dir='ltr'>causa</span> <span class='ocrx_word' id='word_1_255' title='bbox 1041 3034 1187 3076; x_wconf 90' lang='lat' dir='ltr'>commen·</span> 
     </span>
     <span class='ocr_line' id='line_1_31' title="bbox 123 3104 1188 3185; baseline -0.001 -21"><span class='ocrx_word' id='word_1_256' title='bbox 123 3115 149 3154; x_wconf 76' lang='lat'>⁸⁰</span> <span class='ocrx_word' id='word_1_257' title='bbox 168 3106 301 3165; x_wconf 84' lang='lat' dir='ltr'>dationis</span> <span class='ocrx_word' id='word_1_258' title='bbox 320 3109 350 3166; x_wconf 85' lang='lat' dir='ltr'>et</span> <span class='ocrx_word' id='word_1_259' title='bbox 368 3106 455 3182; x_wconf 89' lang='lat' dir='ltr'>fidei,</span> <span class='ocrx_word' id='word_1_260' title='bbox 478 3127 554 3185; x_wconf 91' lang='lat' dir='ltr'>quae</span> <span class='ocrx_word' id='word_1_261' title='bbox 573 3107 747 3182; x_wconf 88' lang='lat' dir='ltr'>Apollinem</span> <span class='ocrx_word' id='word_1_262' title='bbox 765 3108 876 3166; x_wconf 87' lang='lat' dir='ltr'>fecerat</span> <span class='ocrx_word' id='word_1_263' title='bbox 894 3106 965 3165; x_wconf 87' lang='lat' dir='ltr'>talis</span> <span class='ocrx_word' id='word_1_264' title='bbox 983 3104 1042 3165; x_wconf 77' lang='lat' dir='ltr'>viri</span> <span class='ocrx_word' id='word_1_265' title='bbox 1064 3106 1188 3165; x_wconf 85' lang='lat' dir='ltr'>induere</span> 
     </span>
     <span class='ocr_line' id='line_1_32' title="bbox 168 3196 1250 3271; baseline -0.003 -18"><span class='ocrx_word' id='word_1_266' title='bbox 168 3213 335 3271; x_wconf 87' lang='lat' dir='ltr'>personam.</span> <span class='ocrx_word' id='word_1_267' title='bbox 380 3198 443 3255; x_wconf 83' lang='lat' dir='ltr'>ibat</span> <span class='ocrx_word' id='word_1_268' title='bbox 468 3196 575 3271; x_wconf 82' lang='lat' dir='ltr'>Apollo</span> <span class='ocrx_word' id='word_1_269' title='bbox 602 3198 703 3255; x_wconf 77' lang='lat' dir='ltr'>omnic</span> <span class='ocrx_word' id='word_1_270' title='bbox 726 3197 863 3271; x_wconf 77' lang='lat' dir='ltr'>tenpuecc</span> <span class='ocrx_word' id='word_1_271' title='bbox 890 3196 1009 3265; x_wconf 74' lang='lat' dir='ltr'>similia,</span> <span class='ocrx_word' id='word_1_272' title='bbox 1038 3202 1250 3269; x_wconf 74' lang='lat' dir='ltr'>cocccheceo</span> 
     </span>
    </p>
   </div>
   <div class='ocr_carea' id='block_1_3' title="bbox 165 3319 1213 3803">
    <p class='ocr_par' dir='ltr' id='par_1_3' title="bbox 165 3319 1213 3803">
     <span class='ocr_line' id='line_1_33' title="bbox 240 3319 1188 3389; baseline -0.002 -15"><span class='ocrx_word' id='word_1_273' title='bbox 240 3326 257 3374; x_wconf 86' lang='lat'>8</span> <span class='ocrx_word' id='word_1_274' title='bbox 282 3322 363 3376; x_wconf 81' lang='lat' dir='ltr'>timor</span> <span class='ocrx_word' id='word_1_275' title='bbox 388 3322 431 3376; x_wconf 89' lang='lat' dir='ltr'>ed.</span> <span class='ocrx_word' id='word_1_276' title='bbox 506 3327 539 3376; x_wconf 89' lang='lat'>10</span> <span class='ocrx_word' id='word_1_277' title='bbox 561 3323 626 3377; x_wconf 74' lang='lat' dir='ltr'>huic</span> <span class='ocrx_word' id='word_1_278' title='bbox 645 3322 671 3374; x_wconf 93' lang='lat' dir='ltr'><strong>V</strong></span> <span class='ocrx_word' id='word_1_279' title='bbox 696 3324 761 3377; x_wconf 78' lang='lat' dir='ltr'>binc</span> <span class='ocrx_word' id='word_1_280' title='bbox 783 3322 826 3376; x_wconf 89' lang='lat' dir='ltr'>ed.</span> <span class='ocrx_word' id='word_1_281' title='bbox 901 3326 933 3374; x_wconf 76' lang='lat'>12</span> <span class='ocrx_word' id='word_1_282' title='bbox 957 3323 1039 3375; x_wconf 83' lang='lat' dir='ltr'>etiarn</span> <span class='ocrx_word' id='word_1_283' title='bbox 1062 3337 1144 3389; x_wconf 79' lang='lat' dir='ltr'>quum</span> <span class='ocrx_word' id='word_1_284' title='bbox 1163 3319 1188 3371; x_wconf 93' lang='lat' dir='ltr'><strong>V</strong></span> 
     </span>
     <span class='ocr_line' id='line_1_34' title="bbox 168 3391 1187 3462; baseline -0.003 -15"><span class='ocrx_word' id='word_1_285' title='bbox 168 3394 252 3447; x_wconf 80' lang='lat' dir='ltr'>atium</span> <span class='ocrx_word' id='word_1_286' title='bbox 276 3409 354 3461; x_wconf 77' lang='lat' dir='ltr'>quem</span> <span class='ocrx_word' id='word_1_287' title='bbox 379 3393 422 3448; x_wconf 88' lang='lat' dir='ltr'>cd.</span> <span class='ocrx_word' id='word_1_288' title='bbox 448 3399 474 3448; x_wconf 84' lang='lat' dir='ltr'>et</span> <span class='ocrx_word' id='word_1_289' title='bbox 497 3396 555 3448; x_wconf 78' lang='lat' dir='ltr'>iam</span> <span class='ocrx_word' id='word_1_290' title='bbox 580 3400 726 3462; x_wconf 58' lang='lat' dir='ltr'>uunquam</span> <span class='ocrx_word' id='word_1_291' title='bbox 752 3410 811 3448; x_wconf 91' lang='lat' dir='ltr'>nos.</span> <span class='ocrx_word' id='word_1_292' title='bbox 889 3398 921 3446; x_wconf 81' lang='lat'>13</span> <span class='ocrx_word' id='word_1_293' title='bbox 941 3394 1021 3461; x_wconf 79' lang='lat' dir='ltr'>quusi</span> <span class='ocrx_word' id='word_1_294' title='bbox 1034 3391 1060 3445; x_wconf 92' lang='lat' dir='ltr'><strong>V</strong></span> <span class='ocrx_word' id='word_1_295' title='bbox 1078 3393 1126 3461; x_wconf 78' lang='lat' dir='ltr'>qui</span> <span class='ocrx_word' id='word_1_296' title='bbox 1144 3391 1187 3445; x_wconf 81' lang='lat' dir='ltr'>ed.</span> 
     </span>
     <span class='ocr_line' id='line_1_35' title="bbox 170 3464 1188 3520; baseline 0.001 -4"><span class='ocrx_word' id='word_1_297' title='bbox 170 3464 416 3519; x_wconf 65' lang='lat' dir='ltr'>reuomentes.</span> <span class='ocrx_word' id='word_1_298' title='bbox 491 3470 524 3519; x_wconf 88' lang='grc'>16</span> <span class='ocrx_word' id='word_1_299' title='bbox 542 3464 633 3519; x_wconf 79' lang='lat' dir='ltr'>iltoV</span> <span class='ocrx_word' id='word_1_300' title='bbox 650 3466 716 3520; x_wconf 80' lang='lat' dir='ltr'>illus</span> <span class='ocrx_word' id='word_1_301' title='bbox 734 3481 784 3519; x_wconf 90' lang='lat' dir='ltr'>nos</span> <span class='ocrx_word' id='word_1_302' title='bbox 803 3481 856 3519; x_wconf 90' lang='lat' dir='ltr'>om.</span> <span class='ocrx_word' id='word_1_303' title='bbox 872 3464 915 3519; x_wconf 90' lang='lat' dir='ltr'>ed.</span> <span class='ocrx_word' id='word_1_304' title='bbox 989 3470 1022 3517; x_wconf 77' lang='lat'>17</span> <span class='ocrx_word' id='word_1_305' title='bbox 1046 3464 1188 3518; x_wconf 72' lang='lat' dir='ltr'>accacius-</span> 
     </span>
     <span class='ocr_line' id='line_1_36' title="bbox 168 3534 1188 3606; baseline 0.001 -18"><span class='ocrx_word' id='word_1_306' title='bbox 168 3552 219 3603; x_wconf 79' lang='lat' dir='ltr'>quc</span> <span class='ocrx_word' id='word_1_307' title='bbox 237 3534 270 3588; x_wconf 90' lang='lat' dir='ltr'>V.</span> <span class='ocrx_word' id='word_1_308' title='bbox 300 3536 302 3606; x_wconf 70' lang='lat' dir='ltr'>t</span> <span class='ocrx_word' id='word_1_309' title='bbox 332 3536 450 3602; x_wconf 61' lang='lat' dir='ltr'>somnam</span> <span class='ocrx_word' id='word_1_310' title='bbox 471 3553 522 3605; x_wconf 81' lang='lat' dir='ltr'>pro</span> <span class='ocrx_word' id='word_1_311' title='bbox 545 3537 635 3604; x_wconf 73' lang='lat' dir='ltr'>forma</span> <span class='ocrx_word' id='word_1_312' title='bbox 657 3543 716 3591; x_wconf 84' lang='lat' dir='ltr'>tum</span> <span class='ocrx_word' id='word_1_313' title='bbox 734 3536 767 3591; x_wconf 88' lang='lat' dir='ltr'>V.</span> <span class='ocrx_word' id='word_1_314' title='bbox 841 3541 874 3590; x_wconf 82' lang='lat'>19</span> <span class='ocrx_word' id='word_1_315' title='bbox 894 3536 1024 3605; x_wconf 70' lang='lat' dir='ltr'>conparate</span> <span class='ocrx_word' id='word_1_316' title='bbox 1037 3534 1063 3587; x_wconf 94' lang='lat' dir='ltr'><strong>V</strong></span> <span class='ocrx_word' id='word_1_317' title='bbox 1081 3535 1188 3604; x_wconf 77' lang='lat' dir='ltr'>loupia-</span> 
     </span>
     <span class='ocr_line' id='line_1_37' title="bbox 168 3606 1189 3677; baseline -0.004 -16"><span class='ocrx_word' id='word_1_318' title='bbox 168 3609 272 3675; x_wconf 80' lang='lat' dir='ltr'>quitate</span> <span class='ocrx_word' id='word_1_319' title='bbox 291 3607 334 3661; x_wconf 89' lang='lat' dir='ltr'>ed.</span> <span class='ocrx_word' id='word_1_320' title='bbox 405 3613 439 3663; x_wconf 71' lang='lat'>2⁵1</span> <span class='ocrx_word' id='word_1_321' title='bbox 457 3608 599 3675; x_wconf 66' lang='lat' dir='ltr'>fidcbct-</span> <span class='ocrx_word' id='word_1_322' title='bbox 611 3612 644 3662; x_wconf 80' lang='lat'>28</span> <span class='ocrx_word' id='word_1_323' title='bbox 658 3610 752 3677; x_wconf 76' lang='lat' dir='ltr'>nepoti</span> <span class='ocrx_word' id='word_1_324' title='bbox 768 3607 873 3675; x_wconf 79' lang='lat' dir='ltr'>partim</span> <span class='ocrx_word' id='word_1_325' title='bbox 892 3606 987 3661; x_wconf 90' lang='lat' dir='ltr'>omisit</span> <span class='ocrx_word' id='word_1_326' title='bbox 1004 3606 1111 3675; x_wconf 87' lang='lat' dir='ltr'>partim</span> <span class='ocrx_word' id='word_1_327' title='bbox 1127 3623 1189 3657; x_wconf 83' lang='lat' dir='ltr'>rnu-</span> 
     </span>
     <span class='ocr_line' id='line_1_38' title="bbox 168 3677 1213 3801; baseline -0.003 -71"><span class='ocrx_word' id='word_1_328' title='bbox 168 3678 303 3801; x_wconf 51' lang='lat' dir='ltr'>tgvitff.</span> <span class='ocrx_word' id='word_1_329' title='bbox 365 3684 399 3733; x_wconf 76' lang='lat'>28</span> <span class='ocrx_word' id='word_1_330' title='bbox 417 3682 448 3735; x_wconf 80' lang='lat' dir='ltr'>in</span> <span class='ocrx_word' id='word_1_331' title='bbox 466 3678 647 3737; x_wconf 78' lang='lat' dir='ltr'>armieVed.</span> <span class='ocrx_word' id='word_1_332' title='bbox 666 3696 695 3737; x_wconf 82' lang='lat' dir='ltr'>ee</span> <span class='ocrx_word' id='word_1_333' title='bbox 714 3679 826 3737; x_wconf 84' lang='lat' dir='ltr'>addidi.</span> <span class='ocrx_word' id='word_1_334' title='bbox 887 3684 925 3735; x_wconf 74' lang='lat' dir='ltr'>ab</span> <span class='ocrx_word' id='word_1_335' title='bbox 943 3677 1074 3735; x_wconf 72' lang='lat' dir='ltr'>tubercV</span> <span class='ocrx_word' id='word_1_336' title='bbox 1100 3688 1213 3730; x_wconf 64' lang='lat' dir='ltr'>manete</span> 
     </span>
     <span class='ocr_line' id='line_1_39' title="bbox 165 3765 412 3803; baseline 0.016 -4"><span class='ocrx_word' id='word_1_337' title='bbox 165 3766 236 3799; x_wconf 62' lang='grc' dir='ltr'><em>Η</em></span> <span class='ocrx_word' id='word_1_338' title='bbox 276 3765 340 3802; x_wconf 82' lang='lat' dir='ltr'>uere</span> <span class='ocrx_word' id='word_1_339' title='bbox 353 3766 412 3803; x_wconf 86' lang='lat' dir='ltr'>nos.</span> 
     </span>
    </p>
   </div>
   <div class='ocr_carea' id='block_1_4' title="bbox 0 0 1368 4150">
    <p class='ocr_par' dir='ltr' id='par_1_4' title="bbox 0 0 1368 4150">
     <span class='ocr_line' id='line_1_40' title="bbox 0 0 1368 4150; baseline 0 0"><span class='ocrx_word' id='word_1_340' title='bbox 0 0 1368 4150; x_wconf 95' lang='lat' dir='ltr'> </span> 
     </span>
    </p>
   </div>
  </div>
 </body>
</html>
