2725 4150
531 336 761 394 muamosx
1087 341 1152 407 291

134 509 183 568 hie
201 507 258 568 tibi
275 507 371 583 fabor,
389 506 469 566 enim
487 505 607 583 quando
624 507 699 567 haee
716 509 748 567 te
766 525 838 566 eura
854 506 1016 582 remordet,
1035 508 1154 587 longius

135 598 275 657 evolvens
294 598 426 657 fatorum
444 615 554 656 areana
567 596 692 656 movebo
698 594 724 656 “.
756 596 822 656 Hoc
835 615 906 675 ergo
920 595 1156 656 subtrahendum

135 689 194 763 est,
224 685 330 746 dehine
356 684 541 763 iungendum
567 688 614 746 est
640 688 752 762 cetera,
775 689 811 746 ut
832 688 1000 764 integretur
1021 685 1155 746 narratio

135 778 319 850 futurorum,
341 777 377 834 ut
399 776 439 836 sit
461 774 643 850 „sublimem
670 776 747 834 feres
777 776 817 835 ad
843 774 944 835 sidera
970 775 1046 835 caeli
1072 794 1156 853 mag·

104 885 116 925 s
135 868 291 925 nanimum
304 865 427 924 Aenean
432 862 449 893 “
464 867 495 923 et
508 867 652 940 sequatur
665 864 799 940 „bellum
817 866 922 943 ingens
937 868 1021 943 geret
1033 865 1125 925 Italia
1130 863 1157 941 “,

135 954 166 1014 id
196 957 242 1014 est
264 973 324 1014 non
346 953 439 1014 Italia
462 957 547 1031 geret
573 953 679 1032 ingens
709 953 835 1030 bellum,
865 955 918 1013 sed
945 954 1010 1032 ipse
1039 954 1157 1014 Aeneas

135 1044 249 1103 bellum
277 1045 383 1121 ingens
413 1047 497 1122 geret
525 1042 626 1103 Italia.
679 1043 807 1103 deducta
836 1043 886 1104 hio
914 1045 947 1103 in
974 1043 1157 1121 praepositio

136 1134 208 1193 feeit
224 1151 367 1192 errorem:
387 1132 448 1209 sed,
461 1131 514 1192 ubi
528 1133 716 1192 intellectum
734 1134 882 1208 attendas,
900 1134 1038 1193 addenda
1050 1135 1105 1210 est,
1123 1136 1159 1193 ut

136 1223 176 1282 sit
195 1222 329 1297 „bellum
351 1223 456 1300 ingens
479 1223 564 1300 geret
585 1223 618 1280 in
636 1221 730 1282 Italia
751 1223 938 1299 populosque
957 1223 1070 1283 feroees
1089 1241 1157 1282 eon-

91 1331 118 1371 ιο
135 1310 275 1387 tundet“,
303 1312 368 1388 ipse
397 1311 513 1371 scilieet
534 1310 663 1385 Aeneas,
689 1331 868 1388 „moresque
890 1311 963 1372 viris
987 1314 1018 1371 et
1039 1312 1158 1372 moenia

136 1400 259 1478 ponet“,
286 1400 350 1476 ipse
377 1399 504 1460 Aeneas.
549 1418 615 1460 eeoe
643 1399 719 1460 dieit
745 1403 777 1459 et
799 1402 912 1476 quanto
935 1403 1069 1478 tempore
1091 1421 1157 1479 reg·

136 1492 264 1549 naturus
288 1491 401 1565 „tertia
424 1490 495 1548 dum
513 1488 602 1548 Latio
619 1491 796 1567 regnantem
814 1489 924 1548 viderit
942 1492 1040 1550 aestas
1058 1492 1157 1549 terna·

137 1599 195 1655 que
227 1579 403 1638 transierint
434 1578 555 1638 Rutulis
587 1578 713 1638 hiberna
743 1577 911 1638 subantis“:
943 1579 1016 1638 haee
1052 1579 1159 1654 proeul

137 1668 228 1727 dubio
252 1667 290 1727 ad
313 1667 446 1743 Aeneae,
469 1686 530 1726 non
553 1669 592 1727 ad
621 1667 793 1744 provinciae
816 1686 975 1745 personam
998 1667 1158 1744 pertinent.

92 1776 118 1816 1⁶
137 1759 163 1817 si
191 1758 270 1816 enim
292 1757 385 1816 Italia
412 1757 512 1816 fuerat
538 1757 651 1815 bellum
678 1759 814 1835 gestura,
842 1775 931 1833 quem
953 1756 1158 1835 intellegimus

136 1849 278 1923 percepta
296 1845 423 1906 victoria
436 1846 570 1922 potuisse
587 1845 733 1924 regnare?
755 1846 825 1906 Non
839 1849 884 1906 est
897 1845 992 1924 igitur
1009 1845 1159 1905 diversum

137 1955 191 1996 nee
221 1935 330 1995 fefellit
359 1935 496 2012 Iuppiter
525 1954 709 2012 quemquam
739 1934 863 1996 dieendo
890 1935 1052 1995 abnuerem
1079 1935 1158 1995 bello

136 2025 260 2086 Italiam
290 2044 463 2086 eonemrere
492 2024 622 2085 Teucris.
674 2026 864 2103 praedixerat
893 2025 973 2085 enim
1000 2024 1033 2085 in
1062 2025 1159 2102 primo

138 2116 215 2175 libro
239 2116 375 2174 futurum
397 2115 510 2174 bellum
531 2117 564 2174 in
587 2114 680 2175 Italia
703 2118 794 2192 atque
816 2117 874 2175 hoe
900 2115 1014 2174 bellum
1036 2115 1159 2175 Aenean

93 2223 120 2262 se
138 2207 210 2265 feris
230 2207 260 2263 et
278 2205 433 2265 indomitis
452 2203 552 2264 adhue
569 2204 708 2283 gentibus
726 2205 906 2281 inlaturum,
924 2205 973 2265 hie
992 2204 1065 2263 dieit
1081 2205 1159 2265 hane

138 2295 231 2353 fuisse
255 2294 492 2370 dispositionem,
514 2314 552 2353 ne
574 2294 648 2353 Itali
670 2294 732 2354 vim
750 2294 823 2354 belli
846 2294 983 2354 Troianis
1002 2294 1157 2368 inferrent,

139 2385 220 2460 quod
242 2403 346 2443 revera
369 2403 429 2443 non
451 2383 549 2458 fieret,
568 2385 595 2443 si
612 2383 735 2442 Iunonis
756 2383 965 2461 tergiversatio
984 2382 1159 2459 quievisset,

139 2493 230 2549 quam
257 2473 396 2549 Iuppiter
425 2472 546 2547 oblique
575 2474 679 2549 pulsat
706 2475 737 2531 et
759 2474 847 2549 quasi
869 2472 984 2531 nesoins
1008 2474 1160 2530 auctorem

138 2562 213 2621 faeti
239 2563 393 2639 perquirit.
444 2561 571 2637 deniqne
599 2563 642 2621 sie
669 2563 785 2639 posuit:
813 2578 887 2634 quoe
914 2565 1015 2619 eontra
1042 2560 1161 2617 velitem

94 2676 120 2717 25
139 2652 307 2710 discordie?
330 2652 395 2723 quis
417 2655 510 2709 metas
533 2655 586 2710 eret
607 2651 659 2709 tes
682 2654 735 2709 aer
757 2652 808 2709 tos
831 2667 918 2709 ormo
935 2650 1018 2722 sequi
1034 2649 1161 2721 ferrom-
1180 2658 1213 2707 10

139 2758 193 2814 que
225 2740 365 2799 lacessere
396 2741 511 2799 suasit?
556 2758 630 2814 non,
662 2742 700 2798 ut
731 2738 846 2799 dietum
877 2740 936 2812 est,
964 2737 1096 2815 quaesiit
1125 2740 1162 2796 ut

138 2830 254 2888 neseius
274 2848 333 2904 quo
353 2831 474 2888 auctore
487 2831 548 2889 ista
561 2829 735 2888 viderentur
749 2828 893 2903 admissa,
907 2828 959 2887 sed
971 2826 1162 2904 reprehendit

139 2923 182 2993 et,
206 2938 274 2977 eum
297 2918 392 2977 omnis
416 2919 485 2978 deos
510 2918 663 2996 obiurgat,
690 2917 789 2994 ipsam
815 2918 961 2976 Iunonem
982 2917 1161 2976 insolentiae

139 3009 262 3067 erimine
294 3009 428 3085 aspergit
457 3011 487 3067 et
516 3010 611 3067 notat.
664 3008 799 3066 adveniet
826 3007 936 3064 iustum
962 3023 1082 3081 poppae
1112 3006 1162 3079 (ree

95 3121 121 3161 ee
140 3097 288 3170 aeeersr'te)
311 3101 438 3170 tempas,
458 3114 524 3155 erra
540 3099 608 3170 fera
627 3094 774 3170 Onrttapo
792 3096 937 3154 Romanis
956 3097 1074 3155 arcibus
1093 3095 1163 3153 elim

213 3238 227 3285 1
247 3233 291 3286 hir
308 3233 359 3285 ubi
376 3234 473 3300 (supra
488 3233 574 3299 reete)
588 3230 648 3285 VR.
704 3235 720 3284 3
739 3229 909 3300 torpendum
927 3229 1004 3284 eetR
1023 3229 1059 3283 ef.
1075 3234 1099 3296 ⁷,
1111 3234 1161 3282 141

139 3304 282 3374 iwnpenda
299 3302 403 3358 swntV
422 3303 465 3356 ed.
492 3302 495 3374 l
520 3309 553 3357 ut
566 3301 617 3355 VR
635 3308 661 3356 et
677 3309 709 3357 ot
728 3301 771 3355 ed.
827 3301 951 3368 4fereas
964 3300 995 3354 V.
1054 3306 1069 3354 ‘1
1080 3316 1162 3369 prae-

136 3378 215 3444 potio
233 3375 259 3427 R
273 3376 477 3443 procreatione
495 3375 539 3429 ed.
607 3378 623 3426 8
643 3373 974 3429 errorem—intellectam
987 3371 1039 3425 VR
1057 3374 1162 3425 temere

139 3449 210 3499 mut.
225 3446 269 3499 ed.
343 3452 358 3499 9
377 3448 460 3501 italia
477 3445 530 3499 VR
547 3446 579 3500 ire
596 3446 686 3499 Italia
704 3443 804 3513 scripsi
823 3461 887 3498 enm
906 3443 948 3497 ed.
1027 3449 1060 3497 12
1084 3449 1164 3497 terrra

140 3535 210 3586 quae
228 3518 260 3570 R.
313 3523 346 3571 18
365 3516 675 3572 teeRlethaeeed.
732 3522 766 3570 16
780 3522 911 3585 precepta
924 3515 958 3569 V.
1011 3520 1043 3569 1'1
1063 3515 1163 3569 bellum

140 3589 199 3643 VR.
274 3595 307 3642 22
327 3596 403 3660 terpa
420 3592 537 3644 nasutio
555 3589 588 3643 R.
661 3592 696 3641 tt
715 3588 777 3642 caet
794 3589 842 3642 hos
860 3604 940 3643 arma
957 3586 983 3639 R
1004 3588 1067 3642 coni
1084 3603 1170 3641 errae.

139 3660 325 3783 3⁷9prptabrt
350 3662 399 3716 tos
425 3678 513 3717 orma.
596 3666 630 3717 26
659 3660 793 3719 lacescere
816 3658 885 3717 VR.
919 3658 935 3734 t
969 3657 1114 3729 promsit
1140 3653 1192 3705 sd.

192 3749 257 3784 aaa
309 3772 315 3784 .

995 3834 1058 3895 Ὠ*
