2725 4150
555 326 795 383 musmosrx
1119 331 1184 398 225

166 500 241 560 talia
270 500 354 572 fatur
371 497 550 572 Euryalus:
579 514 624 555 me
652 497 739 556 nulla
767 497 830 556 dies
859 501 919 556 tom
947 499 1074 571 fortibus
1103 500 1186 558 ocos

166 589 339 649 dissimilem
361 588 506 662 arcuerit:
528 605 707 662 numquam,
730 586 842 663 inquit,
864 586 916 646 fiat
938 588 973 646 ut
996 585 1059 648 dies
1083 587 1186 663 aliqua

165 680 265 738 mutet
293 678 473 738 sententiam
502 695 612 751 meam,
645 675 692 735 vel
719 676 847 735 maxime
879 675 911 734 in
943 676 1000 735 hac
1033 695 1124 736 causa
1154 677 1186 735 in

167 787 228 844 qua
259 769 347 826 tanta
378 766 476 843 gloria
502 768 534 825 et
560 767 665 825 tantus
693 765 813 824 futurus
843 768 889 824 ost
917 765 1015 841 labor,
1045 783 1099 825 nec
1129 767 1187 825 erit

136 859 327 934 aquisquam
357 855 412 932 qui
440 874 487 914 me
516 857 626 915 mutati
657 853 775 914 consilii
806 856 908 914 teneat
938 874 1031 914 reum.
1072 859 1187 914 tactum

165 948 289 1020 fortino
306 944 531 1013 secundatum
548 945 675 1004 advorso
693 944 794 1004 cadat:
812 945 910 1005 solum
927 943 1004 1003 illud
1022 963 1058 1004 ne
1071 943 1104 1002 in
1117 963 1186 1004 con·

166 1034 295 1094 trarium
316 1036 416 1094 vertat
438 1034 519 1110 quod
540 1034 572 1092 in
596 1035 700 1093 nostra
722 1052 782 1092 non
805 1036 851 1094 est
872 1035 1006 1110 positum
1028 1035 1187 1112 potestate,

167 1124 283 1184 scilicet
304 1123 443 1183 fortunae
464 1122 611 1182 iudicium
633 1125 663 1182 et
688 1141 812 1200 prosper
839 1125 936 1184 exitus
964 1125 1048 1184 facti.
1088 1124 1188 1183 codic

166 1230 257 1286 super
278 1213 379 1272 ocmic
401 1212 480 1272 donc
496 1229 591 1270 cuum
613 1230 678 1271 oro:
700 1202 795 1271 unum
817 1212 930 1289 inquit,
953 1233 990 1272 no
1013 1215 1084 1290 post
1100 1215 1188 1272 tanta

123 1322 246 1380 1oquae
269 1301 418 1379 promissa
440 1302 560 1362 fuerant
583 1300 651 1361 odio
675 1301 845 1378 suppetitor
867 1302 959 1361 fieret.
996 1301 1104 1378 incipit
1126 1303 1188 1361 iam

167 1391 269 1452 venire
288 1391 327 1450 ad
344 1393 445 1468 ipsum
464 1411 558 1450 unum
575 1393 640 1450 arte
658 1391 797 1467 mirifica3
818 1391 1007 1449 commendat
1025 1392 1105 1450 enim
1124 1392 1187 1451 eius

167 1499 326 1558 personam
354 1481 403 1540 cui
430 1483 530 1556 ipsum
556 1500 651 1539 unum
673 1479 775 1539 fuerat
801 1481 960 1557 petiturus.
1000 1479 1109 1539 necin
1132 1481 1188 1540 hac

167 1572 254 1648 parto
277 1588 389 1628 morem
412 1587 500 1629 suum
522 1572 612 1646 poeta
640 1569 783 1646 deseruit3
811 1570 908 1646 primo
936 1570 1015 1627 enim
1039 1569 1113 1627 dicit
1136 1588 1190 1628 cur

167 1661 267 1737 petat,
290 1677 345 1735 pro
363 1678 426 1735 qua
443 1662 540 1736 petat,
563 1661 636 1718 tunc
654 1658 738 1718 vonit
756 1657 794 1718 ad
816 1659 893 1718 illud
911 1656 991 1734 quod
1010 1677 1045 1718 ex
1062 1659 1188 1718 necessi·

124 1766 150 1806 ιι
168 1751 232 1808 tate
250 1749 433 1824 poscendum
451 1751 509 1824 est3
531 1749 662 1807 multum
680 1747 760 1807 enim
779 1747 959 1808 desiderium
979 1747 1086 1808 iuvant
1103 1766 1188 1824 prae·

167 1837 278 1898 missae
296 1856 413 1912 causae,
431 1838 457 1897 si
474 1841 627 1914 ponantur
643 1838 759 1913 primae
778 1857 869 1913 quam
882 1840 1050 1914 postremae
1068 1839 1188 1897 nectan-

168 1931 228 1988 tur.
268 1926 355 2003 ponit
381 1927 477 2005 igitur
504 1927 792 1987 commendationem
818 1928 960 2003 primam,
984 1946 1074 2003 quae,
1097 1928 1124 1986 si
1145 1926 1190 1985 fili

169 2019 311 2077 meritum
333 2019 543 2090 montmoret,
566 2015 690 2076 haberet
712 2019 813 2076 tamen
836 2035 872 2076 ex
894 2017 1011 2078 ratione
1034 2017 1189 2095 sanguinis

169 2105 295 2184 pondus.
333 2110 424 2183 atquc
453 2107 499 2165 ita
527 2107 604 2165 hanc
634 2106 744 2183 arripit
765 2109 896 2183 partem,
926 2110 961 2166 ut
983 2107 1136 2185 ingratum
1159 2125 1190 2165 so

124 2213 151 2253 ao
169 2216 230 2257 non
253 2213 316 2256 esse
340 2195 376 2254 de
399 2195 569 2272 praeteritis
588 2198 736 2255 monstret
757 2200 789 2255 et
810 2198 911 2256 tamen
936 2195 1032 2255 adhuc
1055 2196 1112 2256 sibi
1135 2196 1190 2255 ali·

170 2284 244 2362 quid
272 2284 393 2344 adserat
419 2286 632 2359 necessarium,
657 2286 690 2344 in
714 2304 773 2361 quo
796 2288 862 2361 ipso
886 2304 946 2343 non
969 2285 1115 2345 avaritiae
1139 2284 1191 2344 sed

168 2374 292 2452 pietatis
315 2373 449 2433 studium
471 2374 676 2451 conprobaret
715 2375 859 2449 percomis,
882 2374 995 2450 inquit,
1017 2374 1134 2433 Priami
1156 2374 1191 2432 do

167 2468 251 2539 pente
273 2466 386 2523 uetusta
409 2468 451 2522 est
471 2464 558 2521 mihi:
584 2482 695 2541 magna
722 2463 855 2540 pondera
877 2462 1035 2522 verborum
1058 2461 1255 2539 singulo-285

169 2554 250 2613 rum!
287 2553 477 2629 propositum
499 2552 611 2630 quippe
635 2556 680 2613 cst
703 2556 870 2612 maternum
892 2570 1000 2611 nomen
1023 2551 1106 2626 quod
1123 2550 1191 2609 reli·

125 2658 152 2699 ιι
171 2642 260 2721 gione
277 2644 413 2702 transeat
431 2641 566 2701 adfectus
586 2644 699 2701 ceteros
718 2645 748 2700 et
765 2642 923 2700 maiestate
941 2640 1063 2717 pietatis
1085 2659 1191 2717 exupe-

170 2735 225 2791 ret.
262 2730 399 2808 sequitur
417 2730 571 2809 sanguinis
590 2750 690 2805 causa,
713 2729 794 2807 quod
813 2733 891 2790 esset
909 2749 944 2788 ex
958 2748 1065 2807 genere
1079 2729 1193 2788 Priami

171 2840 226 2881 nec
244 2821 411 2881 accessione
430 2839 522 2895 nova,
540 2820 592 2881 sed
610 2818 769 2880 vetustatis
787 2819 904 2879 ratione
923 2821 1089 2879 coniuncta.
1126 2837 1192 2879 ecce

172 2913 248 2987 quot
266 2908 383 2989 merita,
401 2912 498 2969 mater
515 2910 596 2970 tanti
609 2909 669 2970 viri
682 2912 713 2973 et
727 2912 755 2967 ei
770 2928 888 2986 quoquc
903 2910 953 2968 cui
966 2908 1192 2969 commendaba-

171 3005 224 3059 tur
251 2998 357 3058 adfinis
386 3002 477 3075 atque
508 3019 543 3058 ex
571 3001 659 3077 gente
689 2998 803 3058 Priami
832 3000 974 3057 interiore
1004 2998 1192 3059 descendens.

127 3105 155 3144 eo
173 3087 248 3166 quid
270 3088 326 3147 illa
353 3107 412 3147 non
435 3090 600 3148 mereretur
627 3088 664 3147 ab
689 3108 723 3150 eo
746 3107 801 3165 pro
824 3087 908 3148 cuius
933 3090 1019 3165 patre
1043 3088 1192 3165 Euryalus

245 3293 464 3365 iarquoretV.
538 3294 688 3350 ohuutV
711 3301 761 3350 act
784 3294 826 3349 ed
862 3293 865 3364 i
900 3294 1013 3348 illcd-
979 3300 1086 3349 coc
1075 3294 1194 3348 ruriam

172 3366 435 3421 temeramut.ed.
510 3365 1194 3434 ipositum-Sfactiitem.10promisoo

174 3455 227 3492 om.
243 3438 287 3491 ed.
315 3436 319 3509 Ι
349 3436 538 3506 subpetitorV
555 3438 705 3505 suspectior
723 3437 766 3491 ed.
841 3443 873 3492 11
893 3438 965 3492 cuim
978 3435 1033 3490 Vt
1022 3442 1130 3491 tontum
1149 3436 1192 3490 ed.

175 3507 1194 3577 laeuiVaqaoed.1sechaqeoedroprovceiodr

170 3597 224 3650 pro
243 3580 286 3635 od.
361 3585 394 3634 15
413 3580 609 3635 desideriorum
627 3579 670 3633 od
746 3585 777 3633 17
797 3581 822 3635 si
840 3597 893 3634 om.
909 3579 953 3634 ed.
1021 3585 1058 3633 ’Δ
1073 3580 1135 3647 ipsc
1151 3578 1203 3630 aa

170 3658 209 3773 ἐξ
221 3653 328 3775 baqcit
348 3667 403 3776 (pm.
426 3651 468 3707 ed
552 3656 587 3707 24
605 3652 785 3725 propositam
811 3654 915 3727 quippo
939 3654 1053 3708 tomara
1076 3651 1156 3702 mun
1172 3646 1224 3697 aa

264 3737 347 3774 ome

203 3824 262 3865 Dora
271 3825 367 3875 interpr.
379 3829 480 3882 Verpv
479 3836 511 3878 ol.
521 3836 555 3880 IL
1049 3837 1089 3886 ss
