2725 4150
531 345 715 401 nnunmcs
734 346 786 400 nu
1104 349 1170 417 579

144 517 204 575 hoc
227 517 273 576 est
294 515 333 575 eb
354 513 496 574 inferiore
515 514 629 574 erboris
647 517 734 591 perte
757 517 788 574 et
808 533 827 573 r.
845 514 939 591 stirpe
958 516 1030 575 eius.
1061 517 1170 576 talibus

144 606 223 664 inter
236 622 268 665 se
279 605 441 677 firnrobcot
453 604 573 677 foedera
586 605 672 663 dictu
682 609 838 678 prospecto
854 605 887 664 ire
900 605 994 690 medio
1006 622 1168 678 procerum,
1238 649 1241 653 -

145 699 208 753 term
230 695 286 752 rite
306 697 443 753 secatus
466 694 500 751 r‘rr
521 695 674 764 fimorum
700 694 837 768 inputaret
854 694 981 766 pecudes
1008 699 1035 753 et
1056 695 1170 755 eiecere

144 785 223 842 obis
241 784 370 856 eripient
386 783 592 854 emmanuele
609 783 738 842 enectis
757 783 891 842 luentes
909 801 997 842 oros:
1017 803 1085 843 cum
1105 801 1232 851 ver-215

112 873 254 932 eborum
276 891 368 948 supro
390 871 470 931 dicte
492 871 591 931 forme.
613 872 819 947 concessisset,
842 871 934 931 fiebat
956 876 1170 951 consequenter

144 961 228 1038 quod
245 961 416 1038 pertinebat
433 961 473 1020 ed
489 960 702 1021 sacrificiorum
719 962 827 1020 ritum:
845 963 878 1020 in
895 961 1046 1022 flemmem
1065 963 1169 1022 funde·
1193 988 1195 997 <

144 1051 237 1110 betur
259 1050 382 1129 sanguis
401 1050 575 1110 enimelinm
598 1054 641 1126 et,
665 1054 827 1127 antequem
849 1055 1049 1127 morerentur,
1072 1054 1169 1111 extru—

144 1140 295 1199 hebentur
317 1158 420 1200 eorum
442 1139 557 1200 viscere
579 1143 611 1198 et
633 1140 693 1200 eris
715 1139 945 1215 inponebantur.

218 1228 492 1288 reverescens
518 1230 609 1302 inpar
636 1246 671 1287 eo
693 1246 799 1303 poppo
825 1230 920 1288 uideri
946 1230 1170 1290 ierududumet

102 1339 128 1378 ro
143 1320 230 1378 caric
247 1319 364 1378 nosen
379 1322 497 1391 pectora
514 1322 608 1376 moto:
630 1320 788 1394 supererat
806 1321 842 1377 ut
858 1319 973 1378 iuraret
990 1321 1022 1377 et
1039 1320 1169 1396 Turnus,

144 1407 197 1468 sed
220 1407 341 1468 Rutulis
364 1407 499 1467 condicio
522 1407 590 1482 ipse
615 1406 678 1466 iem
706 1411 846 1484 coeperet
870 1408 1034 1484 displicere.
1071 1410 1168 1469 multo

144 1500 216 1557 ente
234 1497 313 1556 enim
330 1496 473 1557 videbunt
489 1496 579 1572 inpar
596 1496 734 1556 futurum
752 1515 815 1557 esse
834 1499 984 1557 certamen
1003 1498 1083 1556 etin
1101 1517 1169 1557 eum

143 1587 266 1647 fuerent
283 1585 420 1662 perducti
432 1587 611 1660 tractatum,
628 1587 663 1644 ut
681 1586 850 1645 animorum
868 1586 993 1647 diversis
1012 1588 1168 1647 sententiis

141 1679 344 1736 moverentur.
378 1675 432 1752 qui
454 1693 517 1734 esse
535 1678 658 1750 possent
674 1674 762 1733 mixti
780 1678 934 1753 pectorum
956 1679 1056 1736 motus
1080 1680 1169 1736 uesti-

103 1783 125 1824 u
141 1765 273 1825 motioni
294 1765 447 1843 legentum
465 1767 556 1840 poete.
578 1765 736 1836 commisit,
753 1768 789 1824 ut
806 1765 875 1841 plus
894 1767 1058 1825 sentiemus
1077 1786 1169 1842 quem

142 1853 246 1931 potuit
259 1853 389 1913 dictione
403 1854 548 1913 concludi.
580 1858 642 1912 turn
654 1855 759 1928 mepte,
778 1859 812 1913 ol
823 1856 951 1929 propios
969 1859 1092 1913 cerneret
1109 1873 1167 1914 reon

140 1945 258 2003 virture
271 1945 387 2017 nemu:
404 1943 487 2019 quod
504 1942 725 2019 suspicionibus
739 1943 847 2002 Rutuli
865 1944 1048 2022 colligebant
1066 1963 1167 2021 coepe-

140 2036 215 2094 runt
237 2032 273 2093 de
296 2033 431 2110 proximo
455 2033 549 2092 oculis
573 2031 748 2109 udprobere.
779 2033 902 2093 adierunt
924 2035 1059 2108 inpressu
1081 2035 1166 2094 terito

136 2140 315 2198 procrescens
346 2127 374 2181 et
404 2140 491 2181 arom
525 2123 695 2196 suppliciter
729 2139 874 2181 venerans
903 2123 1028 2182 demisso
1058 2124 1229 2192 hominesne

94 2228 123 2273 so
145 2214 283 2272 Turnus:
312 2211 499 2289 apparebunt
520 2212 553 2269 in
575 2211 676 2270 Turno
703 2212 797 2290 signe..
818 2212 918 2271 omnin
947 2232 1024 2288 quee
1051 2213 1166 2290 inpuris

141 2300 343 2361 diffidentium
373 2300 603 2377 conprobarent‚
630 2302 728 2377 primo
757 2303 910 2378 ingressus
936 2302 1014 2376 eius,
1041 2302 1098 2360 hoo
1121 2305 1168 2362 est

141 2390 310 2451 ambulatio
328 2390 436 2465 tacite,
459 2393 490 2449 et
507 2408 698 2467 progressus,
715 2390 747 2449 id
766 2393 812 2449 est
830 2390 868 2450 ed
886 2390 1028 2450 ulteriore
1046 2392 1167 2467 segnior

140 2498 289 2540 accessus.
320 2498 386 2539 eece
399 2478 447 2539 his
461 2481 556 2557 signis
570 2479 769 2557 colligebatur
787 2480 881 2539 enimi
895 2482 959 2539 eius
973 2481 1166 2557 corporisque

141 2568 276 2628 defectio.
325 2570 423 2629 lessus
447 2568 559 2645 quippe
586 2570 695 2629 tacitos
723 2569 830 2628 hebuit
857 2588 991 2647 gressus,
1019 2569 1089 2628 dum
1117 2571 1166 2629 vix

90 2676 121 2719 ss
140 2657 251 2735 pedem
267 2658 409 2717 movebat
426 2660 457 2716 et
475 2659 526 2718 vix
542 2658 707 2733 reponebat
724 2659 866 2733 alterum,
884 2662 919 2718 ut
937 2659 1167 2736 progrederetur

139 2748 279 2807 ulterius.
311 2747 371 2807 fuit
388 2747 516 2807 alterum
535 2746 720 2807 diffidentiae
742 2747 860 2825 signum
881 2748 963 2823 quod
982 2766 1066 2807 erem
1079 2767 1166 2808 vene·

139 2836 269 2896 rebatur
282 2837 377 2896 oculis
392 2836 513 2897 deiectis
528 2836 567 2895 ud
576 2839 696 2895 terrem.
719 2838 901 2911 tabentesque
908 2854 1001 2911 pereae
1010 2838 1167 2896 ete'rceeree'le'

139 2927 174 2985 r'rr
193 2942 312 2999 corpore
325 2926 439 3000 pclbr:
461 2927 586 2985 tertium
604 2926 724 3004 signum
745 2926 912 2985 tabentium
930 2945 1076 3004 generum
1094 2927 1166 3002 tuit3

139 3034 214 3075 num
235 3015 393 3091 repentine
415 3015 509 3074 macie
531 3017 631 3074 fueret
648 3015 846 3091 deformatum
870 3020 1011 3091 quartum
1032 3015 1166 3092 pelleris,

91 3126 120 3166 so
141 3104 198 3181 qui
220 3102 253 3163 in
275 3106 382 3164 iuvene
405 3122 547 3164 essenon
565 3104 684 3180 debuit,
708 3106 735 3164 si
753 3104 869 3164 deesset
891 3108 922 3163 et
943 3108 1050 3164 metus.
1083 3121 1166 3177 quem

216 3245 231 3292 1
254 3240 365 3308 stirpest
382 3238 408 3291 V
430 3240 515 3307 stirpe
536 3241 595 3293 eius
617 3256 668 3294 nos
688 3240 774 3308 stirpe
793 3239 836 3292 ed.
911 3244 926 3291 2
945 3245 1119 3307 prospectem
1139 3238 1165 3290 V

139 3318 191 3366 -ιιι
207 3312 241 3365 ire
257 3328 309 3364 nos
327 3316 470 3378 eopepeetu
486 3312 519 3365 ire
537 3311 579 3364 ed.
645 3317 663 3364 4
681 3312 823 3365 verbmm
840 3326 924 3378 super
941 3312 1017 3365 dieto
1034 3310 1126 3376 forma
1139 3309 1166 3363 V

139 3400 166 3437 o.
185 3399 274 3450 uepro
293 3383 319 3436 d.
338 3382 359 3449 f.
379 3398 429 3435 noe
452 3384 558 3436 temere
580 3385 650 3436 mut.
672 3382 716 3435 ed.
797 3387 812 3435 ‘1
831 3390 856 3435 et
874 3388 982 3450 tequam
995 3380 1022 3434 V
1036 3398 1105 3435 corr.
1120 3381 1164 3435 ed.

142 3459 177 3509 10
195 3454 289 3509 miseri
301 3452 334 3507 V.
391 3458 424 3505 12
443 3454 475 3508 ire
490 3470 552 3507 eum
564 3453 585 3519 f.
595 3471 626 3523 p.
641 3460 790 3509 tactem
803 3459 836 3507 ret
848 3455 1004 3507 opimorum
1018 3452 1044 3507 V
1063 3458 1165 3507 trocta-

140 3532 188 3581 tree
205 3527 300 3579 cetere
317 3525 387 3579 item
405 3524 449 3578 ed.
467 3525 500 3578 ire
517 3541 577 3578 eum
595 3528 677 3593 finem
690 3525 711 3592 f.
722 3541 752 3593 p.
768 3531 902 3579 tractatus
919 3530 952 3578 ut
969 3525 1060 3578 animi
1073 3539 1166 3578 eorum

141 3598 186 3651 ed.
205 3599 278 3664 post.
298 3596 349 3664 (sic
367 3598 483 3663 propter
500 3600 654 3665 tractatos).
729 3602 762 3649 14
781 3602 868 3650 molus
883 3593 910 3647 V
928 3602 1016 3650 metus
1034 3602 1060 3650 et
1078 3595 1121 3649 ed.
1140 3601 1166 3651 et

140 3667 196 3722 del.
217 3667 260 3721 ed.
279 3669 352 3735 post
422 3672 455 3721 15
474 3668 620 3737 legentium
639 3667 682 3721 ed.
748 3673 781 3721 26
801 3667 982 3735 dispicientioe
995 3666 1021 3720 V
1036 3683 1105 3722 corr.
1121 3667 1163 3721 ed.

140 3744 177 3795 30
196 3739 298 3794 demet
316 3745 341 3793 et
354 3737 380 3791 V
394 3738 437 3791 ed.
456 3744 482 3793 et
500 3739 616 3808 dittogr.
635 3740 714 3807 puto.

963 3845 1018 3900 bl*
