2725 4150
139 286 159 327 φ
186 335 249 400 176
457 327 920 387 ’11011111ΙΝΤΕΕΡῈΗΕΗΘο

183 501 302 576 luptati.
339 502 376 559 ut
397 499 575 560 instantiam
592 499 724 560 Vulcani
745 500 778 559 in
801 519 952 560 armorum
971 498 1204 578 praeparatione

182 592 274 666 poeta
297 588 488 665 describeret,
511 590 688 667 conparavit
710 589 739 649 ei
760 591 903 649 feminam
924 607 1102 666 pauperem,
1125 608 1205 665 quas

182 699 243 738 non
271 681 392 738 tantum
422 679 581 739 alimoniae
610 698 682 739 suae
712 697 817 738 verum
843 679 936 738 etiam
958 680 1099 738 natorum
1122 678 1205 739 solli·

183 768 317 828 citudine
345 770 522 847 tangeretur
550 771 581 828 et
610 768 782 829 castitatem
811 769 946 827 maritali
974 770 1042 827 toro
1071 766 1206 829 debitam

183 861 305 935 cuperet
331 857 490 918 custodire.
541 858 612 917 huic
639 858 769 917 famulas
799 857 893 932 dedit,
917 874 993 934 quas
1016 876 1072 916 nos
1094 875 1204 918 manus
1235 872 1247 915 s

183 947 324 1006 debemus
338 946 472 1023 accipere
486 966 564 1023 quae
578 947 757 1006 ancillarum
774 948 838 1006 viae
856 946 1048 1006 laborabant:
1072 948 1206 1006 ceterum

182 1036 260 1094 unde
284 1036 331 1095 illi
354 1037 532 1095 ancillarum
555 1037 727 1095 substantia
749 1036 817 1111 fuit,
841 1055 910 1095 cum
931 1036 1030 1112 ipsam
1053 1035 1206 1096 describat

181 1125 347 1201 inpositum
378 1124 507 1183 cinerem
538 1128 570 1183 et
600 1124 715 1201 sopitos
747 1125 827 1202 ignis
857 1126 1003 1185 suscitare
1033 1144 1132 1203 neque
1165 1124 1206 1185 ad

182 1215 347 1288 lucernam,
377 1214 430 1274 sed
460 1213 499 1272 ad
525 1215 628 1273 lumen
656 1213 796 1274 suscitati
817 1213 896 1293 ignis
921 1212 1060 1292 operari?
1110 1213 1206 1275 adicit

181 1303 256 1362 faeti
277 1303 372 1380 ipsius
396 1321 532 1378 oausam,
554 1304 587 1361 in
610 1323 670 1380 qua
697 1323 770 1363 vera
791 1304 948 1381 pauperies
973 1304 1206 1380 demonstratur,
1223 1321 1248 1362 rr

182 1394 297 1451 castum
321 1395 358 1452 ut
380 1411 499 1453 servare
518 1392 614 1452 cubile
633 1392 770 1471 coniugis
789 1395 820 1453 et
837 1392 935 1470 possit
951 1411 1061 1469 parvos
1079 1393 1206 1453 educere

181 1485 282 1542 natos:
310 1481 417 1542 melius
445 1482 619 1542 existimans
647 1482 779 1542 lanificio
807 1484 838 1540 et
864 1482 966 1542 labore
994 1483 1123 1558 victum,
1152 1483 1207 1559 qui

181 1591 241 1630 non
264 1573 329 1631 erat
351 1571 453 1631 liberis
476 1571 625 1649 paruulis,
645 1591 738 1648 quam
756 1574 899 1648 corrupta
916 1575 947 1631 et
965 1571 1081 1632 violata
1098 1570 1205 1631 matri-

181 1661 275 1720 monii
306 1661 363 1720 fide
396 1662 578 1737 conquirere.
639 1680 706 1721 ecce
742 1664 890 1737 quantum
926 1662 1046 1721 animus
1083 1662 1206 1737 amoris,

182 1753 328 1826 quantum
359 1750 479 1827 proficit
510 1750 672 1810 artificium
698 1749 837 1809 Veneris:
870 1751 1019 1809 excitatur
1046 1749 1206 1811 Vulcanus
1224 1766 1249 1809 u

181 1839 278 1899 noetis
306 1839 418 1914 medio,
451 1840 633 1917 relinquitur
661 1839 787 1916 pulchra
815 1858 891 1899 uxor
918 1841 949 1899 et
974 1839 1100 1915 blanda,
1131 1838 1206 1901 talis

181 1928 310 1987 feminae
340 1927 520 1988 deseurntur
551 1930 720 2006 amplexus,
752 1930 949 2006 praeponitur
981 1928 1077 2005 quieti
1108 1928 1206 2006 labor,

182 2018 264 2076 caelo
297 2017 439 2092 spelunca
471 2021 502 2078 et
533 2021 628 2079 strato
661 2017 747 2077 molli
777 2020 948 2096 contempto
978 2017 1097 2079 fabrilis
1128 2018 1206 2080 artis

181 2106 343 2166 difficultas
367 2108 497 2185 eligitur.
542 2109 599 2168 boc
622 2108 702 2168 enim
725 2107 936 2169 desiderabant
957 2109 1034 2167 ratio
1057 2108 1205 2185 temporis

181 2199 213 2255 et
241 2214 347 2274 graves
378 2199 478 2257 aestus
508 2198 621 2272 uxoris,
647 2201 684 2256 ut
713 2197 852 2257 submota
879 2197 960 2259 omni
983 2198 1114 2275 segnitia
1137 2217 1205 2275 per·
1223 2215 1249 2256 ar

181 2285 266 2345 fectis
295 2288 441 2362 oportune
470 2288 560 2346 armis
593 2286 709 2365 gratior
734 2286 846 2346 rediret
874 2286 913 2345 ad
940 2288 1106 2365 coniugem.
1153 2288 1205 2348 de·

181 2375 323 2435 scribitur
344 2374 428 2434 loeus
454 2376 487 2433 in
515 2395 574 2453 quo
597 2375 728 2435 Vulcani
750 2377 853 2435 fuerat
877 2376 1010 2435 officina:
1032 2376 1135 2436 insuia
1156 2375 1206 2438 Si-

181 2465 300 2523 cantum
321 2464 406 2523 inata
429 2464 507 2524 latus
524 2463 715 2538 Aeoliamque
738 2467 859 2539 eripitur
880 2465 995 2539 lipare
1015 2466 1206 2537 furantibus

181 2554 279 2613 ardua
297 2555 390 2624 saun,
410 2572 500 2629 quarn
517 2558 617 2627 supter
634 2571 737 2627 specus
756 2559 782 2613 et
797 2552 954 2629 aucupum
972 2571 1058 2614 enan
1077 2556 1206 2616 cannis

118 2648 270 2703 reconna
292 2641 426 2703 Aetnaea
449 2647 551 2702 tonant
572 2643 721 2716 aelianus
749 2644 906 2703 incudibus
932 2645 1007 2703 ictus
1035 2644 1132 2704 audii
1157 2663 1205 2705 re·
1221 2659 1247 2702 n

179 2734 279 2804 ferunt
298 2733 437 2805 gemitum
459 2732 642 2804 striduntque
664 2734 798 2792 cauernis
816 2734 970 2792 stricturae
990 2731 1154 2808 Chalybum
1178 2739 1208 2794 et

179 2822 351 2893 fornacibus
380 2822 458 2896 ignis
486 2822 616 2891 anhelat,
646 2822 773 2881 Vulcani
800 2822 903 2882 domus
927 2825 953 2880 et
981 2822 1129 2882 Vulcania
1150 2841 1205 2884 na·

180 2910 257 2967 irrina
280 2909 371 2968 telius.
406 2910 481 2986 quid
504 2910 539 2969 de
563 2912 620 2971 tali
642 2912 708 2971 loco
733 2911 811 2970 exire
833 2911 933 2988 potuit
951 2912 999 2971 vel
1018 2929 1124 2971 sonare
1143 2912 1205 2974 nisi

180 2998 293 3073 fumus,
316 2998 396 3076 ignis
420 3002 451 3059 et
473 3000 603 3078 gemitus
627 3000 828 3077 strepitusque
851 3000 1044 3061 tundentium
1066 3001 1202 3062 fernim?

180 3087 302 3164 Lipare,
331 3088 446 3165 inquit,
475 3089 576 3149 insula
603 3090 664 3149 fuit
691 3090 777 3150 iuxta
806 3090 874 3149 finis
906 3089 1039 3166 Siciliae,
1068 3090 1126 3150 hoc
1155 3093 1205 3152 est
1220 3103 1245 3146 ar

252 3297 322 3350 lin
345 3312 398 3349 om.
418 3294 462 3350 ed.
535 3302 647 3351 inane
664 3297 811 3367 vigilantes
828 3313 898 3366 quae
919 3312 970 3364 pro
992 3299 1205 3365 quas—deice

180 3366 327 3421 substituit
350 3367 394 3422 ed.
467 3373 483 3421 6
506 3372 691 3422 catenen-9
710 3369 821 3437 operari
839 3384 892 3422 om.
910 3367 966 3423 ed:
990 3368 1027 3421 ad
1049 3369 1204 3437 inpositum

180 3440 296 3492 cinerem
319 3438 353 3492 of.
376 3437 452 3493 Serv.
473 3440 502 3492 et
523 3438 597 3493 Serv.
618 3437 687 3492 Dan.
766 3444 798 3493 11
821 3445 911 3507 posset
927 3440 961 3492 ut
978 3438 1009 3492 in
1027 3438 1163 3496 lemmate
1176 3439 1204 3496 V

180 3525 249 3562 corr.
269 3509 312 3563 ed.
373 3515 406 3564 16
426 3509 569 3565 blandaV
587 3510 686 3565 blandi
703 3510 746 3564 cd.
807 3515 840 3564 18
858 3510 1057 3579 speluncarnV
1071 3527 1141 3566 corr.
1156 3511 1203 3572 ed

166 3584 206 3631 19
222 3582 338 3638 elr'en'tnr
354 3580 463 3639 Voorr.
479 3581 522 3637 ed.
585 3584 751 3654 abiegnae
770 3580 813 3636 ed.
874 3587 907 3636 23
927 3581 1053 3651 lipareV
1071 3581 1204 3640 firmatur

153 3649 406 3721 interpretatione
426 3658 559 3730 Liparen
577 3656 625 3714 ed.
698 3660 733 3710 ‘lb
756 3653 895 3709 inentibus
907 3652 948 3707 l.
1015 3659 1052 3706 ‘tt
1074 3657 1203 3721 quattus

143 3723 178 3774 et
192 3721 279 3781 infra
297 3728 327 3784 V
343 3735 472 3804 gemitus
491 3733 603 3809 optimi
621 3730 715 3803 Verg.
728 3725 811 3783 labri.
