2725 4150
536 348 800 405 mnnioosvm
1117 352 1180 420 157

160 521 246 579 illam
269 519 344 579 dicit
365 518 504 579 Herculis
527 518 696 578 mirabilem
718 518 851 579 extitisse
870 518 1026 593 virtutem,
1048 520 1084 578 ut
1101 518 1182 579 bunc

160 610 318 669 tremuerit
347 610 448 668 custos
478 608 592 668 foribus
625 608 781 684 adpositus
813 607 893 668 Ditis
926 626 1032 668 saevus
1065 627 1182 685 semper

161 717 335 775 semperque
366 716 456 775 super
485 716 553 758 ossa
581 697 735 757 recubans.
788 699 902 757 ossium
933 696 1113 775 significatio
1146 717 1182 757 ex

160 792 245 866 parte
269 787 478 847 crudelitatem
502 785 622 846 Cerberi
645 785 777 846 ostendit
800 786 854 863 qui
875 789 997 846 tantum
1019 785 1182 862 saeviebat,

130 881 197 937 sut
219 878 397 953 consumpta
424 895 512 935 earne
540 876 579 935 ad
607 894 675 935 ossa
698 874 848 935 erodenda
874 877 1029 935 remearet.
1079 894 1182 935 cruen-

159 970 260 1028 torum
283 969 385 1024 autem
407 966 459 1024 ille
482 969 528 1025 est
549 964 721 1025 intellectus
740 965 856 1040 quiesi
875 964 1041 1042 descriptus
1059 964 1092 1023 in
1111 963 1183 1025 Osci

163 1056 304 1133 spelunca
335 1054 383 1114 his
415 1055 527 1115 verbis:
559 1073 756 1131 „semperque
791 1054 904 1114 recenti
935 1054 1024 1114 caede
1060 1055 1184 1131 tepebat

160 1143 300 1220 humus“,
330 1147 367 1204 ut
396 1144 488 1203 etiam
515 1142 659 1203 Cerberus
688 1162 804 1220 semper
829 1143 943 1204 recenti
965 1143 1077 1222 praeda
1099 1143 1184 1220 pasci

160 1234 307 1295 videatur.
352 1250 405 1292 uec
431 1237 458 1292 ie
484 1233 564 1292 ullae
589 1234 695 1306 foues,
723 1250 783 1293 non
810 1234 914 1292 termut
939 1234 1002 1307 ipse
1030 1234 1183 1308 Tppboeus

117 1344 143 1383 m
161 1324 289 1394 arduus,
320 1340 407 1382 armo
435 1327 549 1382 tenens:
578 1341 639 1382 non
670 1324 701 1382 te
730 1324 905 1382 terruerunt
934 1321 1068 1383 diversae
1100 1342 1184 1383 mon-

161 1416 292 1473 strorum
323 1414 437 1471 formae
469 1431 523 1470 nec
554 1411 613 1470 tibi
642 1409 834 1470 formidinem
866 1412 1025 1488 Typhoeus
1057 1412 1184 1471 incussit

161 1502 277 1580 ingenti
307 1501 439 1577 corporis
468 1501 547 1560 mole
580 1500 730 1560 confidens
763 1504 854 1579 atque
886 1500 978 1560 armis
1009 1500 1183 1560 instructus.

160 1592 230 1651 Non
259 1595 285 1649 te
311 1591 436 1649 rationis
464 1593 590 1664 egentem
611 1590 768 1650 Lernaeus
795 1590 882 1649 turbu
910 1591 1039 1664 capitum
1061 1590 1246 1652 circum-300

160 1682 237 1739 stetit
258 1681 381 1754 anguis:
404 1697 531 1755 cumque
549 1678 607 1737 tibi
624 1677 776 1739 Lernaeus
795 1679 903 1757 anguis
923 1678 1010 1755 quasi
1027 1679 1182 1739 nociturus

117 1787 142 1827 11
161 1768 324 1828 occurrerit
349 1767 514 1828 innumeris
544 1767 693 1845 capitibus
716 1768 823 1842 fidens,
846 1767 879 1827 in
900 1767 954 1828 illo
982 1768 1183 1845 extinguendo

160 1860 241 1917 malo
263 1876 318 1917 nec
340 1857 436 1918 virtus
454 1860 509 1916 tua
526 1875 580 1916 nee
597 1856 713 1936 ingenii
731 1858 878 1918 vivacitas
897 1856 1006 1933 defuit3
1030 1857 1085 1933 qui
1102 1858 1185 1916 enim

160 1946 294 2006 habuisti
305 1948 476 2006 naturalem
489 1946 671 2006 industriam
685 1966 738 2007 cur
751 1965 909 2023 quaereres
923 1945 1073 2006 alienam?
1094 1947 1184 2016 salve,

162 2053 234 2095 nere
264 2036 346 2096 Iouis
372 2037 486 2111 proles:
515 2054 584 2113 pars
615 2037 661 2097 est
692 2037 752 2097 ista
778 2034 951 2097 laudativae
980 2035 1126 2097 materiae
1148 2039 1184 2096 ut

163 2126 350 2202 praeferatur
371 2127 450 2185 unde
474 2129 558 2186 ortus
580 2127 622 2185 sit
644 2126 699 2204 qui
720 2125 870 2186 laudatur,
917 2128 1053 2203 apparet,
1075 2126 1184 2203 inquit,

118 2232 145 2272 m
164 2233 227 2274 esse
256 2217 286 2273 te
315 2236 420 2280 verum
447 2216 544 2275 filium
574 2214 668 2291 Iovis,
699 2216 771 2274 dum
800 2217 944 2293 paternae
970 2217 1124 2292 potentiae
1154 2218 1186 2275 et

163 2305 313 2363 factorum
330 2304 489 2365 nobilitate
506 2303 677 2381 respondes.
709 2305 796 2365 decus
814 2305 914 2364 addite
932 2305 1024 2364 diuis:
1045 2324 1099 2364 nec
1117 2302 1184 2363 ideo

162 2394 260 2453 factus
290 2412 321 2453 es
355 2392 441 2469 deus,
470 2397 507 2453 ut
536 2393 685 2454 ornareris
714 2413 751 2452 ex
779 2393 848 2453 aliis
878 2393 949 2468 diis,
979 2392 1031 2452 sed
1059 2395 1095 2452 ut
1115 2393 1184 2452 illos

163 2482 331 2543 accessione
360 2485 431 2543 tuae
461 2484 614 2543 societatis
643 2501 773 2543 ornares.
826 2486 853 2541 et
880 2499 935 2541 nos
964 2485 991 2540 et
1012 2486 1064 2540 tun
1087 2481 1185 2540 denter

163 2573 216 2632 adi
233 2572 310 2647 pede
331 2590 419 2632 sacra
442 2572 583 2632 secundo:
609 2590 727 2632 summa
753 2574 873 2632 nostrae
897 2570 1115 2648 deprecationis
1139 2572 1185 2629 est

118 2677 144 2719 m
162 2664 197 2720 ut
220 2661 301 2721 adsis
328 2662 414 2721 nobis
443 2680 583 2739 prospere
611 2664 642 2721 et
668 2660 760 2721 sacris
787 2660 849 2720 tuis
867 2660 1019 2737 propitius
1041 2660 1184 2719 interesse

163 2751 303 2829 digneris.
348 2752 423 2810 tolio
445 2752 627 2811 carminibus
645 2750 803 2809 celebrant:
824 2749 910 2825 talia,
932 2750 1042 2825 inquit,
1064 2749 1121 2809 hoe
1140 2751 1186 2809 est

164 2860 292 2917 quorum
313 2841 374 2916 ipsi
396 2860 458 2900 non
480 2842 636 2900 senserant
653 2837 853 2913 commodum,
871 2839 1073 2899 venerationis
1094 2856 1185 2899 causa

162 2929 338 2989 laudabant.
382 2947 471 3004 snper
493 2930 606 2999 munic,
635 2927 750 2987 scilicet
777 2946 854 3004 quae
881 2944 973 3004 supra
1001 2926 1082 2987 dicta
1105 2931 1186 3002 sunt,

166 3017 237 3077 Gari
263 3018 434 3091 speluncam
463 3018 596 3078 adiciunt
624 3018 841 3091 spirantemque
866 3017 985 3091 ignibus
1006 3019 1120 3091 ipsum:
1147 3018 1185 3077 ab

118 3122 146 3162 eo
163 3108 209 3166 bis
234 3127 311 3184 quae
333 3106 479 3167 Hercules
501 3108 534 3166 in
557 3106 662 3167 alienis
690 3105 863 3185 regionibus
891 3110 1024 3185 gesserat
1051 3107 1091 3166 ad
1115 3105 1186 3166 (laci

164 3197 340 3272 speluncam
365 3199 446 3255 recte
473 3198 651 3274 perventum
677 3198 737 3256 estc
764 3194 932 3255 debuemnt
959 3195 1070 3273 quippe
1093 3196 1186 3254 etiam

164 3287 212 3344 sui
230 3285 380 3345 commodi
396 3285 566 3345 meminisse
586 3286 639 3363 qui
656 3286 743 3345 tanto
761 3285 841 3344 malo
860 3305 915 3363 per
931 3284 1028 3361 ipsius
1042 3285 1186 3345 virtutem

164 3456 238 3509 forte
256 3472 307 3524 pro
321 3462 496 3512 emmunim
510 3460 598 3522 1511
613 3454 804 3511 emendaveris
818 3454 925 3511 cruenti
938 3455 1022 3509 antri.
1078 3459 1092 3506 1
1112 3454 1186 3508 truce

164 3543 219 3584 om.
234 3527 278 3582 ed.
333 3528 494 3598 stysoeeus
513 3526 651 3597 (etinfra)
664 3526 699 3583 V.
755 3532 788 3581 10
807 3533 833 3582 te
851 3542 904 3581 om.
920 3524 963 3580 ed.
1015 3530 1048 3579 12
1066 3526 1186 3595 ingentis

165 3598 209 3653 ed.
288 3601 418 3654 luerim
437 3597 464 3652 V
486 3616 548 3654 urm
570 3598 614 3653 ed.
692 3602 726 3654 18
747 3615 807 3654 vere
824 3596 858 3654 V.
891 3596 898 3670 l
928 3613 982 3667 pur
999 3595 1026 3651 V
1048 3613 1118 3667 pere
1141 3596 1194 3651 ed

165 3674 200 3723 20
227 3676 253 3725 te
280 3686 332 3725 om,
357 3669 427 3725 edl'.
460 3669 469 3743 Ι
501 3676 529 3728 et
551 3686 606 3727 om.
631 3669 677 3729 ed.
758 3676 796 3728 11
825 3668 981 3730 umens
1017 3669 1137 3725 ornares
1163 3664 1217 3716 eb.

158 3744 191 3789 31
209 3740 361 3796 dedicerant
377 3741 420 3799 ed.
