2725 4150
556 339 807 396 nmsmosvn
1146 345 1190 411 65

170 511 254 584 sunt,
277 508 390 586 inquit,
412 509 469 568 hoe
496 511 543 568 111
569 509 623 586 qui
644 529 699 586 per
719 511 862 571 inertium
885 510 967 571 sedes
991 530 1061 572 suas
1085 515 1116 571 et
1137 531 1190 589 pe·

169 599 259 658 trium
288 597 496 675 perdiderunt,
519 598 708 659 delectentur
734 601 916 660 smoeuitste
940 600 1087 676 fluminis,
1110 600 1191 677 quod

169 707 229 748 uon
252 687 398 762 feterent,
421 687 480 747 uisi
497 690 597 748 essent
614 689 706 749 soluti
724 692 756 749 11
772 689 891 750 inertes.
928 689 1083 767 pietasque
1102 709 1191 749 exure

170 778 301 837 eminus:
323 777 448 836 notetur
470 777 552 854 quod
574 779 694 855 picture.
713 780 837 838 uarium
854 778 1021 839 luxuriosos
1041 797 1190 838 11111111-

144 866 333 942 rprobureut
361 868 393 925 et
422 865 461 925 sd
487 866 628 927 bellicum
655 870 804 926 certamen
832 868 976 928 infirmos.
1020 868 1074 927 hes
1096 867 1192 945 igitur

168 955 293 1015 iubebat
323 954 454 1031 incendi,
486 959 523 1015 111
553 957 665 1034 pressis
696 956 834 1035 fugiendi
865 957 914 1017 vel
945 957 1091 1017 evadendi
1121 956 1190 1016 sub-

169 1045 281 1104 sidium
303 1047 473 1123 negaretur.
510 1046 665 1104 caelestum
685 1048 731 1105 sis
751 1065 859 1121 meque
878 1047 971 1105 tebet:
993 1046 1081 1106 debet
1098 1046 1190 1106 sude·

169 1135 233 1193 eius
256 1133 323 1193 fieri
345 1133 427 1210 quod
449 1152 580 1212 superna
601 1136 756 1211 praecepit
778 1137 951 1195 aucteritas.
1002 1136 1084 1212 quod
1111 1135 1192 1194 enim

169 1223 295 1282 deorum
323 1223 460 1301 reginum
489 1222 566 1283 dixit
594 1226 795 1300 praesepisse,
818 1224 857 1282 ad
880 1225 977 1285 omnis
1000 1226 1070 1285 deos
1092 1226 1192 1286 voluit

132 1329 154 1368 11
168 1313 332 1388 pertinere,
355 1313 409 1388 qui
426 1312 578 1372 voluntati
597 1313 724 1390 potioris
742 1332 803 1372 uon
820 1315 962 1390 poteraut
980 1314 1190 1375 contradieere.

167 1421 222 1461 1111
252 1399 385 1476 dubites,
414 1401 527 1478 inquit,
558 1406 680 1480 accepts
710 1403 863 1479 perficere,
893 1421 960 1462 eum
988 1405 1101 1480 coeptis
1129 1406 1190 1465 tuis

168 1491 330 1550 adfuturus
353 1491 394 1550 sit
415 1492 694 1568 potentissimorum
716 1491 871 1551 numinum
894 1493 989 1552 favor.
1035 1496 1135 1570 potest
1160 1497 1191 1552 et

168 1580 224 1656 sie,
247 1582 285 1639 ut
306 1579 453 1639 Iunonem
476 1580 584 1640 dixerit
606 1582 668 1640 vim
691 1600 846 1660 maguam,
871 1581 928 1640 hoe
951 1583 997 1640 est
1020 1601 1097 1658 quse
1120 1582 1190 1658 plus

167 1672 271 1747 posset
300 1688 391 1745 quam
422 1668 465 1727 dii
494 1671 593 1729 ceteri.
637 1687 690 1729 rex
716 1673 780 1744 ipse
802 1671 946 1740 Latinae,
973 1671 1190 1730 1111111111-

127 1776 151 1816 11
167 1760 281 1834 inpium
309 1762 336 1817 et
362 1760 437 1818 dieto
462 1776 569 1831 parere
594 1760 713 1832 fatetur,
736 1761 843 1819 sentiat
865 1764 891 1817 et
912 1760 1031 1819 tandem
1054 1761 1190 1818 Turnum

168 1849 337 1922 experiatur
357 1849 391 1906 tn
413 1850 521 1907 amis:
550 1848 630 1925 quod
654 1850 700 1909 sit
721 1869 773 1908 rex
794 1850 872 1927 ipse,
896 1850 939 1908 sie
956 1849 1191 1928 intellegendum

167 1940 226 1997 est:
257 1937 322 2012 ipse
352 1939 405 2014 qui
433 1940 464 1997 te
493 1937 615 2013 fefellit,
644 1938 709 2015 ipse
737 1938 787 1998 eui
814 1938 974 1998 obsecutus
1004 1958 1035 1999 es
1064 1959 1190 2017 semper,

167 2028 232 2104 ipse
264 2027 350 2086 euius
382 2028 540 2104 imperium
571 2029 627 2087 tue
659 2027 830 2087 defensione
862 2029 1002 2103 servasti,
1034 2030 1099 2107 ipse
1135 2031 1190 2106 qui

166 2115 288 2176 mobilis
311 2135 374 2176 esse
397 2135 457 2175 non
480 2116 596 2192 debuit,
618 2117 684 2193 ipse
707 2136 797 2195 penes
821 2138 911 2193 quem
931 2137 1082 2178 summum
1100 2138 1190 2196 super

123 2224 149 2264 11
166 2205 248 2265 filise
266 2204 474 2265 coniunctione
492 2206 636 2265 iudicium
655 2208 701 2266 est
720 2208 831 2283 quique
848 2207 978 2268 iniuriae
996 2211 1066 2268 tuse
1086 2211 1190 2268 suetor

167 2313 231 2354 esse
261 2312 323 2353 non
353 2294 466 2354 debuit.
516 2295 575 2355 nisi
595 2295 652 2353 tibi
675 2296 831 2375 coniugem
855 2297 984 2373 dederit,
1006 2300 1066 2358 nisi
1089 2298 1187 2356 eondi-

167 2382 304 2443 eionibus
336 2383 396 2443 tuis
429 2403 461 2444 se
491 2385 643 2462 professus
674 2385 768 2444 fuerit
799 2387 983 2462 periturum,
1020 2386 1072 2461 qui
1105 2386 1188 2443 beni·

166 2471 332 2534 volentium
363 2473 466 2551 generi
497 2473 744 2533 contemnendum
778 2474 906 2533 eredidit
937 2474 1046 2533 armati
1078 2474 1189 2533 sentiet

167 2565 198 2621 et
218 2561 293 2621 irati
315 2560 466 2622 virtutem.

122 2668 148 2709 11
238 2651 301 2709 Hie
317 2652 433 2710 tersenis
450 2656 545 2710 vatem
562 2652 696 2710 inridens
714 2653 756 2711 ste
779 2669 848 2710 erse
869 2651 999 2709 1111111111
1017 2668 1066 2709 ore
1084 2653 1188 2725 refert:
1197 2664 1249 2713 435

165 2741 215 2800 hie
236 2740 370 2815 iuvenis,
392 2740 449 2800 hoe
472 2742 594 2817 estqui
618 2741 726 2800 eetetis
752 2743 783 2799 et
806 2740 992 2800 fortitudinis
1018 2740 1188 2800 substantia

166 2830 295 2889 confisus
314 2831 401 2904 esset,
415 2830 551 2889 enieulue
570 2830 651 2889 diets
668 2850 724 2906 per
742 2829 890 2889 somnium
909 2832 940 2888 et
953 2829 1044 2890 verbs.
1058 2830 1188 2890 feminea

166 2938 221 2995 pro
243 2917 362 2979 levibus
385 2920 494 2978 ducens
516 2920 593 2979 talia
616 2919 699 2978 dedit
720 2937 872 2996 response.
914 2921 1058 2997 expressit
1076 2922 1187 2981 utrius-

167 3027 223 3084 que
254 3008 365 3067 aetatis
394 3027 521 3085 morem3
548 3028 619 3068 111111
642 3027 726 3069 senes
749 3009 832 3068 ultra
855 3029 947 3086 quem
969 3013 1018 3070 111
1040 3010 1187 3069 esttimi·

120 3114 148 3153 1ο
166 3096 264 3156 diores
283 3099 355 3156 sunt
373 3100 404 3157 et
422 3097 503 3174 spud
519 3099 653 3157 iuniores
671 3098 746 3159 heee
762 3101 845 3158 11111
860 3101 1010 3159 contemni
1024 3098 1188 3159 consuevit.

167 3186 296 3264 denique
328 3188 360 3245 et
390 3191 481 3264 poeta
512 3188 586 3247 haee
617 3188 786 3265 praemisit:
822 3187 885 3268 hie,
915 3190 1028 3265 inquit,
1057 3188 1187 3264 iuvenis3

238 3379 256 3428 4
270 3374 338 3444 quid
350 3373 377 3428 V
391 3375 463 3443 quod
477 3375 520 3428 ed.
538 3374 541 3446 1
557 3392 613 3429 sese
625 3377 824 3445 comprobarent
835 3375 861 3429 V
875 3393 931 3431 esee
944 3376 1129 3444 comprobaret
1143 3374 1186 3428 ed.

166 3451 183 3499 8
200 3446 318 3514 peuepit
331 3445 357 3499 V
371 3448 511 3515 praecipit
529 3447 572 3500 ed.
598 3446 601 3519 1
630 3448 703 3502 enim
721 3447 747 3501 V
764 3464 826 3503 vero
845 3447 889 3501 ed.
949 3452 982 3501 12
1000 3447 1143 3500 nominem
1161 3445 1188 3499 V

167 3533 236 3571 eorr.
257 3517 301 3571 ed.
323 3516 326 3589 1
347 3524 476 3585 potest-
492 3522 525 3571 13
544 3535 673 3587 maenam
688 3517 714 3571 V
732 3525 758 3572 et
775 3519 806 3573 id
823 3520 897 3572 que
910 3519 1053 3586 praecepit
1070 3534 1188 3587 mappae

164 3590 305 3657 potentiae
332 3588 479 3643 substituit
507 3587 549 3643 ed.
624 3593 658 3642 20
684 3590 903 3646 eeniwnetionem
927 3589 974 3645 11.
1002 3588 1012 3663 1
1041 3590 1145 3658 peterse
1161 3588 1187 3640 11

166 3662 224 3725 ipsse
241 3661 297 3725 qm·
316 3659 357 3711 ed.
384 3660 398 3730 l
425 3677 495 3714 suae
514 3659 541 3715 V
556 3661 600 3718 ed.
626 3669 693 3721 tuae
713 3681 775 3723 nos.
850 3669 888 3721 11
906 3664 967 3722 teste
986 3659 1146 3719 omnen
1163 3659 1215 3713 11,

155 3733 192 3776 27
199 3728 326 3789 semema
347 3727 373 3778 V
381 3730 509 3795 feminae
527 3735 572 3791 ed,

186 3827 246 3864 Dou,
256 3828 353 3876 mrem.
367 3832 434 3885 Vetg.
453 3841 498 3881 rol.
510 3844 544 3886 Π,
1056 3852 1079 3903 t>
