2725 4150
558 327 742 385 AENEIDOS
760 327 786 382 X
1117 330 1181 397 397

161 499 339 558 onnotornm
362 496 482 558 oiviunn
518 498 614 559 onmis
630 515 688 572 per
708 497 812 557 mortis
834 497 968 557 anonam
985 500 1100 557 'roselon
1121 499 1184 572 ipse

161 587 321 647 dedissem:
344 586 541 648 consentirem
563 586 697 648 adversis
720 605 854 647 meorum
872 585 980 647 studiis
999 588 1031 646 et
1052 604 1099 645 me
1123 606 1185 664 qne

160 677 275 738 vellent
296 694 394 754 poene
416 677 602 737 oonfioerent
632 694 714 737 nono
734 677 801 736 vivo
822 686 914 750 neque
937 675 1034 736 odleee
1054 675 1228 744 hominesne

161 766 310 839 lucorum
322 765 463 839 relinquo.
492 765 544 826 sed
557 766 705 840 linquam:
722 784 815 841 nuno,
832 766 947 844 inquit,
960 765 1031 826 vivo
1045 764 1099 842 qni
1111 764 1185 826 olim

131 873 143 913 s
162 854 324 916 debueram
345 856 437 931 mori,
459 854 560 916 vivere
582 856 664 914 enim
681 873 741 914 non
760 854 850 915 debui
868 856 923 932 qui
940 853 1088 915 universis
1112 853 1184 915 eivi-

161 943 218 1004 bus
240 944 315 1004 'meis
337 943 475 1020 quelibet
496 942 615 1004 ratione
633 944 783 1020 displicui.
815 963 911 1020 neque
935 944 1032 1004 edhno
1049 942 1185 1004 homines

162 1035 194 1093 et
211 1033 309 1093 luoem
326 1033 426 1110 ipsum
443 1033 594 1110 relinquo:
615 1052 685 1093 oum
702 1032 849 1093 deliberet
867 1033 898 1091 et
915 1052 969 1110 per
984 1033 1100 1094 incerte
1118 1051 1185 1093 eon·

152 1121 233 1183 eilia
249 1121 378 1200 rapitur,
395 1122 463 1183 fixit
479 1125 660 1183 sententiem
677 1125 709 1182 et
726 1123 866 1182 extremis
880 1122 1003 1182 tendem
1021 1121 1185 1199 aliquando

162 1212 314 1272 consensit
337 1211 438 1272 dicens
461 1211 513 1272 sed
533 1211 682 1289 linquem:
710 1211 834 1287 sedem,
856 1210 970 1289 inquit,
992 1230 1076 1272 sorus
1103 1210 1185 1288 quod

117 1320 144 1360 ιο
162 1301 236 1360 olim
250 1299 413 1360 differendo
431 1319 492 1360 non
509 1300 575 1361 feei.
598 1301 689 1362 eima
706 1301 758 1361 boe
775 1301 875 1362 dicem
892 1301 997 1360 attollit
1013 1302 1046 1360 in
1065 1318 1186 1377 aeonem

161 1407 194 1450 ee
210 1390 324 1464 fener:
347 1409 416 1450 oum
432 1390 500 1466 ipso
518 1391 626 1450 ultimo
644 1390 735 1451 verbo
754 1389 920 1450 sententiae
937 1407 1010 1450 eune
1029 1408 1091 1467 qne
1107 1389 1185 1451 iudi·

162 1479 244 1539 onvit
266 1478 325 1538 sibi
347 1497 412 1540 esse
433 1480 622 1541 moriendum
643 1478 676 1538 in
695 1498 818 1558 aegrum
841 1497 872 1539 se
890 1479 1000 1538 extulit
1017 1478 1123 1540 lemur.
1150 1484 1185 1550 et,

162 1585 343 1642 quamquam
363 1569 411 1629 eie
428 1568 487 1629 allo
509 1569 628 1628 outreere
646 1569 753 1638 toedet,
777 1571 820 1644 et,
843 1567 914 1629 lieet
936 1567 1108 1627 tenderetur
1130 1568 1187 1628 elti

161 1657 295 1719 vulneris
318 1657 478 1734 violentie,
500 1658 573 1718 leot
594 1658 733 1727 deiectus,
757 1676 817 1717 non
839 1659 941 1718 tumen
963 1659 997 1716 in
1014 1659 1113 1716 totum
1136 1657 1186 1717 de·

116 1766 143 1808 rs
161 1745 301 1808 bilitetue
324 1748 440 1823 animo,
463 1764 568 1822 eorsum
591 1747 660 1807 duci
678 1747 769 1816 iubet,
792 1747 828 1806 ut
850 1765 886 1806 eo
904 1746 1062 1806 veheretur
1079 1745 1186 1808 debilis

163 1855 223 1913 qno
241 1837 288 1895 nti
306 1836 414 1897 solitus
432 1838 532 1897 fueret
549 1855 617 1896 oum
634 1835 761 1896 floreret.
793 1836 845 1896 loo
862 1836 951 1896 deesse
968 1836 1026 1906 illi,
1044 1836 1097 1897 loe
1109 1836 1186 1897 eolo·

160 1943 230 1986 mere
248 1930 323 1996 erat,
343 1926 426 1987 bellis
442 1926 495 1987 boe
510 1927 602 1986 vietor
615 1926 717 1986 ebibet
729 1926 879 1986 menibus:
895 1924 960 2004 ipse
978 1927 1186 1987 ornamentum
1195 1938 1229 1990 86

162 2015 285 2076 domino
303 2015 376 2093 fnit,
399 2016 546 2077 soleoinm
563 2016 642 2093 ipse,
665 2015 761 2093 ipsius
780 2014 916 2093 enepioio
936 2016 1082 2078 remeavit
1099 2014 1186 2077 bellis

162 2125 199 2165 ex
223 2106 361 2167 omnibus
383 2107 488 2167 vietor.
527 2124 594 2166 eoos
617 2123 677 2165 non
702 2105 801 2166 solum
828 2107 960 2184 eorporis
983 2106 1093 2167 vitium
1115 2105 1187 2183 eqni

116 2214 144 2255 eo
163 2194 311 2256 auxilium
332 2194 505 2273 flagitabat,
527 2195 600 2255 telis
623 2193 715 2254 etiem
733 2195 793 2254 fuit
814 2198 868 2271 qui
886 2196 925 2255 ed
947 2196 1093 2256 ultionem
1115 2194 1187 2256 duoi

163 2283 330 2361 debuisset3
352 2303 412 2344 non
435 2283 515 2343 enim
536 2283 655 2345 vincere
676 2282 839 2344 Mezentius
863 2284 1005 2361 cupiebat
1027 2304 1119 2361 quem
1141 2283 1187 2343 fili

162 2374 320 2433 interitum
342 2372 508 2448 vindicare,
530 2372 588 2433 teli
606 2391 677 2453 ergo
696 2392 772 2451 equo
791 2374 839 2433 uti
856 2373 955 2433 voluit
972 2374 1025 2449 qui
1042 2391 1104 2432 non
1126 2374 1187 2433 nisi

163 2482 232 2523 enm
245 2463 349 2540 palme
360 2480 492 2523 remeare
506 2466 685 2524 consuesset
714 2462 881 2538 alloquitor
893 2466 1078 2530 maerentem,
1097 2463 1187 2539 quesi

162 2552 245 2612 mela
268 2549 383 2612 domini
404 2551 497 2612 etiem
519 2552 582 2629 ipso
605 2551 742 2627 sentiret,
766 2556 793 2612 et
814 2551 923 2611 talibus
944 2552 1023 2623 terit,
1050 2552 1081 2609 et
1106 2550 1187 2611 huno

116 2659 144 2700 es
163 2639 278 2701 talibus
300 2641 399 2702 verbis
423 2640 558 2701 edieturz
580 2642 712 2711 Rhoete,
736 2641 802 2712 dio,
820 2657 868 2700 res
885 2641 913 2701 si
931 2656 991 2713 qua
1008 2639 1061 2699 dio
1078 2644 1186 2700 morter

164 2731 242 2791 libes
255 2730 319 2790 olle
332 2734 382 2800 est,
396 2731 539 2791 urimur:
553 2731 606 2807 qui
619 2729 778 2791 videbatur
791 2728 887 2790 tristis
902 2727 1087 2791 sentiebatur
1098 2747 1186 2806 posse

164 2819 320 2879 dominum
339 2819 443 2880 audire
461 2820 642 2897 loquentem.
674 2818 729 2879 diu
747 2820 802 2894 est,
823 2819 934 2895 inquit,
952 2817 1032 2895 quod
1046 2819 1186 2894 viximus,

163 2909 300 2985 Rheebe,
323 2911 350 2969 ei
367 2913 470 2970 temen
488 2910 579 2969 duret
596 2908 715 2985 aliquid
736 2907 915 2969 mortalibus
933 2907 985 2968 diu
1005 2910 1037 2968 et
1054 2908 1108 2968 diu
1126 2907 1186 2967 diei

163 3001 266 3075 potest
288 2998 369 3075 qnod
387 2998 537 3059 oleuditnr
554 2998 621 3058 line.
655 3002 709 3059 aret
725 2997 810 3058 lodie
826 2998 918 3057 vietor
935 2997 1031 3071 spello
1048 2997 1103 3057 illo
1121 3013 1186 3057 om·

118 3107 145 3147 so
164 3092 234 3148 ento
261 3092 288 3147 et
309 3092 398 3161 copel
419 3087 538 3149 Aeneae
563 3091 673 3163 referes
694 3086 849 3161 Lausique
871 3087 1005 3148 dolorm
1026 3086 1105 3147 oller
1127 3087 1186 3146 eris

164 3194 278 3236 meeum
306 3182 370 3247 aot,
399 3178 494 3253 aperit
522 3178 550 3237 si
575 3178 661 3238 nollo
687 3178 769 3239 eiam
794 3177 854 3246 oie,
886 3177 1034 3237 oeouenbes
1056 3176 1229 3251 naereses

238 3372 335 3421 'loom
352 3382 406 3420 om.
422 3365 465 3420 ed.
494 3364 498 3437 l
528 3366 697 3423 deleberobat
715 3365 758 3421 ed.
819 3369 853 3419 10
875 3366 942 3421 loeo
963 3364 1007 3419 ed.
1063 3370 1095 3417 11
1119 3380 1186 3419 sesae

166 3455 220 3492 om,
235 3437 278 3492 ed,
335 3442 368 3491 13
386 3438 482 3493 tardet
499 3436 542 3492 ed.
564 3437 568 3509 l
587 3437 789 3495 houd-iubet
800 3438 873 3507 poet.
887 3437 982 3492 tardat
995 3434 1125 3504 interpol.
1141 3435 1185 3490 ed.

166 3515 201 3563 14
227 3526 285 3564 nore
312 3515 404 3564 lamere
425 3508 451 3562 V
478 3514 570 3564 lenem
595 3525 682 3577 neque
709 3508 753 3564 ed.
839 3513 872 3563 18
899 3510 958 3577 ipse
984 3508 1114 3563 solatieme
1141 3506 1185 3561 ed.

167 3586 200 3635 19
226 3583 324 3636 ollium
347 3582 410 3649 equi
432 3580 571 3636 oumlimn
589 3579 614 3633 V
637 3579 668 3634 in
691 3579 848 3637 absurdum
863 3582 937 3634 mut.
950 3578 999 3634 ed.
1066 3583 1111 3629 Ἃ
1131 3579 1199 3629 ube-

166 3669 224 3706 eere
238 3652 263 3703 V
280 3658 336 3707 tam
354 3669 377 3705 o.
398 3651 440 3706 ed.
461 3650 496 3707 ef.
516 3670 540 3708 v.
556 3657 618 3709 ³69.
695 3658 732 3711 tt
756 3654 913 3713 consuisset
926 3650 972 3706 Ἴ.
1043 3652 1085 3701 ‘eb
1109 3645 1225 3708 ubam

157 3729 198 3774 W
213 3721 254 3773 θ’θ’
278 3722 289 3790 l
312 3722 423 3790 Μῇθῦθ,
442 3722 521 3781 infra
539 3728 642 3787 rhoebe
656 3726 695 3787 V.
774 3732 814 3785 28
835 3727 912 3785 diuo
930 3730 959 3781 et
978 3716 1089 3777 etot.
