2725 4150
553 328 804 384 Arsamosvu
1148 333 1191 398 13

168 520 236 558 cum
258 498 363 558 Latini
390 500 536 578 originem
563 501 660 558 totam
689 517 860 558 enumerare
884 500 1042 576 coepisset,
1065 499 1192 559 novissi·

167 610 249 647 mum
272 589 345 648 fecit
369 589 421 665 qui
438 589 580 648 nascendi
598 589 727 665 posteris
747 587 893 667 originem
911 587 1002 647 dedit.
1040 593 1070 648 et
1088 607 1194 648 revera

167 679 218 738 ille
241 683 288 738 est
309 679 434 738 ultimus
458 683 528 737 ante
552 697 641 753 quem
664 679 694 736 et
717 679 897 753 postquem
919 678 1020 736 nullus
1041 681 1094 738 est.
1131 679 1192 736 tale

167 768 268 827 ultimi
298 767 467 844 exemplum
496 770 526 827 θὴ
557 767 659 827 Cicero
681 766 715 824 in
738 767 866 825 secundo
894 767 1112 841 rhetoricorum
1141 760 1192 848 (de

140 860 228 917 einr.
245 856 278 915 H
299 861 327 932 2,
342 850 378 938 5)
401 857 498 932 dedit,
535 856 704 931 „omnium,
727 856 841 931 inquit,
866 857 1045 933 quicumque
1069 857 1194 915 fuerunt

168 947 205 1005 ab
228 946 336 1006 ultimo
355 946 505 1023 principio
523 946 614 1005 huius
632 944 880 1021 praeceptionis.“
915 946 998 1018 filius
1020 946 1101 1005 tute:
1125 964 1194 1005 oum
1213 958 1247 1007 50

169 1035 243 1095 dicit
271 1036 354 1110 huic,
383 1036 484 1112 potuit
511 1034 607 1094 videri
629 1035 666 1093 de
692 1033 822 1094 Saturno
845 1034 967 1110 dixisse;
997 1035 1085 1094 huius
1114 1035 1194 1093 euim

168 1126 366 1185 novissimum
394 1125 501 1183 fixerat
529 1124 670 1201 gradum3
701 1125 753 1184 sed
782 1124 938 1200 sequentia
966 1125 1128 1184 ostendunt
1155 1124 1194 1183 ed

169 1213 313 1273 Latinum
335 1216 452 1273 textum
474 1213 655 1272 narrationis
680 1231 743 1272 esse
766 1217 947 1273 revocatum.
988 1216 1063 1288 foto,
1085 1214 1194 1290 inquit,

131 1319 152 1356 ιο
169 1304 270 1362 diuuu
295 1304 450 1378 prolesque
476 1303 572 1362 uirilis
598 1302 684 1360 uultu
712 1304 772 1374 fuit
795 1304 953 1376 primaque
976 1305 1073 1363 oucus
1096 1307 1195 1376 crepta

169 1395 288 1451 iuocuta
321 1396 377 1451 cst:
417 1394 454 1450 ut
488 1393 568 1451 enim
602 1395 671 1450 ante
704 1390 848 1450 Latinum
877 1392 989 1470 gradus
1019 1393 1115 1453 omnis
1146 1413 1193 1450 cx·

170 1483 274 1556 cussit,
304 1484 375 1558 post
402 1481 502 1556 ipsum
533 1500 651 1558 quoque
680 1481 753 1558 quid
782 1483 859 1539 esset
886 1481 989 1540 debuit
1013 1501 1193 1542 enumerare.

169 1572 246 1647 fato,
274 1571 388 1647 inquit,
416 1570 532 1644 divum,
559 1571 617 1629 hoc
646 1574 693 1629 est
726 1569 850 1629 deorum
880 1570 1029 1630 sententia
1059 1571 1194 1629 subolem

169 1660 215 1718 illi
233 1661 331 1720 virilis
353 1678 439 1719 sexus
459 1663 578 1718 constat
595 1678 659 1719 esse
678 1658 871 1736 denegatam,
894 1678 954 1718 non
974 1660 1096 1735 quidem
1115 1659 1195 1736 quod

132 1762 154 1801 1⁵
169 1749 252 1809 nasci
274 1748 445 1825 nequiverit
467 1741 554 1830 (nam
576 1753 756 1825 provenerat
777 1740 952 1829 nascendo),
971 1748 1022 1808 sed
1040 1749 1194 1808 moriendo

170 1842 348 1915 consumpta
376 1841 423 1897 est
452 1840 495 1912 et,
528 1837 610 1913 quod
638 1839 764 1896 maximi
782 1839 904 1898 doloris
935 1857 998 1899 esse
1028 1838 1194 1913 constabat,

170 1932 241 1987 tunc
269 1928 438 2003 intercepta
467 1929 513 1986 est
542 1945 610 1985 cum
635 1927 698 1986 iam
726 1946 792 2003 spes
821 1929 886 1987 eius
912 1928 945 1986 in
967 1927 1041 2005 ipsis
1066 1928 1194 1988 exordiis

169 2017 318 2079 iuventae
339 2016 487 2095 coepisset
517 2016 685 2076 enitescere.
737 2017 802 2076 solo
824 2017 943 2077 docuucu
966 2021 993 2077 ct
1014 2022 1113 2077 toutos
1136 2036 1195 2077 scr-

170 2110 259 2167 eabat
275 2108 342 2180 filiu
359 2107 450 2176 sedes,
464 2107 527 2165 ium
543 2110 664 2165 maturo
681 2108 755 2175 uiro,
769 2108 830 2166 ium
844 2108 945 2180 pleuto
963 2108 1074 2166 nubilis
1092 2109 1196 2167 cuuis:

132 2208 154 2247 ²0
170 2197 323 2257 deficiente
345 2195 443 2256 virilis
466 2214 552 2255 sexus
576 2195 680 2254 subole
701 2197 794 2271 senis,
812 2197 869 2255 hoo
888 2199 934 2256 est
952 2198 1004 2273 qui
1022 2197 1085 2256 iam
1104 2198 1196 2255 aliam

171 2305 288 2363 sperare
316 2305 377 2345 non
404 2288 520 2361 posset,
548 2286 613 2345 sola
635 2285 736 2345 fuerat
758 2285 834 2360 filia,
858 2285 897 2345 ad
921 2305 1012 2361 quam
1034 2288 1121 2364 regni
1143 2307 1195 2362 po-

170 2380 262 2435 testas
290 2378 414 2452 propter
441 2374 646 2434 infirmitatem
668 2374 829 2434 femineam
851 2377 979 2435 mansino
1002 2396 1063 2435 non
1086 2379 1194 2451 posset.

169 2465 254 2523 multi
275 2465 360 2523 illam
381 2481 489 2537 meque
512 2464 634 2522 elicto
653 2468 768 2536 totaque
788 2464 1089 2537 pctcboutAusouio:
1109 2465 1195 2537 hauc,
1215 2475 1248 2523 65

170 2556 329 2630 propterea
359 2553 442 2629 quod
471 2556 549 2613 esset
577 2553 669 2612 unica
698 2556 729 2612 et
759 2553 836 2612 senis
866 2552 930 2611 filia
959 2571 1085 2628 spesque
1118 2556 1196 2612 esset

132 2658 155 2697 u
170 2663 262 2722 regno
293 2662 361 2702 oum
391 2662 483 2702 uxore
510 2641 782 2719 potiundi‚,multi
804 2641 917 2701 nobiles
942 2661 977 2700 ex
1000 2642 1082 2700 omni
1104 2641 1195 2702 Italia

170 2733 406 2808 postulaverant.
452 2733 599 2791 maiorem
628 2732 740 2808 quippe
770 2732 933 2807 petitorum
960 2751 1131 2807 numerum,
1160 2736 1196 2791 ut

171 2823 284 2882 dictum
314 2822 373 2896 est,
402 2821 513 2880 fecerat
542 2838 609 2897 spes
639 2822 775 2879 maturae
802 2821 864 2879 iam
892 2823 983 2898 atque
1006 2823 1113 2882 unicae
1136 2822 1195 2882 vir·

171 2913 262 2989 ginis,
284 2910 372 2989 regni
394 2910 544 2987 cupiditas
568 2909 704 2968 eventuri
727 2912 758 2967 θὴ
780 2909 910 2970 latitudo
929 2913 1085 2971 terrerum.
1124 2912 1197 2985 petit

172 3004 237 3059 aute
256 3001 332 3059 ulios
346 3000 562 3072 pulcherrimus
580 2999 676 3057 munis
696 2999 817 3057 Turnus
835 3001 901 3058 ouis
917 3002 1069 3073 atavisque
1077 3005 1196 3075 poteus:

134 3104 156 3143 u
172 3092 239 3148 ante
271 3090 367 3148 omnis
394 3088 508 3165 inquit:
545 3106 605 3146 non
627 3088 739 3164 petisse
762 3091 832 3148 anto
856 3091 952 3148 omnis
975 3090 1195 3167 intellegendus

171 3182 216 3239 est
242 3180 375 3254 Turnus,
405 3178 457 3237 sed
487 3181 556 3237 anto
586 3177 683 3237 omnis
710 3178 942 3254 pulcherrimum
972 3199 1006 3238 eo
1038 3179 1197 3238 accedebat

243 3372 259 3420 3
278 3368 331 3421 tuli
343 3366 369 3419 V
386 3368 453 3421 tutis
471 3366 514 3420 ed.
588 3371 605 3418 4
628 3367 780 3434 exemplum
798 3373 824 3420 ct
841 3368 932 3421 ucbro
955 3368 987 3420 u'u
1011 3366 1128 3420 secundo
1154 3384 1194 3420 re-

172 3439 337 3493 thoricomm
350 3436 383 3491 V.
439 3439 583 3507 tquisque
596 3436 622 3489 V
636 3439 797 3506 quicumque
811 3436 859 3491 Cic
882 3439 930 3505 que¹
944 3437 987 3490 ed.
1041 3438 1195 3491 thuius-

173 3510 310 3564 ‘Idieisse
332 3526 385 3563 om.
405 3509 449 3563 ed.
529 3513 545 3561 9
568 3510 661 3577 iuquit
681 3524 734 3563 om.
755 3509 798 3562 ed.
868 3513 901 3561 16
920 3509 1058 3562 mouimus
1076 3508 1154 3563 dolor
1171 3511 1196 3563 is

173 3580 216 3634 ed.
239 3597 309 3635 corr.
333 3580 377 3634 ed.
400 3583 474 3649 post.
487 3607 515 3625 =
528 3578 562 3633 V.
650 3585 687 3635 18
713 3581 854 3637 cuitisccte
876 3578 915 3635 V.
1000 3583 1038 3633 at
1065 3581 1149 3635 otuu
1164 3578 1212 3629 V.

174 3656 207 3704 25
225 3653 489 3721 raptu—poumidi
508 3654 616 3710 temere
639 3656 713 3712 mut.
732 3654 781 3714 ed.
855 3660 893 3711 ‘et
920 3653 1087 3726 puditurum
1100 3650 1129 3702 V
1162 3660 1231 3715 W

161 3736 250 3774 mm
267 3721 310 3775 cd.
384 3729 422 3777 28
438 3732 583 3787 terrarum
600 3728 629 3787 V
647 3750 791 3807 aprorum
810 3731 862 3789 ed.
