2725 4150
555 331 740 387 nunninus
758 331 798 386 ιιι
843 353 846 359 ,
1118 335 1182 402 521

167 505 251 562 bunt:
279 501 337 561 iste
366 499 445 559 inter
474 517 544 559 suos
573 518 634 559 uon
663 499 700 559 de
729 499 922 561 inferioribus
945 500 1004 560 fuit
1026 503 1057 560 ct
1079 501 1184 563 fraude

166 591 314 666 certabat,
342 589 487 666 quamdiu
513 588 542 648 ei
562 588 659 648 uitam
685 590 751 649 fata
778 589 890 668 largita
912 592 982 652 sunt
1005 593 1036 650 et
1058 589 1186 650 (tamilla

165 702 225 740 uon
248 681 334 741 uidit.
378 681 460 752 isque
488 679 540 737 ubi
568 694 599 737 se
625 679 792 738 celicium
815 696 905 738 cursu
927 679 1048 739 euadere
1066 697 1186 754 penae

162 788 249 844 posse
270 783 362 843 neque
382 770 540 827 instantem
562 767 695 841 repinum
718 772 847 827 avertem
864 769 967 839 cernit,
986 769 1106 828 consilio
1124 785 1186 828 eer-

134 877 233 921 ssure
262 860 343 918 delos
370 859 522 932 impressus
551 861 578 915 et
606 860 674 915 astu
701 858 806 931 incipit
832 858 917 917 haec:
946 858 1066 935 quando
1089 858 1133 918 sic
1155 874 1247 924 selue

166 949 298 1009 advertit
327 965 516 1025 oppressum,
545 949 582 1005 ut
609 944 769 1006 resistendi
797 945 908 1007 fiducia
935 966 997 1006 non
1027 949 1105 1008 esset
1133 967 1187 1007 nec

165 1058 232 1116 spes
255 1039 319 1097 ulla
342 1036 478 1115 fugiendi
501 1037 688 1112 suppeteret,
706 1035 800 1096 vertit
817 1054 848 1096 se
867 1036 906 1096 ad
924 1037 1048 1096 solitum
1065 1055 1186 1113 morem,

164 1131 200 1187 ut
232 1127 395 1186 declinaret
426 1125 495 1185 dolo
530 1124 610 1202 quod
642 1125 705 1183 alia
737 1125 855 1185 ratione
885 1143 945 1184 non
973 1128 1100 1204 poterat.
1139 1127 1186 1188 his

163 1217 259 1294 igitur
286 1216 421 1276 instituit
448 1215 546 1290 loqui:
574 1214 645 1287 quid
667 1219 729 1274 tum
751 1215 909 1290 epreptecu,
933 1215 960 1274 si
982 1216 1095 1289 femina
1116 1217 1187 1290 forti

119 1328 147 1367 ιο
164 1307 235 1378 Jtdts
258 1307 349 1378 eque?
389 1304 520 1381 praefers
542 1307 588 1379 te,
610 1303 725 1379 inquit,
749 1305 779 1362 et
801 1303 943 1381 superbia
965 1306 1037 1365 vani
1058 1306 1186 1366 tumoris

165 1395 328 1470 attolleris,
351 1395 423 1471 quia
446 1411 539 1471 equus
562 1395 592 1453 te
616 1393 799 1453 fortissimus
822 1395 938 1470 portat,
961 1393 1012 1454 sed
1039 1413 1100 1454 non
1122 1397 1186 1471 tua,

165 1485 217 1544 sed
250 1485 348 1562 ipsius
376 1485 488 1543 virtute
516 1484 696 1559 praesumis3
728 1481 850 1560 quando
885 1482 965 1542 enim
993 1485 1094 1560 potest
1123 1484 1187 1543 ulla

165 1593 228 1634 esse
257 1573 354 1633 virtus
386 1574 418 1631 in
448 1571 583 1631 femina?
636 1572 747 1631 dimitte
775 1575 880 1647 saepem
911 1576 940 1630 et
968 1575 995 1631 te
1026 1573 1187 1633 comendetes

165 1680 256 1735 aequo
283 1680 395 1721 metica
422 1662 504 1721 crede
530 1661 591 1720 ecte
613 1678 791 1735 mnusque
812 1663 930 1736 ecctepe
946 1662 1092 1735 pedestri:
1115 1681 1186 1738 qua·

119 1773 146 1813 15
164 1754 301 1829 propter,
329 1753 356 1812 si
383 1751 518 1827 aliquam
538 1751 586 1810 tui
606 1750 750 1810 fiduciam
772 1751 865 1828 geria,
888 1753 1025 1827 petamus
1049 1769 1187 1829 campum

165 1844 196 1901 et
228 1859 324 1917 aequa
353 1840 526 1901 condicione
558 1841 712 1899 certemus
767 1841 809 1901 sit
839 1840 954 1899 iustum
985 1841 1064 1899 inter
1099 1859 1186 1918 pares

164 1949 285 2008 pugnae
317 1933 467 1990 certamen
499 1932 590 2005 atque
623 1931 769 2008 appareat
799 1931 896 1990 virtus
932 1929 1054 2007 propria
1089 1930 1186 2008 magis

166 2038 259 2098 quam
291 2019 411 2079 aliunde
443 2018 590 2097 quaesita.
644 2020 707 2080 tum
738 2036 839 2080 nosces
869 2023 989 2081 ventosa
1024 2022 1103 2096 ferat
1139 2020 1187 2080 cui

162 2111 260 2186 pluria
292 2110 425 2168 leudem:
460 2108 643 2185 experiundo
680 2128 839 2187 cognosces
877 2109 944 2185 quis
981 2109 1087 2170 debeat
1122 2112 1186 2170 iure

120 2220 146 2259 ιο
164 2201 332 2276 meritoque
349 2199 470 2259 laudari
487 2200 518 2258 et
536 2199 604 2274 quis
622 2218 676 2276 per
693 2200 814 2258 inanem
831 2199 1009 2258 iactantiam
1026 2200 1101 2260 velit
1123 2218 1186 2260 esse

166 2289 247 2366 quod
269 2308 329 2347 ncn
352 2291 406 2349 est.
437 2292 563 2349 ventosa
585 2288 684 2367 gloria
706 2290 753 2348 est
775 2307 851 2364 quae
874 2289 905 2347 in
928 2287 1026 2348 verbis
1049 2290 1187 2363 estnon

164 2380 197 2437 in
226 2398 259 2437 re
289 2380 319 2437 et
349 2381 395 2437 est
422 2380 459 2438 ut
487 2381 595 2438 uentus
626 2377 679 2454 qui
707 2379 819 2437 transit
846 2396 901 2453 per
930 2395 1000 2436 aera
1028 2395 1083 2436 uec
1106 2377 1187 2453 apud

165 2468 296 2544 aliquem
319 2470 374 2527 aut
396 2468 498 2544 aliquo
521 2468 553 2526 in
575 2469 641 2526 loco
665 2466 811 2527 consistit.
844 2466 930 2535 dixit,
955 2469 986 2525 at
1007 2465 1062 2525 illu
1083 2466 1187 2539 furens

165 2559 284 2629 uerique
316 2574 439 2616 aceensa
471 2557 568 2617 aare
600 2556 693 2615 trudit
733 2572 838 2630 epicum
874 2556 970 2614 comiti
1003 2556 1187 2629 paribusque
1197 2567 1249 2617 '110

121 2664 147 2704 an
164 2647 273 2705 resistit
294 2647 328 2704 iu
355 2647 463 2706 ermis:
489 2664 558 2705 mcx
585 2647 620 2705 ut
645 2644 701 2704 illa
728 2643 856 2704 audacia
879 2644 970 2705 verba
993 2646 1187 2721 consumpsit,

167 2735 311 2794 Camillae
335 2736 421 2794 dolor
442 2734 533 2795 simul
556 2737 586 2794 et
607 2734 693 2793 furor
716 2735 827 2794 excitus
847 2736 905 2808 est,
924 2736 1074 2793 commota
1091 2735 1187 2813 igitur

163 2824 292 2884 tradidit
315 2844 425 2901 equum
448 2825 551 2884 comiti
578 2841 651 2883 suae
673 2826 704 2883 et
730 2827 766 2883 ut
792 2822 852 2883 fuit·
878 2827 996 2883 armata
1023 2823 1066 2883 sic
1093 2825 1186 2883 stetit.

166 2931 233 2972 ease
257 2915 348 2988 pedes
377 2914 456 2972 nude
481 2930 619 2988 miraque
647 2914 784 2972 interrita
803 2930 930 2986 parma:
959 2932 1050 2988 quam
1073 2914 1133 2972 cito
1157 2916 1187 2973 et

165 3005 283 3062 stetisse
302 3022 368 3061 eam
387 3003 465 3063 dixit
481 3002 609 3079 pedibus
628 3004 691 3062 suis
710 3006 742 3063 et
759 3002 874 3061 nudum
887 3002 1024 3081 gladium
1037 3001 1186 3076 habuisse,

120 3110 147 3149 sc
165 3095 307 3168 paratum
330 3092 445 3151 scilicet
467 3092 504 3151 ad
527 3092 706 3152 ferienduml
751 3110 828 3170 pura
850 3110 969 3168 parma,
992 3092 1048 3150 hoc
1071 3093 1117 3150 est
1139 3110 1186 3149 ex-

165 3182 269 3258 pedita
292 3185 322 3241 et
345 3183 408 3242 sine
426 3181 570 3260 pondere,
594 3181 679 3243 stetit
697 3184 800 3241 autem
817 3181 900 3240 nullo
919 3180 1101 3240 condicionis
1119 3197 1186 3257 pro·

239 3376 253 3424 1
279 3372 330 3425 iste
350 3369 376 3423 V
400 3372 447 3425 ille
472 3370 515 3424 ed.
595 3376 612 3424 4
637 3370 755 3425 coasilia
777 3368 810 3423 V.
893 3374 909 3422 5
936 3375 961 3424 et
985 3375 1049 3423 astu
1074 3384 1127 3423 om.
1151 3366 1185 3422 V.

167 3446 201 3494 10
225 3442 352 3510 praefers
380 3448 406 3496 te
430 3442 456 3496 V
484 3447 510 3497 te
536 3457 590 3495 om
614 3440 658 3496 ed,
698 3441 701 3513 Ι
741 3442 899 3496 vanitatum
921 3442 978 3496 ocis
999 3439 1025 3494 V
1048 3456 1117 3493 cerr.
1142 3438 1185 3494 ed.

167 3518 200 3566 11
215 3512 373 3567 sedaoaV
391 3519 461 3567 etc.
481 3512 525 3567 ed.
599 3518 633 3566 13
653 3518 678 3567 et
696 3511 760 3567 teV
779 3519 805 3567 et
824 3529 877 3567 cm.
897 3512 940 3568 ed
961 3527 1030 3566 corr.
1050 3510 1094 3565 ed
1112 3513 1185 3579 post.

166 3590 201 3637 23
220 3584 339 3639 alicoV
412 3585 620 3639 restinctum
635 3583 678 3637 ed
752 3589 786 3638 28
805 3601 887 3653 quum
905 3581 997 3641 citeV
1016 3584 1123 3653 quiae
1143 3581 1186 3636 ed.

166 3661 201 3709 30
217 3672 344 3723 puraque
361 3657 427 3724 post
440 3662 575 3723 paratum
592 3656 689 3724 inepte
707 3655 840 3724 interpcs.
856 3656 926 3709 edu.
994 3660 1026 3709 81
1043 3654 1188 3724 preposita

165 3734 191 3782 et
204 3726 231 3780 V
246 3728 403 3795 propositae
421 3742 472 3780 nos
490 3728 623 3795 impedita
640 3732 691 3782 aut
709 3727 752 3782 ed.
