2725 4150
540 351 781 407 mnemosm
1105 357 1170 424 259

150 519 282 580 faciebat
308 521 400 579 timor
427 523 458 579 et
484 521 574 597 plena
600 520 723 581 virtutis
750 521 905 581 instantia.
950 523 1092 596 princeps
1122 536 1232 586 ειν-535

149 609 262 668 dentem
282 611 401 669 coniecit
423 610 565 683 banada
584 610 706 669 Tarans
729 614 755 669 et
776 613 929 683 flammam
951 612 1058 684 adficit
1075 612 1169 683 lateri,

149 716 224 771 qnae
234 699 370 772 narina
384 703 468 758 aento
482 700 623 773 corripuit
636 699 754 759 tabellas
768 704 795 759 et
803 701 937 774 postibus
950 701 1044 760 laesit
1057 701 1155 761 adesis
1160 725 1170 762 :

147 789 316 865 principem
345 787 421 847 dixit
450 788 585 847 Turnum
615 791 668 848 aut
698 789 836 849 omnibus
863 790 1011 866 potiorem
1039 793 1092 849 aut
1116 793 1169 868 qui

116 880 219 936 cante
247 877 343 937 omnis
371 878 467 937 facem
493 877 626 938 misisset
652 877 815 937 ardentem.
861 880 912 938 sed
940 898 1009 938 cum
1032 883 1169 939 secutum

147 968 194 1026 est
222 961 306 1046 [ante
330 964 440 1043 omnis]
469 968 610 1042 coniecit,
639 967 736 1045 magis
766 969 798 1026 in
828 987 863 1027 eo
894 968 1099 1047 accipiendum
1123 974 1169 1030 est

147 1057 323 1133 principem,
342 1056 415 1134 quia
431 1057 528 1116 facem
546 1056 660 1133 primus
678 1058 854 1116 coniecerat
889 1058 963 1118 haec
980 1059 1075 1137 igitur
1094 1079 1167 1137 quo-

146 1147 230 1204 niam
257 1147 340 1206 venti
367 1145 510 1224 suffragio
537 1146 711 1221 iurabatur,
740 1165 799 1223 quo
822 1146 961 1207 incendia
983 1149 1167 1226 nutriuntur,

145 1235 245 1294 haesit
262 1235 400 1312 postibus
419 1237 449 1295 et
468 1236 522 1294 hos
542 1235 641 1312 coepit
659 1235 829 1311 absumere3
852 1235 941 1296 facile
960 1238 1040 1297 enim
1064 1238 1167 1299 ardere

101 1340 127 1380 ιο
145 1325 249 1399 potuit
267 1324 348 1400 quod
367 1324 490 1384 adesum
508 1327 610 1384 fuerat
631 1327 790 1385 vetustate.
828 1327 939 1385 tnrbati
956 1327 1105 1400 trepidare
1121 1330 1167 1387 in-

145 1417 193 1472 tns
205 1414 377 1486 frustraque
389 1415 536 1474 mabrnn
549 1414 621 1473 aelle
637 1415 757 1489 sapam:
775 1433 843 1474 cum
856 1415 985 1475 inimicis
999 1415 1120 1493 ignibus
1136 1436 1167 1477 se

145 1521 264 1562 arsuros
280 1503 478 1578 adverterent,
490 1502 604 1579 trepidi
617 1502 691 1578 quid
704 1504 838 1563 facerent
851 1504 1035 1582 cogitabant,
1045 1505 1166 1581 quando

143 1591 357 1669 fugiendorum
374 1594 524 1652 malorum
542 1612 609 1670 spes
626 1590 742 1668 deerat,
761 1592 904 1671 quoniam
919 1614 973 1670 per
990 1595 1092 1653 omnia
1110 1594 1166 1672 gli·

143 1681 247 1740 scebat
264 1681 434 1741 incendium
453 1685 483 1741 et
501 1681 596 1742 hostis
610 1682 733 1742 tenebat
752 1701 812 1760 qua
825 1682 912 1743 evadi
930 1686 1079 1759 potuerat
1098 1703 1166 1760 pro·

99 1787 124 1828 ιε
141 1770 212 1830 inde
227 1773 282 1831 aut
292 1770 420 1831 flammis
432 1771 617 1847 pereundum
627 1772 688 1830 fuit
702 1775 754 1830 aut
768 1771 855 1832 ferro.
879 1772 950 1832 dnm
961 1789 992 1832 se
1003 1773 1167 1847 glomerant

141 1864 274 1935 retroqne
287 1862 421 1920 residant
436 1863 470 1920 in
480 1865 596 1935 partem
615 1878 689 1934 qnae
698 1866 780 1934 peste
798 1866 884 1932 caret,
904 1861 975 1921 dum
994 1880 1039 1933 se,-
1056 1861 1227 1938 inquitate

141 1949 174 2008 in
195 1968 261 2008 eam
283 1953 401 2026 partem
424 1953 590 2029 congerunt
613 1969 714 2010 omnes
739 1971 815 2028 quae
836 1951 958 2011 interim
977 1951 1098 2012 carebat
1119 1952 1165 2010 in-

141 2039 262 2115 cendio,
284 2044 346 2099 tnm
360 2040 491 2114 pendere
508 2041 600 2099 larris
617 2042 776 2113 procubuit
797 2042 891 2101 sabito
910 2045 937 2101 et
954 2042 1067 2102 eaelrrn
1084 2046 1166 2102 nnat

141 2146 226 2187 aenne
251 2130 385 2204 fragore:
415 2130 488 2189 bene
517 2129 634 2190 addidit
660 2130 774 2208 subito,
805 2131 961 2208 quoniam,
991 2131 1017 2191 si
1044 2134 1164 2210 signum

96 2232 122 2273 ac
142 2218 287 2295 dedisset,
314 2219 435 2278 liberari
465 2220 591 2279 forsitan
620 2224 750 2295 possent.
801 2222 956 2280 semineces
985 2221 1026 2280 ad
1055 2226 1164 2281 terrane

140 2308 258 2367 inmani
286 2310 360 2368 mole
389 2313 487 2368 secata
517 2309 678 2381 confixione
707 2311 771 2368 sais
800 2311 864 2368 telis
894 2314 920 2369 et
940 2315 1061 2383 pectora
1089 2311 1163 2369 dero

140 2398 300 2469 transfossi
318 2398 396 2472 lieno
414 2399 548 2457 ceninnt:
571 2397 732 2475 descriptio
753 2398 954 2457 accidentium
972 2401 1042 2474 post
1060 2417 1163 2459 casum

140 2488 247 2546 turris:
270 2491 508 2564 praecesserunt,
530 2486 644 2563 inquit,
666 2487 800 2547 homines
820 2489 850 2545 et
868 2507 937 2546 mox
954 2489 1043 2546 ruina
1062 2505 1161 2547 conse·

141 2577 213 2635 cata
235 2580 294 2651 est,
316 2576 432 2637 invenit
455 2578 614 2636 semineces
638 2576 773 2653 aliquos,
797 2576 872 2635 alios
895 2577 957 2635 suis
980 2575 1062 2651 telis,
1086 2577 1161 2637 alios

94 2680 121 2721 aa
139 2665 292 2743 lignorum
318 2666 495 2745 fragmentis
522 2666 637 2725 infixos.
682 2667 733 2724 oin
759 2683 838 2724 anns
860 2666 991 2724 Helenor
1014 2669 1040 2723 et
1061 2665 1223 2740 Incessit

140 2755 243 2826 capa,
263 2753 322 2815 duo
342 2754 378 2815 de
396 2756 499 2816 tantis.
535 2772 659 2830 qnormn
674 2755 846 2828 prirnaeans
863 2754 1001 2823 Helenor,
1020 2756 1161 2814 Maeonio

139 2844 202 2917 repi
229 2861 313 2915 anem
339 2862 426 2904 seraa
452 2845 611 2919 Licymnia
635 2844 742 2916 fartirn
768 2844 930 2902 snstnlerat
948 2845 1097 2916 vetitisque
1120 2845 1161 2903 ad

140 2933 264 2991 Troiam
285 2934 407 2993 miserat
424 2935 529 3003 arenis,
554 2950 621 2992 ense
644 2933 715 2992 leais
733 2932 812 2991 neda
827 2949 994 3005 parmaque
1015 2933 1160 3008 inglorias
1254 3007 1257 3014 ἱ

140 3021 225 3081 alba:
247 3022 428 3098 superfluam
451 3024 597 3101 originem
620 3021 776 3083 Helenoris
800 3022 906 3081 refert:
933 3021 1027 3098 filius,
1050 3022 1159 3099 inquit,

93 3128 120 3168 eo
139 3110 200 3169 fuit
217 3111 310 3190 regis,
333 3115 423 3172 natus
441 3117 542 3173 tamen
562 3132 597 3171 ex
615 3131 713 3187 serva,
736 3112 868 3171 nutritus
887 3112 992 3170 furtim
1012 3114 1054 3187 et,
1078 3111 1159 3188 quod

138 3219 200 3259 non
223 3201 346 3276 licebat,
369 3220 472 3262 servus
495 3203 526 3260 in
550 3202 691 3261 militiam
715 3202 877 3260 Troianam
899 3200 988 3260 datus
1012 3204 1065 3261 est.
1111 3200 1159 3260 hic

137 3290 234 3367 igitur
257 3291 300 3350 sic
327 3290 434 3369 effugit
456 3309 558 3351 casum
580 3291 672 3350 turns
697 3289 836 3350 strictum
863 3309 963 3349 ensem
986 3292 1017 3349 et
1039 3292 1157 3349 scutum

212 3468 228 3515 6
246 3468 311 3516 ante
329 3463 417 3518 enanis
434 3462 550 3516 coniecit
562 3460 588 3513 V
602 3461 645 3515 ed.
665 3467 730 3515 ante
747 3462 836 3515 enanis
852 3460 933 3514 uncis
951 3460 1065 3525 inclusi,
1090 3460 1157 3527 quia

139 3533 217 3601 apud
230 3532 388 3603 Vergilium
406 3549 461 3587 uon
477 3534 567 3596 extat,
582 3549 617 3586 ex
631 3531 864 3586 antecedentibus
878 3532 1024 3600 irrepsisse
1037 3531 1156 3585 videtur.

139 3610 173 3658 12
192 3621 305 3660 arsrrros
318 3604 344 3659 V
358 3606 455 3673 peruri
473 3605 516 3658 ed.
590 3608 623 3658 13
641 3603 763 3658 discebat
780 3606 841 3672 (pro
859 3604 987 3659 eliscebat
1004 3603 1039 3657 cf.
1055 3605 1117 3673 306)
1132 3604 1157 3656 V

137 3676 310 3733 disarrrebat
330 3676 373 3731 ed.
447 3682 481 3729 22
505 3677 634 3745 transfiai
656 3675 700 3731 ed.
736 3675 741 3749 l
778 3674 1005 3732 accedentiaraV
1030 3691 1106 3729 coni.
1121 3676 1173 3726 ab.

138 3753 173 3799 27
189 3749 328 3816 &cymatia
345 3746 372 3800 V,

978 3860 1036 3916 ia*
