2725 4150
552 325 735 380 AENEIDOS
754 325 793 380 XI
1116 326 1181 393 507

165 495 239 554 Tros
262 494 431 570 Italusque,
453 493 529 552 mihi
550 493 665 571 pariter
687 493 738 554 det
761 494 905 572 sanguine
927 513 1048 570 poenas.
1085 511 1182 569 perse·

165 602 293 659 quamur
314 602 395 642 nunc
418 581 551 661 singula,
573 585 609 642 ut
626 584 776 644 dictorum
793 584 856 642 vim
873 601 1046 643 reseremus.
1079 601 1183 642 verum

165 692 233 750 age,
251 672 364 747 labere,
382 672 478 731 invise
497 671 628 732 iubentis
648 675 706 747 est,
725 691 781 750 age
795 675 896 732 tamen
913 672 1005 732 etiam
1018 672 1183 748 hortantis3

164 762 286 821 miscere
310 762 390 820 enim
409 761 511 820 debuit
529 760 740 821 auctoritatem
763 763 793 820 et
810 761 1057 835 benivolentiam,
1080 764 1117 820 ut
1138 761 1182 819 in·

133 871 145 910 e
163 853 296 927 pleretur
314 851 433 910 facilius
452 851 533 927 quod
550 851 678 910 volebat.
715 851 829 926 labere,
851 852 997 928 nympha,
1014 851 1085 928 polo
1103 851 1184 909 finis·

164 960 222 1017 que
245 940 340 1000 invise
358 939 496 1016 Latinos,
519 939 616 1000 tristis
639 939 693 998 ubi
709 939 842 1000 infausto
866 941 1064 1000 committitur
1085 939 1183 999 omine

163 1050 278 1108 pugna:
301 1032 332 1089 et
349 1029 453 1089 relicto
471 1031 591 1089 interim
615 1030 698 1088 caelo
717 1028 816 1089 labere
835 1029 942 1089 adeas
961 1029 1069 1089 Italiae
1087 1029 1183 1106 partis

163 1122 195 1177 in
219 1119 326 1195 quibus
353 1118 459 1177 infelix
486 1120 601 1197 geritur
622 1118 734 1178 bellum
761 1120 792 1176 et
815 1118 974 1179 Camillam
996 1118 1182 1196 perditurum

163 1212 216 1268 est.
261 1209 335 1268 haee
359 1227 444 1285 cape:
467 1209 541 1267 haec
565 1211 677 1283 tecum,
701 1208 815 1284 inquit,
840 1211 937 1284 porta.
982 1228 1085 1268 verum
1105 1210 1183 1286 'quia

118 1318 144 1356 ro
162 1299 310 1356 incertum
332 1297 486 1374 fuit'quae
504 1297 619 1357 tradita
636 1298 809 1358 viderentur
827 1290 939 1379 (totum
962 1298 1040 1356 enim
1060 1317 1182 1376 genera·

162 1387 233 1446 litas
256 1380 492 1469 obscuraverat),
515 1387 643 1446 subiecit
666 1406 702 1446 ea
721 1387 829 1463 quibus
848 1385 1017 1446 ostenderet
1035 1386 1120 1446 data:
1152 1391 1183 1447 et

165 1477 301 1535 ultricem
331 1478 473 1553 pharetra
500 1476 638 1553 deprome
667 1477 821 1554 sagittam.
864 1478 976 1554 magua
997 1475 1129 1535 brevitas
1153 1479 1183 1535 et

163 1565 363 1641 conpendiosa
377 1565 483 1641 distic,
501 1566 532 1624 in
551 1584 611 1642 qua
623 1584 694 1642 pars
713 1566 826 1625 dicitur
838 1565 1021 1625 traditorum
1039 1567 1182 1625 ettamen

162 1654 350 1732 intellegitur
371 1655 480 1715 totum.
525 1674 594 1714 cum
616 1654 690 1714 dicit
718 1654 798 1714 enim
821 1654 959 1732 deprome
987 1653 1131 1732 sagittam
1153 1657 1183 1714 et

118 1760 143 1800 rs
162 1763 222 1802 non
240 1744 375 1803 nominat
393 1745 578 1821 pharetram,
601 1745 733 1804 ostendit
756 1743 923 1804 evidentius
947 1763 1025 1819 quae
1044 1742 1182 1803 dedisset

162 1851 250 1892 arcus
270 1852 388 1910 quoque
411 1852 472 1892 non
494 1837 541 1894 est
557 1834 639 1894 faeta
662 1835 919 1908 commemoratio,
943 1832 995 1894 sed
1012 1835 1115 1892 tamen
1137 1833 1182 1891 in·

161 1922 316 2000 tellegitur
338 1921 434 1982 datus.
466 1942 596 2000 namque
616 1923 692 1983 dixit
710 1923 766 1982 hac
785 1923 964 1998 quicumque
983 1941 1102 1983 sacrum
1120 1922 1182 1982 vio-

162 2011 235 2070 larit
266 2012 389 2071 vulnere
421 2031 543 2089 corpus,
574 2014 648 2074 Tros
680 2013 849 2090 Italusque,
881 2012 955 2070 mihi
985 2012 1100 2090 pariter
1132 2010 1183 2071 det

162 2103 307 2180 sanguine
330 2121 452 2177 poenas.
487 2105 588 2179 potest
610 2103 708 2163 videri
731 2105 761 2163 et
789 2122 890 2162 arcum
913 2101 1029 2162 dedisse
1053 2122 1112 2179 quo
1135 2121 1181 2163 sa·

118 2208 143 2247 ro
162 2193 241 2269 gitta
259 2194 360 2267 posset
378 2192 504 2251 excludi.
536 2193 714 2269 quicumque
737 2211 797 2251 non
816 2192 855 2252 ad
874 2192 1024 2251 hominem
1041 2194 1182 2268 pertinet,

162 2279 214 2340 sed
229 2280 267 2339 ad
281 2284 413 2359 gentem3
428 2280 556 2357 denique
570 2284 706 2359 sequitur
720 2283 794 2341 Tros
808 2281 963 2357 Italusque
981 2280 1056 2339 mihi
1069 2282 1182 2358 pariter

162 2369 213 2428 det
231 2370 376 2449 sanguiue
394 2390 514 2448 poenas.
540 2389 666 2446 sacrum,
678 2372 788 2448 inquit,
801 2370 926 2431 violarit
939 2370 1060 2429 vulnere
1075 2388 1181 2445 corpus

162 2462 193 2519 et
211 2458 246 2518 de
265 2463 360 2519 morte
378 2460 487 2534 tacuit,
506 2479 543 2518 ne
561 2480 648 2519 omen
662 2462 801 2537 quamvis
819 2461 971 2536 periturae
985 2460 1083 2518 facere
1100 2458 1181 2518 vide·

161 2551 253 2608 retur.
298 2550 425 2624 ideoque
452 2548 575 2609 violarit
601 2550 705 2625 posuit
732 2551 820 2627 quasi
847 2550 955 2609 leviter
980 2547 1102 2607 laeserit
1128 2566 1182 2607 nec

117 2654 143 2695 aa
162 2638 239 2697 dixit
262 2639 439 2715 quicumque
467 2657 534 2697 eam
555 2638 705 2698 occiderit.
736 2642 806 2713 post
829 2656 878 2713 epo
902 2638 978 2697 aete
1001 2655 1075 2697 aava
1097 2639 1182 2696 raise-

161 2727 276 2786 raadae
299 2745 403 2802 corpas
426 2732 453 2786 et
475 2746 561 2787 arma
582 2728 743 2801 inspoliata
760 2727 856 2800 teram
879 2727 990 2786 tramete
1009 2728 1182 2801 patriaeque

160 2834 317 2889 reponam:
348 2816 460 2877 solacia
483 2820 553 2876 sunt
574 2818 634 2876 ista
656 2816 714 2876 fati
737 2817 873 2892 extremi,
901 2835 978 2893 quae
1007 2834 1074 2874 cum
1096 2815 1181 2890 fiunt,

161 2907 299 2964 vivorum
321 2905 423 2982 potius
446 2906 546 2965 officia
568 2906 698 2982 probant
720 2905 796 2963 nihil
825 2905 1022 2965 sentientibus
1045 2906 1181 2966 mortuis.

162 2995 235 3070 quid
253 2995 333 3053 enim
346 2999 575 3071 consequeretur
587 2994 724 3072 Camilla,
738 2995 765 3054 si
777 3014 934 3072 percussor
947 2994 1010 3054 eius
1023 2993 1180 3053 interiret?

115 3101 142 3140 ao
162 3082 235 3159 quid
259 3084 394 3159 sentiret,
425 3085 451 3144 si
479 3103 645 3144 armenon
667 3083 824 3161 perderet?
861 3085 935 3161 quid
956 3084 1081 3143 haberet
1103 3102 1180 3143 com·

160 3172 256 3247 modi,
280 3174 306 3231 si
328 3174 417 3233 binus
440 3176 554 3234 occisae
577 3173 705 3233 ferretur
728 3174 766 3232 ad
784 3172 935 3250 patriam?
966 3172 1017 3232 sed
1040 3174 1114 3232 haec
1136 3172 1180 3231 id·

161 3263 239 3321 circo
258 3264 518 3338 commemoravit,
534 3283 571 3322 ue
590 3264 622 3321 in
639 3265 737 3323 totum
757 3263 785 3322 ei
803 3283 893 3340 quam
912 3262 1033 3322 dolebat
1052 3262 1189 3321 defuisse·

160 3352 322 3411 videretur.
358 3353 444 3421 dicit,
467 3353 524 3411 hoc
547 3354 592 3412 est
615 3353 766 3429 conplevit
788 3353 887 3412 Diana
911 3371 988 3430 quae
1010 3352 1117 3413 voluit
1151 3356 1182 3410 at
1191 3360 1242 3409 595

235 3511 248 3558 1
264 3506 380 3559 italosve
391 3504 417 3558 V
426 3504 479 3569 ed„
493 3505 542 3558 sed
557 3504 632 3558 infra
644 3504 688 3558 bis
701 3506 837 3575 aulasque
846 3504 879 3559 V.
931 3509 947 3558 3
961 3506 1049 3559 incise
1062 3504 1088 3558 V
1101 3522 1181 3575 aym-

156 3578 216 3646 plca
235 3576 279 3630 ed.
334 3582 351 3629 4
369 3577 559 3631 aaewritatem
576 3576 824 3631 benivolentiamV
842 3594 904 3631 eam
919 3575 1179 3631 sacellarium.

160 3655 187 3703 et
208 3648 373 3716 interposui.
451 3652 467 3700 8
486 3654 512 3701 et
530 3648 677 3703 Camillam
694 3648 869 3716 perditarum
883 3647 909 3700 V
926 3649 1032 3702 temere
1051 3649 1120 3701 mut.
1136 3647 1179 3702 ed.

161 3724 195 3773 19
211 3724 385 3788 petest—22
399 3734 507 3787 poenas
524 3735 579 3773 om.
594 3719 637 3772 ed.
710 3725 743 3772 82
763 3736 845 3789 qaum
858 3719 884 3773 V
901 3726 1013 3789 propter
1033 3736 1063 3787 q.
1079 3719 1130 3772 ed.
