2725 4150
553 336 737 394 AENEIDOS
755 336 794 392 IX
812 350 815 356 '
1117 341 1182 407 277

166 505 345 568 describitur
370 505 432 568 iam
459 509 591 585 quantae
614 507 656 567 sit
676 506 800 567 virtutis
821 504 989 584 phalarica:
1018 505 1185 583 perforavit

166 595 282 657 duobus
299 597 383 657 tauri
400 597 489 657 coriis
508 599 669 675 procurata
685 595 873 656 munimenta
886 597 918 656 et
930 595 1055 656 loricam
1070 593 1185 672 duplici

165 704 293 764 squama
315 688 491 747 consertam.
536 685 690 763 inprime
717 685 794 746 libro
818 677 913 767 (368)
941 684 1018 744 dixit
1041 685 1183 762 „taurino

165 779 314 853 quantum
327 779 449 853 possent
462 773 645 836 circumdare
658 773 781 853 tergo“:
799 773 847 834 hic
861 772 1047 852 splendidius
1065 773 1187 834 locutus

136 865 210 925 uait
233 862 292 925 duo
314 867 421 925 taurea
442 867 542 944 terga,
569 883 629 925 non
652 863 731 924 dixit
753 863 883 924 taurina.
929 863 1070 938 wnlapea
1091 866 1185 922 namt

164 955 301 1014 inmania
315 955 461 1014 menbra:
483 953 616 1014 nondum
630 952 763 1013 ostendit
775 953 893 1013 ruinam
907 952 1042 1014 cadentis
1055 953 1184 1031 plenam,

165 1042 217 1103 sed
240 1042 365 1103 dicendo
382 1043 525 1121 conlapsa
546 1046 640 1103 ruunt
656 1041 791 1102 inmania
808 1042 942 1102 membra
960 1041 1185 1120 praenuntiavit

165 1131 373 1209 descriptionis
403 1133 539 1210 aliquam
567 1134 692 1210 partem.
743 1132 795 1192 cut
823 1132 909 1191 telins
936 1133 1091 1207 poenitum:
1120 1131 1184 1208 illo,

164 1222 278 1299 inquit,
306 1221 430 1281 cadente
453 1241 521 1282 cnm
547 1220 628 1281 tanti
649 1221 783 1298 corporis
805 1221 935 1297 pondere
958 1221 1074 1299 gemuit
1094 1223 1184 1281 terra.

122 1330 148 1371 1o
165 1315 192 1370 et
214 1310 339 1385 clipeum
356 1327 445 1386 snper
461 1312 577 1370 intonat
592 1311 711 1386 nmen:
733 1329 844 1388 magna
862 1309 953 1387 clipei
970 1312 1083 1387 species
1101 1329 1184 1389 mag·

165 1420 238 1459 num
265 1401 378 1460 fecerat
404 1417 522 1475 sonum,
550 1398 584 1458 in
610 1401 731 1459 tantum
757 1402 794 1458 ut
821 1400 936 1459 caelum
961 1402 1118 1476 putaretur
1140 1401 1184 1458 in·

164 1490 308 1549 tonuisse.
349 1489 418 1548 talis
439 1490 474 1548 in
490 1489 622 1549 manico
644 1489 796 1548 Boiorum
819 1489 901 1547 litore
923 1488 1071 1562 qnondam
1093 1505 1185 1548 sacca
1195 1497 1246 1548 ‘110

159 1578 228 1652 pila
257 1579 348 1647 codd,
375 1579 493 1653 mapnis
522 1596 611 1652 psam
639 1578 765 1637 moliens
792 1582 860 1637 ante
882 1581 1076 1636 mnennaann
1093 1581 1184 1651 ponto

163 1668 292 1727 mant:
322 1668 415 1727 talem
444 1668 497 1728 dat
525 1668 658 1727 sonitum
688 1666 765 1744 pila,
793 1685 885 1744 quam
907 1666 959 1725 diu
982 1669 1185 1726 constructam

121 1773 147 1816 1⁶
164 1756 282 1816 iaciunt
313 1759 407 1834 ponto
436 1755 546 1816 Baiani
577 1756 675 1816 litoris
707 1754 851 1816 homines.
905 1756 948 1816 etc
978 1755 1033 1816 illa
1063 1756 1184 1814 ruinam

160 1863 261 1919 proruo
287 1846 378 1905 trahit
399 1847 573 1921 penitusque
599 1845 687 1905 nodie
712 1845 805 1904 indeo
831 1846 985 1904 rennnbd:
1012 1845 1088 1904 dixit
1110 1844 1184 1904 duas

165 1952 270 1995 causas
304 1934 412 2012 quibus
441 1935 602 1995 violentior
630 1934 764 1994 volvitur
793 1936 824 1995 et
852 1953 920 1994 cum
950 1932 1067 2013 ingenti
1097 1933 1185 1994 ruina

164 2025 311 2103 pervenit.
347 2042 409 2089 una
428 2027 474 2085 est
492 2023 564 2102 quia
585 2023 692 2084 multis
715 2025 747 2085 et
768 2023 847 2085 saxis
871 2025 902 2085 et
922 2021 1115 2102 inpensarum
1134 2023 1186 2085 ad·

163 2116 307 2175 mixtione
321 2116 500 2193 congeritur,
516 2115 613 2174 altera
627 2114 700 2190 quia
712 2116 839 2193 urgetur
850 2114 883 2173 in
896 2133 1039 2192 praeceps
1052 2114 1185 2192 penitus·

119 2224 146 2265 so
165 2224 224 2281 que
246 2203 332 2265 vadis
359 2204 451 2265 inlisa
476 2203 631 2264 recumbit.
677 2221 795 2264 necesse
823 2205 904 2264 enim
927 2206 973 2264 est
995 2206 1057 2264 ima
1083 2206 1184 2282 petere

165 2312 243 2370 quae
256 2294 374 2372 magnis
391 2293 573 2370 ponderibus
589 2293 703 2353 cadunt
720 2296 750 2353 et
772 2295 858 2353 tanto
882 2292 1049 2370 depressius
1070 2295 1184 2369 quanto

163 2383 320 2459 posuerint
351 2384 499 2461 gravium
556 2401 621 2442 ecce
653 2383 768 2441 factum
800 2402 836 2441 ex
871 2383 967 2442 facto:
1002 2382 1124 2441 mnoent
1154 2398 1185 2439 sc

163 2473 264 2532 maria
291 2476 318 2531 et
339 2474 427 2547 nipra
449 2472 591 2532 mitantur
613 2472 739 2543 torena,
764 2475 826 2530 tenn
843 2472 941 2530 sonitu
959 2471 1105 2545 Praelata
1123 2469 1185 2529 alta
1195 2475 1246 2526 ‘11⁶

163 2563 260 2620 trnnit
295 2562 458 2635 anumque
494 2562 586 2621 cattle
617 2561 752 2621 Inarime
783 2560 866 2619 Ionis
901 2560 1033 2633 imperiis
1068 2560 1185 2633 inposta

119 2668 146 2709 ee
165 2651 314 2725 Typhoeo:
336 2652 420 2711 euius
442 2652 524 2728 pilae
546 2669 619 2712 casu
641 2650 738 2709 multa
761 2647 822 2709 alia
845 2651 1043 2709 contremunt.

235 2740 297 2799 Hic
314 2740 405 2799 Mars
428 2741 606 2813 armipotens
628 2740 744 2799 animos
766 2738 894 2811 utrinam
912 2738 1033 2797 Latinis
1056 2737 1185 2797 addicti:

164 2828 260 2887 Turni
284 2829 399 2889 factum
421 2830 527 2888 ceteris
550 2828 678 2889 audendi
701 2827 841 2887 fiduciam
864 2826 955 2887 dedit
1000 2831 1027 2886 et
1052 2827 1185 2886 stimulos

164 2918 244 2976 anis
266 2920 321 2977 snb
342 2922 455 2991 pectore
476 2919 575 2977 uertit:
598 2919 629 2977 et
652 2918 741 2995 quasi
764 2916 943 2994 quibusdam
967 2916 1096 2976 stimulis
1120 2936 1185 2976 rur·

164 3024 232 3066 sum
252 3007 285 3065 in
308 3006 381 3065 belli
403 3009 552 3066 certamen
575 3006 719 3067 accendit.
754 3006 922 3079 inmisitqne
941 3007 1045 3081 fnpann
1064 3006 1185 3065 Teneris

119 3113 146 3153 eo
164 3099 318 3169 utrumqne
338 3097 486 3155 timorem:
515 3098 619 3157 contra
649 3096 788 3155 Troianis
817 3094 921 3155 iniecit
949 3097 1063 3154 metum
1092 3096 1123 3154 et
1150 3114 1185 3154 ex

235 3301 454 3371 lpceeetVed.
470 3301 577 3372 cllp.
593 3307 627 3357 80
646 3321 673 3357 n.
690 3306 731 3355 19.
791 3300 1021 3356 tattVeeted.
1082 3304 1185 3355 onon

163 3375 270 3429 ann-
283 3379 298 3428 '1
312 3374 432 3429 nnmbra
451 3389 505 3428 om.
519 3374 563 3429 ed.
614 3380 647 3428 11
661 3374 781 3429 sonitum
795 3373 838 3428 ed.
895 3377 927 3426 12
947 3373 1038 3441 pactae
1055 3386 1106 3441 pro
1120 3372 1186 3425 tolie

163 3445 207 3500 ed.
282 3449 316 3498 13
338 3446 448 3500 masna
465 3451 552 3513 ponto
570 3445 613 3501 ed.
688 3449 721 3499 17
745 3445 902 3500 volvebatur
920 3442 963 3498 ed.
1037 3448 1070 3497 18
1091 3444 1185 3498 multas

163 3524 189 3573 et
202 3533 256 3571 om.
272 3516 316 3570 ed.
342 3518 345 3586 l
370 3517 567 3571 admistionem
580 3516 606 3571 V
621 3532 691 3571 corr.
706 3516 749 3571 ed.
806 3521 839 3570 22
849 3517 992 3584 potuerint
1005 3513 1030 3566 V
1040 3515 1186 3584 ponerint

163 3606 214 3643 nos
238 3589 346 3655 fuerint
370 3587 414 3642 ed.
487 3593 521 3641 28
546 3589 644 3658 nimae
668 3588 835 3643 moliuntur
858 3588 977 3642 harenae
1000 3585 1083 3656 Verg.
1109 3584 1184 3639 libri.

163 3665 198 3715 25
217 3662 298 3715 enine
316 3675 370 3713 om.
384 3660 476 3727 inperii
491 3661 558 3728 post
570 3660 649 3730 pilae
662 3657 796 3732 interpol.
810 3658 857 3716 ed.
878 3657 891 3734 l
912 3663 1142 3716 contremuerunt
1153 3654 1206 3708 aa„

162 3738 197 3785 26
213 3732 382 3797 omnivalens
397 3730 439 3785 ed.
515 3736 551 3788 28
568 3735 633 3792 aeri
650 3733 699 3795 ed.
