2725 4150
192 339 258 405 212
476 335 616 390 DONATI
633 335 803 390 INTERPR.
817 335 926 391 Vnae.

191 505 270 566 sario
289 505 452 567 subeunda.
487 510 550 564 tum
568 523 677 579 quoque
696 505 841 565 commcuu
853 507 973 579 ponam
990 504 1114 564 emtione
1133 507 1208 563 teue-

191 597 276 654 baut:
293 613 387 672 snpra
405 594 481 655 dixit
499 594 535 653 de
554 597 634 654 sorte
648 594 775 673 singulis
794 593 928 653 curanda
943 594 1009 653 loca
1027 594 1209 670 provenisse,

191 684 273 762 qnod
302 686 402 762 ipsum
431 686 533 744 servat
561 683 600 742 sd
625 683 753 743 istorum
783 683 972 758 felicitatem,
998 687 1035 742 ut
1059 701 1115 742 nec
1141 681 1210 759 ipsa

191 792 255 834 sors
284 774 421 834 divisisse
450 772 590 834 videatur
619 790 693 848 quos
723 776 811 832 tanta
839 772 1032 832 familiaritas
1061 771 1210 831 iunxerat

130 873 180 923 185
189 864 285 923 Nisus
307 864 364 922 ait:
390 863 470 921 dilue
491 863 569 921 bunc
591 863 727 921 ardorem
749 863 893 921 mentibus
916 861 1042 930 adultum,
1065 860 1209 936 Euryab,
1240 877 1251 919 e

190 970 232 1011 uu
258 970 315 1011 sua
342 953 444 1024 cuique
471 952 543 1010 deus
569 953 605 1024 fit
631 953 710 1011 dura
733 950 858 1024 moldo?
890 950 1072 1026 animorum,
1098 950 1209 1026 inquit,

189 1044 290 1100 motus
309 1044 340 1099 et
358 1040 555 1118 cogitationes
572 1042 719 1100 maximas
737 1041 811 1099 deus
830 1039 941 1116 aliquis
965 1043 1067 1099 movet
1084 1058 1123 1098 an
1141 1038 1209 1115 ipsa

189 1128 247 1188 sibi
268 1148 352 1188 mens
374 1128 504 1190 bominis
523 1129 595 1190 deus
614 1128 679 1190 est?
714 1133 767 1189 aut
780 1147 914 1203 nuquam
933 1133 986 1188 out
1003 1129 1117 1202 aliquid
1133 1129 1209 1188 ioue

189 1218 302 1277 dudum
332 1219 472 1278 inuadere
501 1237 643 1294 maguam
673 1235 756 1277 meus
785 1220 878 1293 agitat
904 1219 977 1276 ruiti
1008 1235 1061 1277 uee
1085 1217 1210 1292 plautio

189 1311 321 1366 wuteuta
339 1309 431 1381 quiete
450 1312 505 1366 eet:
526 1307 711 1383 iamdudum,
730 1308 782 1383 ait,
802 1306 947 1366 desiderio
967 1306 1060 1366 ducor
1076 1305 1208 1367 maximo
1227 1322 1251 1364 rc

189 1399 243 1456 aut
265 1416 400 1475 pugnam
421 1397 540 1476 magnis
563 1396 678 1458 nisibus
707 1395 831 1475 adgredi
854 1400 909 1456 aut
931 1396 1048 1473 aliquid
1077 1397 1208 1474 gloriose

188 1486 335 1563 perficere.
380 1486 507 1564 ideoque
534 1487 577 1546 sic
605 1487 722 1546 animus
750 1487 898 1564 agitatur,
928 1486 964 1544 ut
991 1504 1052 1545 uno
1079 1485 1113 1544 in
1141 1484 1208 1546 loco

189 1579 269 1636 stare
292 1595 352 1635 non
374 1576 485 1653 possit,
507 1578 539 1635 et
560 1594 626 1635 ecee
650 1576 780 1641 occurrit
802 1573 932 1650 occasio,
956 1594 1034 1650 quae
1058 1578 1104 1636 est
1127 1576 1208 1634 omni

188 1665 301 1725 virtute
319 1665 472 1743 rapienda.
508 1666 603 1724 cuuis
621 1682 697 1738 quae
710 1665 837 1724 Rutulos
849 1664 956 1723 babeat
968 1665 1080 1736 fiducia
1098 1679 1207 1734 remur,

187 1755 244 1814 hoc
266 1758 313 1814 est
335 1753 586 1832 quemadmodum
608 1772 661 1814 nos
684 1755 786 1814 hostes
804 1755 998 1813 contemnant
1015 1753 1114 1830 vides3
1136 1768 1251 1813 namra

187 1843 309 1902 illorum
331 1843 522 1921 neglegentia
545 1863 580 1902 ex
604 1862 662 1919 quo
686 1844 835 1918 nascitur,
863 1843 923 1902 nisi
947 1842 1028 1919 quod
1050 1860 1104 1903 nos
1128 1843 1205 1902 arbi·

187 1934 309 1990 trantur
326 1931 467 1992 inbellis?
495 1932 609 1992 mutua
622 1951 698 1992 rara
711 1933 829 2001 mucul,
844 1931 924 2008 quod
937 1932 1068 2008 primum
1086 1933 1207 2010 signum

127 2032 178 2083 190
187 2020 248 2080 fuit
265 2022 401 2097 soporati
423 2022 526 2082 hostis.
562 2039 664 2081 euuuo
686 2022 810 2095 oiuoque
832 2022 920 2082 soluti
942 2023 1117 2081 conticuere:
1139 2039 1207 2082 cum

187 2115 266 2169 esset
288 2111 457 2170 coniectura
484 2110 521 2171 de
547 2112 673 2171 raritate
696 2112 857 2187 luminum,
885 2112 1010 2172 accessit
1032 2113 1063 2170 et
1085 2111 1207 2185 silentii,

187 2198 268 2276 quod
286 2201 438 2278 geminum
457 2199 575 2261 diversa
593 2219 609 2258 e
628 2202 715 2278 parte
731 2202 944 2277 procuraverat
956 2201 1079 2275 malum,
1093 2200 1208 2261 scilicet
1225 2215 1251 2256 so

186 2308 307 2349 somnus
334 2292 366 2349 et
391 2289 496 2349 vinum
523 2290 632 2367 quibus
660 2290 751 2350 strati
778 2289 989 2350 conticuerant.
1036 2290 1123 2348 sileat
1150 2289 1208 2350 late

187 2379 264 2438 loco:
295 2380 327 2437 in
354 2381 442 2439 tenta
468 2379 602 2438 locorum
628 2378 790 2439 latitudine
818 2379 970 2438 silentium
999 2379 1122 2455 plenum
1152 2383 1207 2439 est

180 2469 300 2542 paupe
322 2486 413 2542 porro
436 2469 508 2542 quid
534 2469 674 2538 dubitem,
702 2469 759 2527 hoo
786 2470 832 2527 est
859 2467 934 2543 quid
954 2468 988 2526 in
1011 2469 1112 2527 animo
1139 2487 1206 2528 meo

185 2556 344 2617 ucciando
367 2558 514 2617 volvatur.
556 2561 583 2616 et
604 2574 679 2630 quoe
701 2575 781 2616 aune
799 2559 898 2616 auimo
921 2558 1064 2616 sententio
1086 2562 1207 2617 ausua-

186 2646 260 2721 quid
287 2646 468 2707 decreverim
493 2646 674 2706 faciendum.
719 2643 843 2706 Aeueou
866 2647 957 2705 couri
978 2664 1090 2715 muner,
1110 2663 1206 2720 pepu-
1224 2660 1249 2701 se

186 2735 288 2808 lacque
302 2740 466 2808 panaque,
487 2740 643 2809 moreaul
655 2736 786 2808 mittique
798 2737 878 2795 ciros
892 2737 942 2809 qui
956 2740 1034 2795 certa
1047 2740 1207 2809 reportent:

186 2823 421 2901 cogitationibus
439 2824 513 2884 meis
527 2826 675 2884 consentit
694 2825 883 2901 oportunitas
902 2827 932 2883 et
950 2826 1111 2885 necessitas
1131 2829 1205 2885 tem-

185 2912 282 2989 poris3
314 2932 385 2971 nam
416 2931 477 2972 uno
507 2932 608 2973 omnes
638 2913 801 2989 eodemque
831 2932 975 2973 consensu
1007 2917 1071 2973 tam
1102 2917 1205 2991 patres

186 3020 278 3077 quam
292 3003 383 3061 etiam
396 3003 526 3079 populus
541 3002 580 3061 ad
593 3004 717 3062 Aenean
730 3001 924 3063 decreverunt
938 3022 1001 3063 esse
1014 3003 1205 3079 mittendum,

186 3091 235 3149 oui
252 3092 296 3150 rei
313 3090 410 3151 virtus
430 3095 475 3151 est
493 3092 673 3170 necessaria,
693 3110 768 3168 quae
787 3094 851 3151 tem
869 3094 1023 3170 egregium
1041 3094 1156 3152 factum
1174 3095 1206 3153 et
1223 3105 1248 3147 so

187 3179 310 3257 adgredi
336 3179 433 3257 possit
459 3183 490 3239 et
515 3181 636 3259 inplere
682 3182 711 3240 si
737 3182 790 3240 tibi
816 3198 891 3254 quae
915 3198 1004 3254 poseo
1032 3184 1206 3256 promittuut

258 3373 273 3422 3
292 3374 382 3424 seruat
394 3367 421 3422 V
437 3369 531 3435 fuerat
544 3368 587 3424 ed.
643 3376 659 3424 6
677 3369 750 3425 diua
763 3368 789 3422 V
803 3370 867 3425 diro
880 3368 964 3440 Verg.
979 3369 1045 3424 libri
1059 3370 1102 3424 ed.
1117 3370 1204 3427 inter·

185 3440 307 3508 pretatio
330 3441 361 3494 in
383 3439 476 3495 medio
499 3439 641 3509 relinquit.
716 3446 749 3495 18
772 3443 924 3497 conticuere
947 3442 992 3511 (cf.
1012 3444 1074 3509 287)
1092 3441 1118 3495 V
1137 3459 1202 3512 pro·

185 3513 300 3567 cubuere
318 3511 400 3582 Verg.
420 3510 494 3566 libri.
568 3517 602 3567 20
624 3513 748 3568 dioneae
765 3512 791 3566 V
813 3530 862 3568 ·so
884 3512 928 3567 ed.
1006 3519 1039 3567 22
1063 3514 1203 3569 silentium

172 3584 295 3649 plenum
314 3591 353 3639 eet
370 3583 395 3637 V
413 3586 482 3637 mut.
502 3583 545 3637 ed.
619 3590 653 3638 24
675 3585 804 3640 solverim
827 3584 870 3638 ed.
899 3585 902 3655 l
931 3586 1080 3640 sententiae
1101 3591 1204 3641 constet

151 3652 218 3774 eg
238 3660 266 3774 V
284 3658 347 3725 748)
370 3654 397 3709 V
411 3657 550 3714 sustenta
571 3662 669 3729 surgat
691 3657 735 3711 ed.
754 3659 783 3711 et
799 3655 884 3727 Verg.
903 3655 977 3710 libri.
1055 3662 1088 3710 25
1112 3674 1202 3713 aeona
