2725 4150
154 330 219 396 124
438 326 579 381 DONATI
596 324 888 380 narraremus.

152 495 267 572 effudit,
281 497 377 556 claras
401 496 516 555 scilicet
538 497 569 554 et
591 496 678 554 latas.
723 495 877 569 nymphae,
901 494 1068 553 Laurentes
1090 511 1173 567 reym-

147 587 236 661 phae,
256 604 349 661 perans
372 585 610 645 amarescente
633 588 689 643 est:
710 584 759 643 bic
781 602 884 643 versus
912 584 1045 643 diversas
1072 585 1174 659 potest

151 675 412 752 pronuntiationes
436 675 602 734 admittere.
647 672 773 733 dicimus
796 691 867 751 ergo
889 693 982 733 unam
1004 674 1063 732 sic:
1088 692 1172 748 nym-

151 766 229 841 phae
251 764 426 838 Laurentes,
449 762 591 839 quoniam
613 762 747 839 ipsarum
774 781 865 822 causa
891 761 1121 838 praedicabatur
1143 763 1174 820 et

151 855 235 930 ipsae
261 856 295 912 in
321 860 454 929 tempore
483 853 604 911 fuerant
630 851 828 928 necessariae,
852 852 980 911 secundo
1004 849 1174 910 addendum
1207 865 1218 905 1

152 944 315 1020 nymphae,
346 961 440 1020 genus
469 941 605 1001 amnibus
635 941 714 1000 unde
742 944 802 1017 est,
828 945 863 1000 ut
892 942 1042 1018 nymphae
1064 940 1174 999 Italiae

152 1032 300 1092 universis
323 1031 461 1090 amnibus
484 1049 577 1109 genus
602 1030 717 1090 dedisse
740 1032 912 1106 videantur,
938 1033 1011 1090 item
1034 1029 1095 1088 alia
1118 1029 1173 1089 sic:

152 1122 303 1198 nymphae
330 1119 495 1179 Laurentes
523 1120 686 1197 nymphae,
714 1122 749 1179 ut
772 1120 938 1197 duplicatio
962 1119 1091 1179 nominis
1114 1119 1174 1197 sig-

153 1210 276 1269 nificans
290 1212 471 1286 potestatem
485 1209 684 1270 cumulaverit
701 1208 959 1269 honorificentiam
978 1209 1175 1283 deprecantis

154 1299 260 1358 dehinc
297 1300 455 1359 dicendum
486 1318 579 1376 genus
618 1298 756 1358 amnibus
788 1298 868 1357 unde
901 1300 959 1371 est3
994 1298 1086 1357 tertia
1118 1297 1175 1357 sic:
1194 1314 1218 1353 11

152 1389 311 1465 nymphae,
330 1392 361 1447 et
379 1388 609 1463 subsistendum,
628 1390 664 1447 ut
681 1389 828 1464 incipiens
847 1387 1074 1465 generalitatem
1093 1386 1175 1445 vide-

154 1482 224 1538 atur
241 1478 402 1556 ingressus,
421 1478 528 1537 debinc
546 1480 679 1537 correcta
698 1496 733 1536 ea
753 1476 790 1536 ad
809 1478 939 1553 speciem
952 1476 1056 1535 redeat
1074 1476 1175 1536 dicens

152 1567 318 1627 Laurentes
346 1568 510 1643 nymphae,
539 1568 682 1642 quoniam
708 1566 792 1643 ipsae
816 1568 922 1625 ceteris
945 1566 1068 1624 fuerant
1089 1584 1175 1641 prae-

153 1657 317 1733 ponendae,
337 1675 412 1733 quas
430 1656 559 1734 rogabat
577 1659 608 1715 et
626 1674 754 1731 quarum
771 1654 803 1712 in
826 1655 978 1731 praesenti
1000 1654 1177 1713 beneficium

154 1749 295 1806 senserat.
341 1765 411 1823 ergo
442 1766 512 1805 eum
542 1764 643 1805 omnes
672 1744 804 1804 habeant
825 1746 975 1803 rationem
998 1762 1097 1819 suam,
1122 1747 1177 1803 aut
1196 1758 1218 1799 11

152 1835 264 1893 iudicio
295 1835 422 1912 legentis
454 1834 591 1912 eligenda
622 1837 668 1893 est
697 1832 803 1892 melior
832 1837 885 1893 aut
914 1834 1082 1908 sequendae
1106 1836 1177 1893 sunt

154 1941 265 1982 omnes.
302 1928 401 1995 tuone,
425 1940 441 1980 o
462 1924 584 1998 Thybri,
609 1928 665 1992 tuo,
688 1924 809 1997 petitor,
834 1924 1043 1994 1111111111
1066 1926 1176 1992 11111111,

155 2014 275 2086 accipite
297 2010 436 2070 Aeacon:
466 2014 632 2091 genitorem
661 2012 808 2089 Thybrim
838 2016 890 2071 aut
916 2012 1077 2070 honorifice
1101 2012 1178 2071 dixit

155 2105 209 2161 aut
231 2121 332 2176 suum,
356 2102 500 2177 quoniam
523 2102 561 2161 ad
585 2102 814 2162 similitudinem
836 2103 955 2178 paterni
974 2103 1084 2161 amoris
1108 2121 1177 2161 con·

154 2191 235 2250 sulta
265 2191 327 2250 eius
359 2194 522 2267 acceperat.
571 2191 687 2251 interea
710 2193 865 2252 videamus
893 2211 946 2251 cur
971 2192 1068 2267 primo
1091 2211 1177 2267 nym-
1197 2206 1218 2245 11

155 2281 230 2358 phas
252 2280 403 2339 induxerit
422 2285 453 2339 et
472 2281 600 2340 secundo
619 2282 685 2340 loco
703 2281 905 2342 nominaverit
923 2281 1068 2357 Thybrim
1087 2300 1177 2356 quem

155 2369 251 2446 primo
271 2369 375 2428 debuit
393 2372 536 2430 venerari.
573 2390 652 2431 nunc
671 2370 824 2430 sciendum
842 2373 887 2429 est
905 2372 1022 2447 peitem
1041 2372 1177 2430 secutum

154 2459 326 2520 laudativae
345 2461 488 2519 materiae
506 2461 539 2518 in
558 2480 618 2535 qua
636 2460 824 2519 retinendum
842 2462 888 2519 est
905 2462 941 2518 ut
958 2463 1097 2535 parentes
1112 2459 1177 2519 eius

155 2550 363 2625 praeferantur
386 2549 439 2626 qui
462 2550 539 2608 forte
558 2549 727 2609 laudandus
747 2552 801 2608 est.
837 2568 905 2607 cum
923 2549 1017 2627 igitur
1033 2551 1098 2625 ipse
1117 2550 1178 2608 ista

155 2638 288 2713 dixisset,
311 2640 470 2715 nymphae,
494 2657 588 2717 genus
612 2639 749 2698 amnibus
772 2638 851 2696 unde
874 2640 929 2712 est,
951 2657 1011 2697 non
1034 2639 1093 2697 fuit
1113 2639 1178 2697 eius
1197 2651 1218 2691 ²1

154 2727 267 2786 iniuria
298 2727 351 2804 qui
381 2728 509 2788 seeundo
540 2729 605 2787 loco
636 2732 681 2788 est
711 2729 842 2805 positus,
864 2728 958 2804 ipsius
983 2728 1063 2786 enim
1086 2729 1178 2786 etiam

154 2815 232 2873 illud
251 2816 312 2874 fuit
331 2817 411 2891 quod
433 2818 531 2893 primo
554 2817 711 2878 laudatum
735 2820 789 2876 est.
822 2817 976 2894 colligitur
999 2817 1178 2877 desiderium

155 2905 290 2982 rogantis
314 2906 371 2965 sie:
395 2925 462 2981 vos,
486 2908 650 2984 nymphae,
673 2909 704 2966 et
725 2911 773 2982 tu,
793 2906 935 2983 Thybris,
954 2910 1007 2966 tuo
1026 2926 1073 2965 me
1092 2907 1177 2967 alveo

155 2995 307 3070 suscipite.
339 2998 392 3054 tuo
412 2996 494 3070 quod
512 2997 589 3055 dixit
607 2996 646 3055 ad
664 2996 809 3073 Thybrim
827 2998 968 3072 pertinet,
991 2997 1063 3073 quia
1081 2996 1178 3073 ipsius

155 3084 255 3142 fuerat
290 3084 414 3158 flumen,
452 3085 578 3161 aecipite
612 3088 715 3144 antem
744 3086 784 3144 ad
810 3087 907 3144 omnis
937 3104 1011 3161 quos
1041 3085 1179 3162 rogabat.
1197 3099 1218 3138 s(

155 3173 321 3232 1111111111
344 3178 438 3232 arcete
454 3175 591 3246 periclis:
619 3178 649 3235 et
672 3175 849 3251 aliquando,
868 3175 982 3250 inquit,
1001 3174 1091 3233 liceat
1115 3176 1178 3233 sine

155 3262 288 3339 periculo
318 3262 462 3340 navigare
494 3266 524 3322 et
554 3263 591 3322 ab
620 3265 702 3323 omni
725 3264 895 3322 discrimine
920 3283 984 3322 esse
1008 3263 1179 3324 discretum.

229 3511 290 3560 let
307 3503 553 3561 latasVAeneas
571 3505 615 3560 ed.
688 3511 759 3561 811
779 3522 833 3559 om.
853 3504 908 3560 ΗΟ
928 3506 972 3559 ed.
1046 3511 1179 3560 91111111

158 3578 227 3630 lavit
244 3576 288 3631 ed.
353 3583 388 3631 la
406 3576 498 3646 qrrdV
517 3578 649 3646 quomodo
667 3576 723 3631 ΗΟ
742 3577 786 3632 ed.
805 3579 936 3646 pecaniam
954 3594 1014 3632 nos.
1080 3582 1180 3632 18111-

157 3649 228 3714 cepit
244 3664 296 3715 pro
314 3650 430 3718 compito
443 3647 477 3703 V.
541 3650 697 3704 leomeris
710 3647 736 3701 V
753 3651 838 3704 moris
855 3648 898 3703 ed.
964 3654 998 3702 28
1017 3650 1141 3719 reparetis
1154 3648 1180 3702 V

150 3719 301 3772 laudantes
319 3719 362 3774 ed.
393 3720 398 3793 1
431 3721 519 3792 Tybri
536 3721 580 3776 ed.
654 3725 686 3773 31
707 3721 770 3774 lieet
788 3720 832 3774 ed.
