2725 4150
551 323 735 381 fflsamos
750 324 801 380 VII
1041 373 1044 380 .
1143 327 1186 393 27

168 495 258 553 ariete
279 511 363 554 caeso
383 494 533 567 perpetuis
559 494 638 553 soliti
657 498 763 567 patres
790 494 939 554 musidae
964 496 1089 554 mensis:
1121 512 1187 554 ecce

167 585 292 660 propter
318 601 410 660 quam
437 601 559 643 causam
586 582 663 642 dixit
689 585 802 643 tectim
830 585 1007 662 augustum,
1039 585 1088 643 vel
1116 584 1188 661 quia

167 673 272 732 domus
296 673 356 731 fuit
376 691 482 751 regum
506 673 554 731 vel
581 674 655 748 quia
680 691 766 750 reges
789 674 848 749 ipsi
874 673 939 732 illic
965 673 1112 752 regnandi
1134 693 1187 733 au-

166 763 263 838 spicia
291 761 507 836 sortiebantur,
535 761 599 821 illic
626 780 745 820 omnem
771 762 974 838 suscipiebant
998 765 1186 840 potestatem,

134 851 229 910 sillic
265 852 396 928 primum
431 851 527 910 fasces
559 850 723 930 erigebant.
763 853 851 911 tanta
882 854 985 911 autem
1020 852 1187 912 incolarum

165 940 311 1018 religione
351 939 582 1017 suspiciebatur,
619 944 656 999 ut
691 941 748 1000 hcc
786 940 848 1000 illis
885 945 963 1002 esset
999 941 1094 1016 curia,
1131 942 1188 1001 hoc

164 1030 325 1106 templum,
351 1029 384 1088 in
410 1030 467 1089 hcc
494 1047 580 1089 saera
609 1029 748 1090 mnrivia
776 1034 989 1092 exercerentur.
1035 1029 1186 1107 perpetuis

164 1119 277 1178 mensis
299 1119 376 1178 dixit
396 1118 429 1176 in
452 1119 576 1197 longum
598 1119 762 1196 conpositis
785 1122 817 1179 et
834 1119 968 1198 digestis.
1004 1119 1187 1198 descriptum

166 1211 212 1268 est
228 1208 412 1268 vestibulum
435 1207 541 1267 domus
564 1210 595 1267 et
616 1226 735 1267 morum
757 1208 941 1269 consuetudo
964 1210 1108 1288 signata,
1109 1255 1187 1270 .....

119 1315 146 1356 ιο
165 1341 318 1358 .........
340 1298 389 1358 vel
418 1299 536 1374 partem
567 1298 783 1374 propositionis
813 1319 873 1374 qua
903 1299 979 1358 dixit
1007 1299 1187 1359 horrendum

164 1386 309 1464 religione
328 1389 487 1464 parentum
506 1390 538 1445 et
558 1390 663 1447 namet
681 1387 852 1463 specialiter
874 1389 928 1463 qui
949 1388 1062 1448 fuerint
1083 1390 1116 1448 in
1133 1389 1187 1449 illo

164 1476 302 1554 ingressu
329 1479 468 1552 parentes
486 1475 598 1535 Latini.
640 1477 713 1549 quia
741 1478 829 1535 etiam
855 1480 984 1535 ceterum
1011 1479 1124 1551 effigies
1153 1495 1187 1536 ec

164 1565 268 1624 ordine
297 1583 421 1624 aemuia
450 1567 589 1638 autiquae
618 1566 717 1625 cedro:
752 1585 788 1625 ex
817 1565 921 1626 ordine
952 1561 1188 1644 intellegendum

165 1656 211 1714 est
231 1654 291 1713 ita:
315 1659 350 1714 ut
371 1656 437 1713 nati
463 1655 598 1730 fuerant,
626 1655 668 1714 sic
696 1673 798 1715 eorum
824 1654 971 1733 imagines
998 1655 1092 1714 fluisse
1119 1674 1187 1715 con-

119 1760 145 1800 rs
164 1745 289 1820 positas.
336 1745 480 1821 antiquae
512 1744 600 1803 cedro
633 1746 688 1803 aut
717 1764 753 1803 ex
784 1744 871 1805 cedro
898 1745 1006 1819 factae,
1034 1744 1106 1820 quia
1130 1745 1187 1804 hoc

165 1851 260 1911 genus
283 1831 361 1911 ligni
381 1833 494 1892 tineam
512 1833 608 1893 nescit
634 1834 916 1910 corruptionemque
944 1853 978 1893 ex
1004 1834 1187 1910 antiquitate

164 1942 225 1982 non
243 1925 346 1998 sentit,
364 1925 419 1982 ant
437 1924 538 1981 cedria
551 1927 722 1999 perunctae,
741 1925 885 2000 quoniam
903 1924 987 2002 ligna
1006 1923 1187 1984 custoditae

165 2013 274 2072 servat.
314 2012 468 2087 Italusque
486 2016 628 2086 paterque
654 2011 786 2072 Sabinus
808 2014 957 2072 vitisator:
987 2014 1044 2074 hoc
1069 2013 1187 2092 signum

164 2103 287 2177 meruit,
324 2102 406 2179 quod
437 2103 549 2161 multas
584 2102 655 2162 vitis
687 2103 822 2163 institunt
853 2105 885 2162 in
916 2103 1015 2163 Italia.
1066 2122 1187 2163 curcum

119 2206 146 2246 ao
164 2209 288 2251 seruans
314 2192 369 2250 sub
391 2192 520 2266 imaqiue
545 2192 666 2264 falcem:
695 2211 815 2253 servans
839 2193 946 2251 falcem
969 2194 1025 2252 hoc
1053 2197 1100 2252 est
1121 2214 1186 2270 per·

164 2284 287 2357 petuam
315 2284 428 2340 tenens.
474 2280 530 2341 sub
557 2280 689 2358 imagine
717 2283 759 2341 sic
787 2282 1006 2358 accipiendum,
1036 2282 1118 2359 quod
1145 2284 1187 2342 sic

165 2390 232 2429 eam
260 2372 389 2444 teneret,
422 2373 458 2429 ut
491 2370 555 2429 eius
588 2370 656 2429 visu
690 2389 807 2448 semper
838 2371 1048 2445 delectaretur,
1081 2374 1187 2447 utpote

165 2462 283 2518 amator
305 2460 423 2534 vitium,
442 2478 568 2535 quarum
592 2461 727 2519 culturas
746 2461 842 2519 omnis
860 2461 979 2536 putatio
998 2460 1085 2519 falcis
1104 2462 1187 2518 ante·

164 2550 257 2623 venit,
278 2548 334 2607 sub
356 2548 489 2627 imagine
513 2568 584 2626 ergo
608 2548 662 2608 sub
687 2550 781 2608 oculis
799 2548 941 2626 imaginis
960 2566 1039 2607 suae.
1076 2551 1187 2624 tamen,

121 2639 310 2715 aequoniam
335 2655 405 2696 mox
432 2640 569 2714 sequitur
612 2638 817 2710 Saturnusque
839 2654 938 2706 seueu,
969 2639 1069 2713 potest
1091 2636 1249 2697 videri180

164 2728 228 2804 ipse
251 2728 349 2805 magis
372 2746 441 2786 cum
459 2728 536 2787 falce
555 2727 735 2804 descriptus,
758 2730 794 2786 ut
811 2727 895 2803 prius
915 2727 996 2786 dicta
1016 2726 1057 2786 sit
1074 2729 1186 2804 species

165 2836 242 2893 quae
265 2816 429 2889 ferebatur,
460 2816 567 2875 dehinc
591 2816 660 2893 quis
687 2816 779 2875 ferret
802 2818 951 2892 ostensus,
978 2819 1014 2875 ut
1036 2818 1077 2877 sit
1100 2817 1186 2877 ordo:

164 2905 322 2983 Italusque
353 2908 498 2982 paterque
531 2904 658 2965 Sabinus
689 2905 829 2964 vitisator
859 2904 1066 2984 Saturnusque
1098 2925 1187 2966 senex

165 3014 288 3056 curvam
315 3014 436 3055 servans
465 2995 519 3055 sub
543 2995 675 3073 imagine
698 2995 814 3054 falcem.
857 3015 922 3055 ecce
946 2996 1090 3073 patefecit
1113 2996 1187 3073 quid

236 3153 348 3217 treqes
364 3148 421 3217 ipsi
437 3147 464 3200 V
483 3148 532 3202 sed
554 3164 628 3218 repes
648 3148 679 3201 in
699 3150 771 3217 repis
790 3166 858 3204 corr.
932 3156 949 3203 4
971 3149 1135 3205 sortiebatur
1151 3148 1185 3201 V.

165 3225 181 3273 5
199 3221 259 3273 illic
276 3218 303 3271 V
321 3226 403 3288 atque
420 3221 439 3273 i.
460 3218 502 3273 ed.
563 3226 579 3273 6
597 3220 647 3275 hoe
664 3220 722 3274 iliis
740 3219 766 3273 V
784 3222 850 3275 baec
867 3222 886 3274 i.
907 3220 949 3274 ed.
1011 3226 1025 3273 'l
1044 3221 1076 3273 iu
1094 3220 1143 3273 boc
1160 3219 1187 3272 V

165 3298 189 3344 et
206 3293 239 3345 iu
256 3291 282 3345 b.
302 3290 346 3343 cd.
402 3294 417 3343 9
436 3293 501 3359 poet
518 3292 630 3360 aquata
648 3291 773 3360 spatium
788 3291 1013 3360 quattuordecim
1028 3290 1186 3344 litterarum

164 3364 254 3428 vacat,
269 3361 397 3430 sequitur
413 3364 455 3416 rei
469 3368 577 3431 partem
588 3362 614 3416 V
627 3364 730 3417 transit
747 3364 785 3417 ad
803 3364 883 3417 aliud
902 3361 1088 3430 supplendum
1107 3364 1185 3429 puto.

166 3438 199 3487 10
226 3434 276 3502 qui
301 3434 375 3488 dicit
397 3433 423 3487 V
450 3450 534 3502 qutun
556 3434 583 3488 et.
606 3434 650 3487 ed.
729 3440 761 3488 11
787 3432 978 3502 pareutumV
1001 3439 1116 3502 patruus
1142 3434 1184 3487 cd.

166 3510 199 3558 13
224 3507 357 3573 autiquae
382 3506 480 3560 ecedro
503 3506 624 3573 utroque
648 3505 710 3559 loco
736 3507 765 3558 ct
791 3510 842 3558 623
861 3504 895 3557 V.
974 3509 1006 3558 1‘1
1031 3504 1143 3559 caedria
1160 3505 1186 3558 V

166 3577 239 3630 cedri
270 3578 328 3631 cieo
360 3577 403 3631 ed.
490 3582 524 3629 23
553 3578 677 3631 culturas
705 3578 794 3631 curuis
818 3575 844 3629 V
873 3575 928 3631 cdl
958 3575 1088 3645 corrupit
1117 3576 1194 3630 eus.

167 3653 200 3700 24
217 3654 308 3702 tamen
326 3647 353 3699 V
368 3647 424 3701 edI
437 3654 547 3703 tautum
565 3648 635 3704 eds.
704 3654 739 3706 25
756 3656 890 3723 potest-
905 3653 941 3706 ‘tt
961 3649 1067 3718 falcem
1084 3664 1145 3701 om.
1163 3645 1214 3697 ed.

156 3720 286 3780 reparer
296 3718 368 3780 feeit
388 3718 413 3771 V
428 3735 498 3775 corr.
520 3722 563 3779 ed.
