2725 4150
573 325 756 390 mnnmos
770 333 823 390 vn
847 332 848 337 ‘
1143 336 1205 404 101

257 499 301 562 At
325 504 500 577 Messapus,
530 520 636 576 cauum
662 503 795 572 unior,
826 503 980 576 Neptunia
1002 503 1117 576 proies:
1151 522 1207 563 nec

185 592 291 653 deerat
322 594 415 652 etiam
443 593 600 668 Messapus
632 591 789 652 domandis
823 593 907 670 equis
939 592 1130 653 vehementer
1161 593 1207 653 in·

185 682 308 756 sistens,
330 681 411 740 idem
428 682 509 742 filius
527 682 672 758 Neptuni.
711 698 796 754 quem
813 698 905 754 usaue
921 682 972 755 fas
989 682 1053 756 iani
1071 683 1208 755 cuiquam

184 789 239 830 uec
267 774 395 830 sinuas
422 771 517 844 ferro:
547 772 641 845 hunc,
670 769 751 847 quod
780 773 859 831 esset
885 790 921 829 ex
948 769 1052 831 eodem
1079 770 1208 850 genitus,

153 877 167 917 s
184 861 287 920 nullus
306 863 427 936 poterat
443 860 509 938 igni
522 861 571 920 vel
589 860 667 919 ferro
687 878 868 920 consumere.
895 860 958 919 iam
966 860 1085 933 priten
1097 860 1208 920 resides

181 949 309 1023 papulas
343 950 517 1023 desuetaque
548 949 620 1009 bella
652 950 774 1024 aquina
804 950 838 1007 iu
873 966 961 1008 arma
995 952 1079 1008 cocat
1113 950 1208 1008 subito

184 1037 373 1114 [farinaque
394 1037 563 1114 retractatJ:
584 1037 664 1097 idem
682 1036 811 1098 ducebat
833 1057 941 1116 agmen
959 1037 1114 1098 hominum
1133 1056 1209 1115 quos

186 1127 353 1187 desuetudo
377 1131 552 1204 corruperat
575 1145 611 1186 ac
632 1146 687 1203 per
703 1127 761 1188 hac
778 1146 839 1186 non
857 1127 1000 1188 volebant
1018 1127 1091 1186 belli
1109 1127 1208 1187 subire

186 1220 349 1292 certamen,
366 1217 416 1276 vel
433 1217 562 1276 maxime
579 1216 744 1293 repentinis
762 1215 894 1276 motibus
913 1216 1092 1292 excitatum,
1115 1236 1209 1295 usque

139 1323 168 1363 ro
186 1305 262 1365 adeo
294 1306 447 1383 trepidum
478 1325 599 1384 agmen,
631 1308 666 1365 ut
697 1306 810 1365 ferrum
843 1305 1019 1366 formidaret
1051 1307 1209 1385 attingere.

184 1395 217 1454 u·
229 1396 432 1455 Fescenninas
455 1396 533 1455 acies
551 1412 714 1469 aequeque
730 1394 880 1463 Faliscos,
903 1394 935 1453 iu'
951 1394 1081 1455 Soractis
1103 1396 1271 1455 tabentoao

186 1501 269 1544 arces
291 1485 491 1558 Haunianae
513 1502 590 1544 arca
612 1488 638 1544 et
657 1482 767 1543 Ouuiui
790 1501 856 1542 man
877 1487 973 1543 moute
996 1484 1093 1542 lacurn
1118 1485 1209 1544 lucos·

186 1591 241 1646 que
270 1572 419 1647 Cauneas:
450 1573 526 1633 dixit
554 1574 622 1633 loca
652 1592 688 1632 ex
718 1573 826 1649 quibus
857 1570 968 1632 diversi
999 1576 1208 1634 convenerant.

185 1664 270 1722 itaut
293 1663 410 1735 aequati
431 1680 553 1722 numera
575 1679 726 1737 regemque
744 1663 902 1722 cauebant:
924 1660 1116 1738 reprehendit
1133 1661 1209 1722 istas

140 1755 290 1828 reposta,
314 1753 398 1828 quia,
422 1771 489 1811 cum
516 1753 595 1811 irent
617 1750 657 1810 ad
677 1751 801 1826 bellum,
824 1751 929 1827 procul
954 1748 1045 1810 dnbio
1068 1751 1208 1826 periculis

185 1861 289 1900 rernm
311 1842 462 1917 expositos
486 1840 654 1900 delectabat
675 1840 720 1899 ire
744 1841 908 1917 conpositis
934 1839 967 1899 in
994 1839 1132 1900 ordinem
1154 1860 1209 1900 nu·

185 1931 279 1990 meris
298 1933 329 1989 et
345 1930 424 2008 regis
443 1930 521 1990 festa
538 1948 720 2006 percurrere.
755 1947 807 1990 ceu
825 1931 973 2003 quadam
994 1928 1074 1989 uinci
1096 1929 1210 2003 liquida

185 2021 263 2079 iuter
277 2019 382 2080 nubila
400 2020 496 2095 naui,
516 2037 583 2080 cum
595 2035 657 2079 sese
671 2022 788 2095 epasiu
800 2021 933 2095 referunt
946 2023 973 2079 et
986 2019 1074 2095 lcupa
1087 2036 1210 2080 caunos
1220 2029 1271 2081 τοο

186 2110 261 2169 daut
281 2126 340 2182 per
366 2110 440 2169 coila
466 2109 580 2178 unam,
610 2113 697 2168 scunt
724 2109 822 2168 amuis
851 2112 878 2167 et
906 2107 985 2169 Asia
1013 2110 1095 2184 lcupa
1117 2110 1210 2185 pulsa

140 2213 169 2253 aa
181 2199 290 2273 patus:
316 2199 371 2257 hos
394 2200 545 2258 cantantis
568 2200 599 2257 et
621 2198 776 2258 ordinibus
800 2198 963 2275 conpositis
985 2197 1018 2257 in
1041 2198 1122 2259 bella
1144 2202 1208 2258 ten-

187 2286 286 2347 dentis
309 2289 455 2364 conparat
481 2291 572 2363 poeta
599 2288 702 2365 generi
725 2289 827 2347 avium
851 2307 929 2364 quae
953 2290 1023 2347 sunt
1044 2287 1156 2347 inertes
1180 2291 1210 2348 et

186 2397 248 2438 non
277 2378 419 2437 confusae
448 2378 580 2437 volitant
609 2380 653 2453 et,
680 2378 818 2453 quotiens
846 2378 934 2451 pasto
961 2377 1064 2436 ventre
1088 2376 1209 2452 fuerint,

186 2468 361 2526 satietatem
383 2485 469 2525 suam
492 2484 619 2526 canorae
636 2465 718 2526 vocis
742 2465 945 2544 gratulatione
964 2467 1123 2525 testantur.
1157 2483 1210 2526 uec

187 2557 343 2630 uunquam
361 2559 480 2615 aeratas
494 2556 571 2615 aues
585 2572 620 2614 en
633 2556 750 2629 agmine
763 2558 843 2614 muto
856 2554 972 2613 misceri
985 2557 1077 2627 putet,
1096 2554 1211 2614 aeriam

142 2658 169 2699 as
186 2645 238 2704 sed
263 2645 378 2719 gurgite
404 2646 442 2704 ab
471 2646 529 2704 aito
555 2646 656 2719 urgeri
681 2644 834 2704 uolucrum
861 2659 1024 2702 raucarcnu
1054 2642 1094 2701 aa
1124 2643 1210 2703 litora
1221 2656 1271 2706 ‘105

186 2735 309 2794 nubem:
337 2753 398 2793 non
425 2733 596 2794 invenietur
624 2732 678 2809 qui
705 2735 792 2809 putet
813 2732 901 2791 illum
929 2730 1036 2806 avium,
1052 2752 1211 2792 numerum

187 2822 292 2899 aliqua
320 2841 407 2898 posse
435 2825 552 2882 ratione
576 2821 733 2897 confundi,
763 2841 830 2881 cum
852 2820 952 2882 tendit
974 2821 1014 2882 ad
1036 2821 1140 2899 litara3
1167 2822 1210 2883 sic

188 2912 269 2971 enim
291 2912 489 2990 conglobatae
511 2911 641 2971 tendunt
662 2914 698 2971 ut
719 2910 823 2971 nubes.

258 3001 336 3061 Ecce
360 3000 540 3060 Sabinarum
563 3002 665 3074 prisco
694 3001 729 3059 dc
760 3000 905 3075 sauguine
935 3018 1077 3076 mawuau
1106 3018 1210 3076 agmen

142 3103 170 3143 80
188 3108 279 3166 apem
303 3088 432 3149 Clausus
453 3091 610 3164 maauuue
631 3090 695 3162 ipse
722 3090 850 3165 agminis
876 3089 987 3149 instar:
1015 3090 1153 3151 veniebat
1181 3093 1211 3149 et

260 3230 275 3277 1
300 3241 428 3293 mesapus
445 3222 479 3278 V.
553 3227 657 3293 3p0st
679 3225 809 3279 iusisteus
831 3224 934 3279 lemma
957 3225 1102 3293 Neptunia
1119 3224 1211 3293 proies
1264 3273 1267 3280 ,

188 3296 319 3364 interpol.
344 3295 414 3349 edF.
445 3296 448 3367 t
478 3296 551 3351 idem
568 3295 595 3350 V
617 3296 649 3350 id
671 3302 711 3351 est
732 3294 820 3351 HOU
842 3296 885 3350 ed.
951 3301 965 3349 ἵ
989 3296 1145 3363 ferrumque
1168 3312 1211 3351 re-

188 3374 291 3423 tractat
314 3368 393 3421 deest
414 3367 445 3419 in
465 3366 491 3419 V
515 3366 580 3421 add.
602 3367 659 3421 ed:
688 3384 723 3421 ex
746 3366 980 3436 interpretatione
1003 3366 1145 3420 Donatum
1169 3384 1210 3421 re-

188 3445 312 3494 tractant
326 3437 429 3507 legisse
444 3439 582 3507 suspicor,
598 3438 673 3507 quod
684 3438 826 3509 Wagnero
842 3440 955 3492 auctore
970 3437 1115 3492 Leidensis
1125 3435 1209 3507 Verg.

188 3510 276 3565 habet
295 3509 340 3578 (cf.
361 3515 403 3575 10,
419 3512 491 3579 396).
560 3515 593 3563 15
609 3511 744 3578 maculis
761 3528 852 3565 rerum
870 3516 897 3564 et
913 3510 1078 3577 compositus
1095 3509 1209 3565 deiecta·

189 3582 236 3637 bat
249 3581 275 3635 V
293 3583 325 3636 iu
341 3582 473 3650 periculis
490 3599 513 3637 r.
528 3581 580 3635 dei.
596 3581 639 3635 ed.
655 3598 685 3650 p.
700 3599 722 3637 r.
737 3583 871 3651 expositas
884 3581 911 3636 d.
925 3596 988 3635 nos.
1048 3585 1082 3635 Υ(
1101 3580 1211 3647 iestaV

177 3653 333 3774 mmet&
370 3652 555 3709 reconna.
608 3658 643 3709 aa
657 3652 941 3729 panovptnneo.
991 3646 1246 3713 innocens&
