2725 4150
549 326 733 383 AENEIDOS
751 326 804 381 XII
1120 331 1183 398 571

162 496 225 556 nisi
242 494 324 574 quod
341 515 401 557 non
418 498 519 574 potest
536 499 616 556 stare
633 495 749 556 viribus
767 498 838 556 suis.
869 496 919 556 hic
937 516 1057 575 quoque
1075 497 1187 559 adserit

162 588 255 663 poete
268 586 394 646 fatalem
411 586 622 647 necessitatem
639 585 772 645 cuiusvis
790 604 846 663 ope
862 587 999 663 superari
1016 606 1077 646 non
1090 605 1185 664 posse.

162 693 245 735 nano
266 677 400 735 iuvenem
421 677 579 749 inpensas
595 675 678 734 acco
698 692 868 734 certauere
886 676 949 735 totae
966 676 1188 750 Parcarumque
1198 688 1249 738 150

162 765 227 824 dics
241 769 268 824 ct
279 766 326 824 cta
337 765 461 824 taurica
471 766 665 842 propinquat:
677 763 777 824 noluit
790 764 887 824 dicere
901 784 937 824 ex
950 767 1055 843 aperto
1064 764 1187 825 Aenean

129 872 143 911 s
162 853 258 914 fuisse
277 853 442 929 fortiorem,
460 853 537 913 dixit
554 853 710 931 inparibus
723 854 802 930 telis,
819 856 855 913 ut
867 854 955 914 heros
969 854 1077 915 Troius
1090 856 1187 934 magis

163 961 317 1003 armorum
344 962 450 1022 genere
478 961 569 1020 quam
596 942 711 1003 viribus
740 943 870 1021 propriis
898 946 977 1004 esset
1003 944 1187 1006 obtentums.

163 1032 283 1093 addidit
302 1032 380 1092 diem
399 1032 471 1092 fatis
488 1033 605 1092 ultimis
623 1031 771 1114 debiturn,
794 1035 829 1092 ut
846 1032 991 1110 quicquit}
1012 1034 1052 1093 ad
1068 1033 1187 1094 Aeneae

163 1122 294 1200 gloriam
317 1140 352 1181 ex
374 1124 470 1182 morte
488 1121 584 1181 Turni
605 1121 774 1181 redundare
796 1122 946 1198 potuisset
968 1123 1138 1183 auferretur
1160 1126 1188 1184 ei

163 1214 196 1271 et
217 1213 297 1271 esset
317 1212 414 1290 magIs
437 1211 569 1271 fatorum
592 1210 673 1288 quod
701 1211 835 1272 fortioris
862 1212 967 1271 derna
994 1212 1094 1272 fuerat
1120 1233 1187 1291 pro·

117 1319 145 1358 1o
163 1319 325 1360 cessurum.
370 1318 431 1360 noa
448 1317 583 1375 perpacem
606 1301 736 1375 aspicere
757 1301 835 1360 hanc
856 1301 960 1372 oculis,
988 1319 1048 1361 aon
1069 1304 1189 1377 foedera

158 1395 300 1465 possam:
329 1390 422 1466 oculi,
448 1388 563 1467 inquit,
590 1388 650 1448 mei
672 1388 750 1449 dura
776 1391 900 1469 fugiunt
922 1392 952 1449 et
974 1408 1066 1450 saeva
1087 1391 1188 1452 videre

163 1497 226 1538 non
250 1481 384 1557 possunt.
428 1479 486 1538 hoc
512 1479 594 1554 ideo,
624 1498 661 1538 ue
684 1479 813 1539 Iuturna
841 1479 952 1539 diceret
978 1483 1013 1540 tu
1043 1480 1189 1541 auxiliare

163 1588 220 1645 per
241 1570 287 1644 te,
310 1568 383 1645 quia
404 1568 568 1645 plurimum
590 1571 690 1646 potes:
712 1569 767 1629 illa
791 1570 834 1629 ait
856 1589 911 1629 nec
932 1570 1108 1648 telegonus
1127 1571 1188 1630 foe·

164 1659 245 1718 deris
275 1658 356 1717 oouli
384 1658 444 1716 mei
470 1657 572 1718 videre
601 1661 730 1735 possunt
759 1677 813 1718 neo
841 1659 904 1718 tale
933 1661 1092 1718 certamen.
1128 1679 1189 1720 non

121 1764 145 1804 rs
163 1748 267 1825 placet
280 1746 438 1807 eoncordia
455 1747 589 1824 partium
607 1767 699 1823 quam
714 1748 761 1807 tui
774 1747 877 1808 fratris
895 1748 1028 1808 firmabit
1040 1748 1188 1824 interitus,

163 1836 304 1896 funditur
321 1837 444 1914 sanguis
462 1837 591 1896 insontis
609 1838 747 1896 etunius
765 1836 976 1914 procurabitur
993 1840 1090 1898 morte
1108 1838 1190 1915 quod

163 1926 357 1986 vehementer
378 1925 541 1986 horremus.
573 1925 661 1985 finxit
681 1926 756 1985 haee
780 1925 909 2004 cogitari
931 1946 986 2005 pro
1009 1928 1111 1988 Turno
1134 1946 1189 1987 neo

164 2015 225 2076 sibi
250 2013 368 2092 aliquid
389 2014 595 2091 profuturum,
625 2014 650 2077 si
673 2015 794 2076 foedera
816 2015 1022 2093 turbarentur,
1050 2019 1081 2077 et
1103 2035 1189 2078 omne

165 2103 360 2165 consiliorum
377 2104 567 2164 commodum
583 2107 617 2164 iu
635 2105 779 2165 Iuturnae
793 2107 911 2183 partem
926 2108 1015 2184 plena
1033 2127 1189 2187 argumen—

116 2213 145 2253 ao
164 2194 281 2255 tatione
307 2193 507 2268 transfrdet,
535 2197 572 2253 ut
598 2196 653 2254 illa
680 2214 735 2271 pro
758 2196 893 2255 fraterna
920 2196 1054 2257 utilitate
1076 2199 1189 2257 faciens

165 2286 342 2361 procuraret
364 2284 454 2343 utilia
476 2283 577 2344 nescia
600 2285 682 2360 quod
704 2284 828 2344 Iunonis
852 2285 951 2345 studio
974 2288 1189 2363 proventurum

165 2375 246 2433 esset
272 2371 416 2450 quicquid
442 2374 474 2432 in
502 2393 538 2433 ea
565 2392 655 2433 eausa
683 2373 770 2433 labor
796 2378 897 2451 posset
924 2374 1089 2451 adquirere.
1135 2394 1188 2435 nos

164 2462 212 2522 ita
229 2462 303 2521 haec
322 2480 414 2538 quae,
435 2463 507 2521 lieet
524 2461 606 2523 dIota
623 2482 684 2522 non
703 2462 777 2537 sint,
799 2466 901 2523 tamen
918 2470 1080 2541 apparent,
1104 2464 1189 2524 debe-

164 2570 233 2611 mus
252 2550 440 2611 aonsiderata
456 2551 596 2611 inimicae
614 2570 743 2629 persona
761 2553 915 2631 colligere,
933 2556 969 2613 ut
986 2552 1095 2613 idcireo
1114 2574 1189 2633 pug-

115 2659 145 2700 as
164 2659 239 2701 nam
260 2640 358 2717 ipsam
380 2639 520 2701 videatur
540 2642 705 2716 horruisse,
727 2662 764 2701 ne
783 2643 926 2702 victorem
950 2645 1082 2702 cerneret
1101 2664 1189 2719 quem

161 2750 221 2808 per
249 2730 369 2789 infinita
398 2732 536 2807 tempora
566 2733 656 2807 atque
685 2733 858 2792 innumeros
888 2750 975 2792 casus
1004 2751 1065 2791 non
1091 2734 1191 2793 valuit

165 2837 315 2897 superare.
361 2821 392 2878 et
414 2820 471 2878 hoe
493 2838 614 2897 quoque
640 2820 802 2880 videndum
830 2823 888 2896 est,
914 2820 1000 2881 iilam
1026 2822 1123 2899 ipsam
1146 2823 1190 2882 sic

166 2909 204 2968 de
227 2907 346 2967 Aeneae
369 2908 524 2984 Turnique
546 2909 684 2985 partibus
703 2909 803 2987 loqui,
823 2913 860 2969 ut
881 2911 1033 2987 praeferat
1055 2912 1190 2970 Turnum

166 3000 199 3056 et
221 2997 344 3057 Aenean
369 2998 472 3075 cupiat
500 3016 563 3058 esse
587 2997 743 3058 deiectum.
789 3018 881 3074 nuno,
907 3000 1021 3077 inquit,
1050 3001 1190 3060 iuvenem

116 3106 147 3146 eo
165 3086 323 3163 inparibus
351 3085 438 3146 video
465 3105 639 3159 concurrere
661 3089 731 3148 telis
754 3088 976 3166 Parcarumque
1001 3090 1063 3149 dies
1091 3092 1122 3149 et
1143 3090 1189 3151 vis

163 3177 291 3236 inimica
308 3176 500 3253 propinquat
536 3175 653 3237 iuvenis
676 3180 723 3237 est
744 3179 846 3237 noster
869 3180 900 3237 et
921 3180 1042 3255 poterat
1063 3177 1190 3255 vincere,

166 3267 195 3326 si
218 3266 323 3343 aequis
346 3267 436 3325 armis
460 3266 652 3326 contenderet
674 3270 729 3327 aut
748 3267 832 3327 nulla
850 3268 1003 3346 ingrueret
1024 3267 1122 3328 maior
1143 3270 1189 3329 vis

167 3358 223 3415 aut
245 3355 355 3414 ultima
376 3354 464 3414 illum
481 3355 547 3415 fata
568 3376 628 3416 non
647 3361 828 3433 premerent:
847 3360 960 3433 quanta
977 3356 1072 3418 virtus
1092 3358 1189 3418 dioen-

242 3583 274 3631 15
290 3579 383 3648 placet
400 3580 547 3634 conradis
560 3579 587 3634 V
604 3581 673 3635 miti
695 3580 829 3649 interpos.
849 3581 892 3635 ed.
973 3587 1007 3636 lo
1025 3582 1189 3651 promachi-

165 3657 215 3707 car
228 3647 254 3703 V
272 3650 331 3705 -bit
348 3649 392 3704 ed.
461 3656 494 3704 1⁵1
513 3654 631 3706 ammae
644 3650 678 3705 V.
747 3658 781 3706 23
793 3654 855 3708 'Istc
868 3652 894 3707 V
909 3651 952 3707 ed.
971 3654 1013 3709 ita
1031 3652 1074 3707 ed.
1089 3655 1162 3723 post.
1184 3656 1187 3725 t

167 3728 193 3778 et
212 3720 343 3776 tameaV
358 3721 401 3775 ed.
420 3727 447 3777 ct
464 3721 563 3777 delevi.
637 3727 670 3777 26
690 3722 810 3793 atqueV
828 3740 862 3779 co
879 3724 922 3780 ed.
