2725 4150
545 338 730 394 AENEIDOS
748 337 800 392 XH
1120 341 1185 407 625

158 527 234 568 nam
252 507 334 586 quod
352 509 396 567 ait
414 507 594 586 generaliter
612 507 769 567 confusum
785 505 870 567 varia
887 505 1019 585 imagine
1037 508 1187 566 malorum

159 597 324 676 stupuisse,
341 598 398 656 hoc
412 597 583 673 specialiter
597 597 735 656 subiecit:
753 597 851 673 prima
869 597 930 655 fuit
945 596 1068 672 pudoris
1083 614 1186 673 causa3

159 706 223 764 qua
246 689 328 746 enim
350 687 448 746 fronte
471 687 585 746 veniret
609 685 647 745 ad
670 704 740 746 suos
760 686 892 745 desertor
915 684 1064 746 commodi
1086 686 1134 745 eui
1156 689 1187 744 et

158 776 284 836 inflictis
312 778 360 836 tot
381 773 489 835 malie?
520 774 652 835 secunda
678 777 740 834 fuit
766 775 897 850 insania,
928 792 1005 852 quac
1033 774 1188 836 oriebatur

130 880 142 920 a
160 884 251 926 exeo
271 867 343 942 quia
361 864 637 925 convalescentibus
653 865 786 924 adversis
805 885 864 924 non
883 864 1005 924 valebat
1019 883 1187 940 occurrere3

160 959 234 1014 tunc
257 955 337 1015 enim
360 953 457 1014 acrius
480 956 626 1030 saevitur,
650 972 717 1012 cum
737 973 804 1031 spes
828 957 924 1014 cessat
943 953 1081 1014 ultionis:
1105 953 1186 1014 simi-

160 1045 230 1104 liter
254 1047 286 1103 et
309 1044 369 1104 alio
388 1044 454 1103 loco
477 1037 524 1123 (4,
538 1038 618 1125 300)
641 1042 718 1101 dixit
735 1045 856 1118 „saevit
872 1043 961 1120 inops
982 1041 1105 1102 animi“.
1139 1061 1186 1105 aa·

161 1133 288 1194 cedebat
310 1133 379 1192 huic
402 1135 434 1192 et
455 1133 553 1192 luctus
584 1153 620 1191 ex
646 1132 710 1192 eius
741 1135 837 1192 morte
865 1132 1043 1194 descendens
1071 1135 1102 1192 in
1126 1152 1187 1210 qua

161 1223 223 1282 fuit
246 1223 343 1282 omnis
365 1220 476 1281 fiducia
498 1223 600 1282 uxoris
625 1222 823 1300 accipiendae.
870 1222 1053 1300 sequebatur
1076 1223 1186 1282 amoris

117 1327 143 1366 a
161 1330 255 1371 causa
278 1311 342 1372 eius
366 1311 490 1390 virginis
518 1330 610 1388 quam
633 1311 813 1389 desperabat
840 1311 898 1371 sibi
920 1330 1007 1388 posse
1035 1313 1186 1390 coniungi.

161 1400 337 1460 cumulabat
354 1400 489 1460 omnium
506 1402 656 1460 malorum
673 1403 840 1479 congeriem
854 1401 976 1461 virtutis
996 1400 1186 1476 conscientia,

161 1509 240 1568 quae
268 1493 316 1549 tot
342 1491 476 1550 adversis
504 1489 595 1550 simul
622 1508 766 1568 oppressa
792 1491 941 1566 respirare
970 1510 1031 1550 non
1058 1493 1186 1566 poterat.

160 1584 193 1638 ut
207 1580 341 1654 prunum
359 1579 510 1638 discussae
529 1581 666 1638 umbrae:
688 1581 812 1656 pulchre
836 1580 912 1639 dixit
934 1579 1056 1639 umbras
1079 1578 1186 1654 animi3

160 1669 213 1728 ubi
236 1669 317 1728 enim
340 1669 534 1744 perturbatus
561 1669 666 1744 fuerit,
695 1670 743 1728 vel
770 1669 899 1728 maxime
923 1670 1060 1746 plurimis
1088 1669 1186 1742 malie,

123 1771 145 1811 ιε
161 1762 319 1836 tamquam
341 1758 374 1816 in
396 1758 527 1818 tenebris
550 1760 666 1834 positus
689 1778 749 1818 non
773 1759 856 1817 videt
875 1758 947 1833 quid
971 1763 1042 1835 agat
1065 1777 1119 1817 nec
1141 1759 1186 1816 in-

161 1847 245 1907 venit
271 1846 438 1923 viamque
464 1865 496 1907 se
524 1848 620 1924 possit
647 1849 791 1907 exolvere.
825 1852 851 1906 et
873 1849 924 1906 lua
946 1849 1062 1907 reddita
1083 1849 1187 1906 menti:

162 1937 284 2015 copiosa
303 1934 409 2012 dictio;
427 1935 479 1995 ubi
498 1937 577 1994 enim
595 1940 729 1997 remotae
747 1937 859 1996 fuerint
876 1936 1028 2012 tenebrae,
1047 1938 1099 1995 lux
1118 1955 1186 1996 con·

161 2025 246 2087 tinuo
278 2026 444 2104 subrogata
478 2027 622 2101 succedit,
656 2031 691 2087 ut
717 2027 752 2086 fit
782 2046 848 2086 cum
878 2046 937 2086 nox
963 2029 1187 2087 consummatur

162 2120 191 2175 et
204 2116 401 2193 consequitur
414 2115 485 2175 dies.
512 2117 643 2176 ardeatis
656 2118 806 2176 ooubrum
820 2118 899 2176 orbis
918 2117 958 2176 ad
970 2118 1087 2176 uoeuia
1105 2119 1188 2175 torsit
1197 2120 1249 2170 670

128 2215 149 2257 ¹⁰
162 2205 298 2265 turbida
320 2222 390 2278 eque
412 2206 484 2264 rotis
508 2224 648 2280 maguam
674 2208 801 2280 respexit
824 2206 864 2265 ud
886 2207 1002 2265 urbem:
1033 2210 1186 2281 resumpta

162 2295 225 2354 lnce
248 2297 320 2372 post
345 2293 497 2369 tenebras,
526 2294 580 2354 ubi
610 2295 743 2354 animum
773 2295 907 2373 collegit,
936 2296 1026 2355 torsit
1054 2295 1092 2354 ad
1120 2314 1186 2354 eam

162 2387 279 2459 partem
301 2384 403 2444 oculos
432 2384 464 2442 in
487 2403 549 2461 qua
576 2385 682 2445 civitas
711 2385 770 2443 fuit
800 2392 891 2460 atque
918 2384 963 2443 ita
985 2387 1020 2443 ut
1042 2384 1074 2442 in
1098 2403 1186 2442 curru

162 2473 261 2534 fuerat
278 2474 398 2533 moenia
415 2472 483 2549 ipsa
500 2474 638 2550 respexit.
671 2491 732 2533 eece
751 2478 848 2532 auteur
866 2475 995 2545 dammis
1013 2476 1089 2532 iuter
1103 2475 1186 2532 tabu·

163 2562 222 2623 aa
245 2562 363 2621 uolutus
389 2562 430 2621 ad
456 2562 569 2621 caeliam
595 2564 731 2623 undabat
756 2567 853 2621 certeco
876 2564 1037 2635 turrimque
1060 2564 1186 2622 tenebat:

128 2653 266 2711 “multis
289 2652 363 2712 locis
386 2650 570 2711 ostendimus
595 2651 721 2712 adversa
748 2651 882 2711 nuntiari
909 2652 962 2710 ubi
990 2671 1056 2711 ecce
1084 2654 1184 2711 autem

162 2740 368 2816 praecesserit,
398 2740 526 2818 denique
554 2744 585 2799 et
610 2742 660 2800 hic
690 2741 862 2801 incendium
891 2742 988 2800 visum
1016 2745 1062 2800 est
1083 2742 1185 2815 tunic,

163 2849 239 2905 quae
267 2830 311 2889 sic
338 2829 463 2889 ardebat
491 2830 698 2889 tabulatorum
728 2831 869 2890 firmitate
904 2833 1054 2906 correpta,
1085 2833 1121 2889 ut
1150 2850 1185 2888 ex

162 2922 222 2979 eius
246 2938 365 2979 summa
387 2922 473 2995 parte
495 2921 528 2978 in
551 2921 666 2979 caelum
689 2920 810 2979 flamma
838 2924 1037 2998 consurgeret.
1070 2921 1184 2988 turrira,

162 3010 308 3083 coopertis
331 3009 464 3068 trabibus
487 3027 574 3082 quau
602 3010 743 3068 eduxerat
763 3010 826 3083 ipsc
853 3010 1079 3083 subdideratque
1104 3013 1247 3068 rotaeo'lt

126 3103 148 3147 ³⁰
158 3098 312 3172 acutisque
333 3098 513 3157 instraverat
535 3099 623 3156 altos:
645 3099 871 3158 multiformiter
892 3099 1010 3158 Turnus
1034 3099 1126 3157 etiam
1149 3118 1185 3157 cx

163 3186 394 3266 conflagratione
417 3187 509 3247 tumis
533 3188 634 3246 dolore
654 3206 811 3265 percussus
831 3191 889 3262 est,
911 3189 1009 3264 primo
1028 3187 1100 3264 quia
1119 3207 1185 3263 per-

161 3277 235 3337 ierat
252 3276 331 3335 illud
350 3276 430 3353 quod
450 3276 608 3354 diligentia
626 3296 681 3337 sua
700 3281 730 3336 et
748 3279 869 3354 proprio
884 3277 986 3336 labore
1005 3277 1184 3352 perfecerat3

232 3448 403 3516 latipuisse
426 3446 459 3500 V.
537 3454 613 3502 oea
638 3465 668 3503 eo
694 3449 742 3517 qui
762 3446 787 3499 V
808 3447 851 3500 ed.
875 3463 895 3500 e.
916 3465 937 3501 e.
958 3449 1025 3517 quia
1048 3447 1091 3501 ed.
1110 3449 1183 3515 post.

162 3518 363 3574 8eiueVedI
376 3520 496 3573 Amatae
510 3519 579 3572 eds.
621 3527 671 3573 --14
689 3520 783 3587 fuerat
800 3519 843 3572 ed.
901 3524 934 3571 18
953 3520 1123 3574 cousuraitwr
1139 3518 1183 3573 ed.

163 3594 193 3645 21
215 3590 321 3661 colligit
338 3589 364 3643 V
383 3606 452 3643 corr.
474 3590 517 3644 cd.
592 3596 626 3644 23
649 3592 746 3647 tabula
765 3590 797 3645 V.
872 3595 905 3642 25
925 3590 1012 3645 ubiV
1030 3591 1094 3644 rabi
1112 3590 1187 3660 adt

162 3678 267 3784 35⁶⁶}-
287 3667 321 3715 26
341 3664 525 3730 praecesserit
551 3679 606 3720 om.
631 3664 677 3721 ed.
759 3668 796 3719 'ab
823 3664 983 3719 iuuaueeat
997 3661 1024 3712 a
1057 3662 1204 3712 tumturn-

152 3747 170 3781 t
216 3748 258 3786 e.

191 3838 251 3877 Dea
261 3838 360 3889 interpr.
371 3842 442 3897 Verg.
453 3848 503 3889 val.
512 3850 544 3891 11
1046 3838 1084 3888 m
