2725 4150
541 345 805 402 assumosvm
1120 348 1184 415 131

166 514 268 594 gladio
291 514 425 574 munitus
448 513 508 573 tuit
531 515 616 574 etin
643 514 762 574 tumulo
790 515 939 590 constitit,
965 518 1003 575 ut
1029 515 1186 594 aliquanto

166 604 205 664 eb
227 604 275 663 his
298 606 431 663 remotus
454 607 532 664 esset
555 607 586 664 et
607 603 669 664 illis
694 605 786 664 altior
808 622 882 680 quos
900 604 1009 665 habuit
1030 606 1063 664 in
1086 625 1118 664 re
1140 607 1186 666 in·

166 697 248 754 certa
277 695 440 769 suspectos.
499 693 573 769 quid
598 693 677 753 enim
706 696 811 753 eontm
839 694 985 770 plurimos
1015 698 1130 772 posset,
1160 697 1188 757 si

167 784 350 843 contrariam
379 784 560 842 sententiam
589 782 746 861 gererent?
800 783 872 859 quid
902 802 1003 843 omnes
1031 783 1188 845 timuerint

136 888 149 929 1
167 873 220 948 qui
236 872 300 932 illis
317 871 485 931 intererant
502 871 594 932 saeris
613 871 737 932 dubium
755 891 819 933 esse
839 891 900 932 non
922 874 1042 949 poterit,
1056 872 1083 932 si
1096 892 1188 950 supra

167 962 249 1022 dicta
277 962 327 1021 rel
356 960 506 1037 descripta
535 964 712 1022 tractentur.
757 963 871 1021 dietum
901 965 947 1022 est
976 962 1086 1041 quippe
1114 955 1187 1045 (55)

167 1051 220 1127 „hi
242 1050 356 1110 bellum
379 1051 502 1110 adsidue
525 1050 641 1110 ducunt
662 1070 732 1110 cum
754 1054 842 1130 gente
865 1050 1003 1111 Latina.“
1053 1071 1188 1129 sperasse

166 1139 261 1218 igitur
282 1141 500 1218 intelleguntur
523 1140 681 1200 observare
703 1141 799 1200 hostis
821 1141 915 1201 Italos
940 1141 1028 1217 diem,
1049 1145 1087 1200 ut
1104 1145 1189 1204 extra

166 1229 270 1289 urbem
293 1230 326 1288 in
349 1229 552 1289 sollemnitate
575 1248 729 1289 sacrorum
751 1229 933 1289 constitutos
950 1231 1083 1292 Arcades
1105 1233 1189 1293 inva-

123 1336 150 1376 16
168 1319 281 1393 dorent,
304 1317 487 1395 perindeque
510 1337 541 1378 se
564 1338 665 1397 regem
688 1337 724 1378 ec
745 1318 824 1396 regis
847 1319 951 1395 filium,
969 1323 1109 1380 senatum
1127 1341 1189 1380 om·

167 1428 236 1468 nem
265 1409 297 1466 et
324 1408 468 1468 iuvenum
496 1409 610 1485 primos
638 1427 699 1468 uno
731 1410 864 1485 tempore
891 1408 983 1468 fuisse
1010 1409 1189 1485 perdituros.

169 1516 253 1575 ergo,
275 1499 310 1555 ut
333 1517 349 1555 e
372 1497 490 1556 tumulo
512 1498 699 1574 loqueretur,
721 1496 830 1557 habuit
851 1497 1122 1558 considerationem
1140 1501 1189 1559 sui

169 1604 224 1644 nec
252 1587 351 1645 totum
378 1605 408 1645 se
432 1585 620 1646 venientibus
643 1586 767 1662 obtulit3
790 1585 851 1645 fuit
874 1586 954 1645 enim
977 1605 1031 1646 cur
1052 1589 1191 1648 venirent

169 1675 318 1733 incertum
346 1677 377 1734 et
402 1676 500 1753 magis
527 1678 700 1752 suspectum
728 1695 820 1753 quam
847 1694 995 1736 securum.
1040 1696 1110 1754 ergo
1135 1677 1190 1737 ali·

126 1779 153 1821 11
171 1765 285 1840 quanto
309 1764 428 1843 longius
459 1765 577 1841 positus
607 1766 726 1825 locutus
759 1768 805 1824 est
834 1765 921 1825 haec:
951 1766 1084 1836 iuvenes,
1115 1783 1191 1841 quoe

171 1871 264 1912 ceusu
285 1854 397 1928 sebepit
422 1854 538 1928 ipootos
564 1859 705 1927 temptare
731 1855 817 1914 cies?
844 1872 900 1928 quo
927 1855 1064 1914 tenditis?
1086 1856 1190 1931 iuquit,

170 1943 222 2016 qui
250 1944 363 2016 penus?
393 1943 473 2001 wnde
504 1944 608 2003 doeio?
636 1961 778 2016 pacemne
808 1944 865 2004 hoec
894 1945 980 2017 fertis
1011 1963 1053 2004 uie
1084 1947 1191 2006 erma?

170 2030 267 2092 oratio
290 2052 351 2091 non
373 2032 531 2110 superfiuis
553 2032 587 2093 in
608 2035 695 2094 tanto
718 2036 811 2110 metu,
833 2033 885 2094 sed
908 2033 1081 2095 necessariis
1099 2035 1191 2096 inter·

169 2122 379 2201 rogationibus
397 2123 496 2199 plena.
527 2124 649 2183 iuvenes
667 2123 769 2200 inquit
787 2123 826 2183 ab
845 2126 944 2184 aetate
961 2126 1084 2185 trahens
1103 2144 1191 2202 posse

125 2228 152 2268 eo
169 2211 238 2271 illos
256 2212 368 2271 inferre
386 2213 573 2272 violentiam.
604 2231 692 2290 quae,
713 2212 823 2290 inquit,
846 2232 937 2273 causa
955 2212 1094 2291 subegit?
1117 2214 1191 2275 bene

169 2301 273 2378 posuit
290 2302 424 2379 subegit3
445 2300 596 2361 intellexit
613 2303 694 2360 enim
711 2322 854 2381 magnam
871 2303 964 2362 fuisse
982 2304 1192 2363 necessitatem

169 2389 238 2467 ipsa
255 2392 342 2466 parte
359 2390 500 2450 veniendi
519 2410 580 2468 qua
597 2392 675 2450 nulli
694 2394 784 2450 antea
801 2393 949 2451 transitus
972 2391 1130 2466 extitisset,
1153 2391 1192 2451 ad

170 2480 288 2538 ineerta
310 2480 426 2540 scilicet
448 2481 479 2538 et
500 2480 663 2557 incognita.
697 2500 757 2557 quo
780 2480 926 2540 tenditis?
948 2482 1094 2540 venerant
1112 2481 1193 2539 enim

172 2568 264 2628 etad
287 2588 372 2629 oram
393 2568 527 2628 fluminis
550 2569 731 2629 deflexerant
753 2590 789 2628 ex
812 2589 846 2629 eo
870 2568 1058 2629 ostendentes
1082 2588 1114 2629 se
1132 2589 1192 2628 non

127 2671 154 2712 ss
171 2658 354 2717 transituros
390 2657 496 2733 fuisse,
533 2659 585 2718 sed
621 2659 822 2720 descensuros.
881 2658 935 2735 qui
966 2658 1081 2737 genus?
1112 2659 1193 2718 unde

172 2746 282 2806 domo?
331 2748 490 2807 honestum
523 2752 554 2807 et
583 2747 767 2826 exquisitum
798 2748 958 2808 locutionis
990 2767 1101 2826 genus3
1132 2767 1193 2809 non

173 2835 252 2895 enim
275 2836 434 2914 dixitque
458 2836 529 2896 estis
552 2856 588 2897 ex
611 2856 718 2915 genere
741 2838 790 2897 vel
808 2857 845 2896 ex
863 2857 924 2914 qua
943 2838 1065 2898 civitate
1084 2837 1193 2915 exorti3

173 2926 371 3002 conpendiosc
386 2925 466 2985 euim
479 2925 583 2986 audito
601 2927 722 2986 nomine
741 2926 874 2987 civitatis
894 2929 948 2987 aut
961 2929 1059 3006 gentis
1073 2931 1194 3007 poterat

173 3032 260 3074 nosse
293 3034 353 3092 quo
386 3015 486 3075 animo
517 3017 663 3075 venirent.
704 3018 735 3075 et
765 3018 868 3075 tamen
901 3017 1019 3076 addidit
1050 3037 1193 3096 pacemne

130 3115 157 3157 ee
174 3103 233 3162 huc
262 3104 347 3164 fertis
378 3123 418 3163 an
447 3103 551 3164 arma?
585 3105 712 3180 bellum,
740 3104 855 3182 inquit,
884 3106 970 3167 fertis
1001 3126 1040 3166 an
1068 3105 1193 3184 pacem?

174 3196 236 3251 tuen
260 3198 351 3266 poter
376 3192 496 3253 Aeaeos
523 3194 621 3268 puppi
649 3194 693 3253 sic
720 3195 805 3267 satier
831 3196 869 3255 ut
897 3196 959 3255 alta
985 3197 1255 3269 paciferaeqeellt

172 3299 267 3341 menie
288 3300 407 3342 romum
429 3284 598 3357 praetendit
623 3283 731 3343 olivae:
753 3284 909 3344 suffecerat
937 3285 975 3344 ad
1002 3283 1194 3343 indicandam

174 3372 365 3432 securitatem
378 3392 497 3431 ramum
515 3371 699 3432 ostendissae
717 3374 858 3449 pacificae
872 3372 996 3448 frondis,
1009 3374 1084 3449 quia
1096 3374 1194 3433 multa

247 3530 267 3578 6'
277 3524 387 3580 dieteV
400 3525 505 3593 scripto
519 3524 562 3578 ed.
604 3529 637 3578 11
647 3525 967 3594 fuissentiuterempteri
981 3526 1025 3580 ed.
1063 3531 1096 3580 13
1111 3526 1195 3582 cerv

175 3611 259 3663 quem
278 3596 322 3651 ed.
376 3601 408 3650 19
427 3596 540 3651 tradens
553 3595 579 3649 V
593 3596 637 3650 ed.
659 3596 745 3668 {post
760 3614 788 3653 ee
801 3597 828 3651 V
844 3613 923 3667 posse
941 3597 986 3651 ed.
1040 3602 1077 3650 tt
1093 3597 1195 3665 ipsaV

174 3668 231 3721 ieta
244 3666 287 3721 ed.
325 3672 359 3721 24
373 3667 546 3735 &limant
558 3668 602 3724 ed.
616 3667 619 3743 Ι
635 3686 664 3727 se
678 3668 781 3728 om.V.
816 3675 855 3726 ‘lo
869 3668 1074 3727 descesscuoaV
1089 3665 1226 3721 comed-

169 3742 207 3787 27
221 3736 296 3790 ditet
310 3736 336 3789 V
349 3740 394 3793 ait
410 3738 454 3794 ed.
532 3746 568 3799 28
592 3747 727 3820 ceperitis
744 3744 773 3803 V
796 3762 873 3803 corr.
891 3743 942 3801 ed.
1016 3747 1060 3796 st
1083 3728 1249 3793 auctum-

1054 3844 1096 3901 (δὴ
