2725 4150
548 328 789 385 auuumosu
1114 333 1179 400 233

161 498 303 576 quoniam
331 498 449 559 sublato
477 499 575 577 capite
602 517 707 575 parere
734 517 795 558 non
817 501 971 575 poterant,
999 498 1180 578 singultibus

161 587 317 668 sanguinis
330 587 584 648 monstrabantur.
622 591 687 647 utro
701 589 845 662 tepefacto
863 605 964 648 cruore
977 591 1057 648 terra
1070 591 1181 662 torique

159 679 293 738 madan:
314 679 418 737 tantus
437 697 472 737 ex
490 677 593 737 multis
612 677 808 738 cadaveribus
831 677 932 737 fuerat
949 696 1038 737 eruor
1061 679 1180 754 effusus,

160 771 195 828 ut
216 766 368 843 tepefacta
391 769 422 826 et
443 766 565 826 madida
583 768 689 826 effecta
707 765 821 826 fuerint
843 769 924 826 terra
946 766 1037 826 simul
1060 785 1095 826 ac
1112 767 1180 827 tori,

132 856 305 916 efeminino
327 858 358 915 et
378 857 545 916 masculino
567 855 699 916 neutrali
716 875 823 934 genere
846 856 986 931 occurrit,
1009 856 1091 933 quod
1113 857 1181 915 imi-

160 946 288 1006 tandum
311 947 370 1020 est,
397 964 464 1005 cum
488 943 527 1004 ad
549 945 721 1005 huiusmodi
747 946 914 1005 locutiones
936 944 1027 1004 fuerit
1049 947 1181 1006 ventum.

160 1039 289 1111 utruque
316 1034 412 1113 igitur
437 1034 616 1094 maduerunt
642 1036 802 1113 sauguine,
831 1037 959 1113 utraque
989 1033 1052 1095 eius
1083 1035 1180 1095 calore

159 1125 333 1201 tepuerant,
357 1123 395 1182 ad
418 1123 552 1182 omnium
570 1141 672 1182 necem
689 1124 847 1201 rospondit
864 1123 988 1185 diceudo
1011 1126 1078 1185 atro
1100 1127 1180 1201 tepe-

160 1214 244 1273 facta
266 1230 370 1272 cruore
392 1215 474 1273 terra
495 1214 615 1288 torique
637 1212 775 1287 madeut3
801 1213 834 1272 in
856 1217 937 1273 terra
959 1214 1040 1273 euim
1062 1213 1182 1274 fueraut

116 1320 143 1359 ro
160 1303 241 1363 servi
268 1304 299 1361 et
326 1301 445 1379 auriga,
473 1300 538 1378 ipse
568 1304 669 1361 autem
697 1302 835 1363 dominus
862 1303 894 1361 iu
921 1306 997 1362 toro.
1042 1320 1096 1362 000
1121 1321 1181 1362 nou

161 1393 379 1466 Taurorumque
400 1391 586 1465 Lamumque
609 1395 636 1451 ct
656 1392 790 1451 10000000
812 1391 990 1451 Semanous:
1016 1411 1085 1451 cum
1108 1391 1242 1452 dicituro

160 1499 214 1540 nac
237 1500 311 1552 uon,
338 1481 430 1540 etium
456 1482 511 1540 hos
534 1481 625 1540 Nisus
647 1481 837 1558 intellegitur
859 1481 1008 1542 occidisse.
1053 1481 1108 1539 illu
1130 1482 1181 1554 qui

156 1570 292 1645 plurimu
304 1574 385 1630 00010
403 1570 521 1639 lusum,
539 1570 596 1629 hoc
614 1572 661 1630 est
677 1570 809 1648 plurima
825 1573 912 1647 parte
930 1569 1027 1630 noctis
1044 1570 1180 1646 perinde·

161 1678 219 1736 que
241 1660 367 1734 maiore,
395 1658 478 1718 cuius
505 1659 646 1737 fatigatio
674 1659 814 1720 ebrietati
844 1661 1003 1719 coniuncta
1029 1659 1181 1719 bominem

116 1764 142 1804 re
159 1768 222 1808 non
258 1766 376 1823 somno,
415 1748 467 1807 sed
503 1748 672 1824 sepulturae
708 1748 884 1809 tradiderat
942 1749 1069 1823 10010010
1103 1750 1181 1822 facie

160 1839 306 1911 multoque
327 1839 441 1897 iacebat
462 1839 593 1897 membra
615 1838 798 1898 0100οἱ01οε0
830 1838 944 1898 ebrium
972 1837 1180 1898 tautummodo

160 1929 229 1988 vult
255 1928 348 1987 istum
375 1926 530 1986 ostendere
554 1946 645 2003 qnam
672 1946 777 1988 somno
801 1946 989 2005 oppressum,
1017 1927 1098 2004 quod
1120 1928 1182 1987 fuit

161 2016 261 2095 peius,
288 2018 323 2076 ut
346 2016 409 2077 solo
439 2015 509 2077 vino
533 2019 692 2094 superatus
721 2017 764 2079 sic
790 2017 902 2079 iaceret
928 2021 964 2078 ut
990 2017 1038 2078 illi
1066 2017 1119 2095 qui
1146 2036 1181 2077 ex

159 2110 289 2183 utroque
302 2106 423 2165 fuerant
436 2106 505 2165 fusi.
540 2107 621 2180 felic,
640 2108 668 2166 si
684 2110 820 2181 protinus
833 2108 918 2167 ilbrun
937 2113 1089 2181 aequasset
1105 2109 1182 2167 00011

116 2212 143 2251 ru
161 2197 266 2255 1001000
276 2197 309 2254 iu
324 2196 695 2267 10000000101000010110
709 2200 795 2272 esset,
809 2198 835 2257 si
848 2199 955 2258 ludum
968 2199 1034 2257 toto
1048 2199 1181 2274 tempore

161 2286 259 2345 noctis
273 2287 439 2361 aequasset,
457 2284 513 2344 hoc
532 2288 577 2345 est
595 2288 775 2346 continuans
788 2289 1007 2363 perseverasset
1024 2288 1057 2345 in
1075 2288 1180 2346 lucem.

160 2376 299 2448 inpastus
321 2391 374 2433 000
391 2375 483 2449 plenu
510 2374 552 2433 leo
571 2393 627 2450 per
648 2377 739 2435 ouilia
766 2378 902 2445 10010000,
930 2377 986 2435 hoe
1010 2378 1056 2435 est
1077 2375 1181 2434 turbas

162 2464 246 2522 daus.
282 2463 436 2539 inpastum
454 2462 531 2522 dixit
549 2463 741 2539 esurientem3
764 2465 912 2524 feritatem
937 2464 1049 2541 quippe
1067 2463 1181 2523 bestiae

162 2552 354 2629 conduplicat
376 2552 479 2611 fames.
515 2553 597 2612 leoni
614 2554 792 2631 conparavit
813 2553 935 2628 Nisum,
957 2553 1087 2612 Rutulos
1110 2572 1181 2613 vero

115 2657 143 2697 as
160 2641 342 2701 inertissime
366 2641 542 2701 animalium
565 2642 675 2719 generi.
712 2642 831 2715 (suadet
848 2643 926 2701 00100
942 2659 1054 2702 000000
1071 2642 1180 2715 fumes)
1192 2650 1243 2700 340

160 2732 331 2803 manditque
362 2732 505 2803 trahitque
535 2732 621 2790 molle
649 2748 739 2804 pecus
767 2730 953 2806 [mutumque
981 2729 1090 2806 mqu:
1121 2731 1180 2790 duo

162 2822 313 2897 oportuna
335 2819 464 2896 praedae
488 2820 700 2894 conficiendae,
723 2819 817 2880 leonis
840 2821 934 2879 fames
958 2822 989 2879 et
1010 2820 1181 2880 teneritudo

162 2909 316 2969 animalis:
340 2909 500 2969 accedebat
518 2909 597 2968 enim
619 2908 767 2968 timiditas
788 2908 902 2985 pecoris
921 2911 1032 2968 natura
1049 2909 1181 2984 veniens,

163 2999 244 3075 quod
275 2999 372 3059 nescit
405 2999 534 3058 clamare
569 2998 640 3057 dum
668 2998 792 3075 petitur.
844 3016 910 3057 0000
940 3002 1055 3074 quanta
1084 3000 1182 3077 gloria

116 3102 143 3142 ³⁰
161 3088 374 3162 Troianorum,
402 3091 550 3163 quantum
571 3088 752 3147 Rutulorum
774 3086 947 3147 ludibrium.
993 3091 1181 3164 conparatur,

162 3181 197 3237 ut
219 3177 334 3237 dictum
356 3179 415 3252 est,
437 3177 528 3236 Nisus
551 3178 631 3236 leoni
661 3180 693 3236 et
719 3177 824 3236 ovibus
846 3177 963 3236 Rutuli.
1007 3194 1060 3235 cco
1085 3178 1182 3236 minor

162 3266 294 3341 Fbcrpalc‘
323 3266 437 3336 caedes,
467 3267 604 3325 10000000
634 3271 660 3326 ct
688 3268 751 3339 ipse
774 3267 907 3340 perfurit
935 3284 971 3326 00
998 3267 1122 3325 multam
1149 3268 1182 3325 ln

234 3434 419 3502 tfuerintV
441 3437 495 3491 -001
513 3435 556 3490 ed.
587 3436 590 3508 l
624 3438 733 3491 auctori
747 3435 773 3489 V
792 3453 861 3490 corr.
881 3436 925 3490 ed.
998 3442 1014 3490 6
1038 3438 1183 3492 locutionis

161 3506 246 3561 Ved.
310 3512 342 3559 11
362 3512 578 3577 tommyrumque
591 3505 625 3560 V.
689 3512 722 3560 115
740 3507 827 3562 sedV
844 3508 961 3576 000001
979 3507 1022 3561 ed.
1085 3514 1118 3561 16
1138 3509 1183 3564 010-

161 3580 251 3633 cictuc
275 3594 327 3646 pro
352 3577 559 3633 0000101001.
641 3583 674 3631 11
698 3594 781 3646 quum
799 3578 825 3633 V
845 3596 923 3649 quem
946 3578 990 3633 ed.
1065 3584 1096 3632 19
1124 3580 1185 3645 (00-

161 3657 236 3771 mil
250 3647 276 3702 V
269 3650 427 3771 mp'ocelumt
453 3649 494 3704 ed,
568 3655 603 3705 26
630 3654 791 3723 mutumque
818 3658 894 3710 ructu
922 3650 1007 3707 deest
1027 3650 1066 3705 iu
1079 3648 1210 3715 ’1Ὶο00

159 3738 212 3787 erp
234 3735 267 3772 ca
313 3758 320 3771 .
