2725 4150
545 334 795 391 mnnmosvn
1136 336 1179 404 57

160 507 192 566 in
223 524 317 565 unam
349 523 450 565 omnes
482 504 663 565 sententiam
694 503 900 583 redigerentur
931 507 963 565 et
998 503 1182 565 eontrarium

161 595 317 656 sentiendo
340 594 417 654 nihil
439 597 544 655 eontra
565 594 691 654 Iunonis
713 597 786 654 vota
807 594 990 671 perficerent.
1035 595 1084 653 ille
1106 595 1183 654 inter

160 689 253 744 uestes
271 688 298 743 et
315 685 392 743 leuia
404 688 526 758 pectora
544 684 647 757 lapsus
664 683 807 742 uoluitur:
829 701 949 760 serpens
971 683 1051 743 inter
1068 685 1245 748 vestemeeo

161 777 192 835 et
209 773 344 833 mulieris
362 773 548 834 levissimum
565 775 670 849 peetus
688 772 874 832 volvebatur.
902 777 1012 832 araon
1029 773 1119 842 narn,
1139 774 1183 833 sio

134 867 273 938 stamen,
296 864 332 922 ut
353 864 453 922 tactim
477 862 540 922 eius
563 881 624 921 non
642 861 830 921 sentirentur.
872 863 1006 936 fallitque
1022 863 1183 935 furentem·

160 953 251 1017 fauile
275 952 355 1010 anim
377 951 438 1010 fuit
456 970 523 1011 eam
539 950 658 1011 insidiis
676 951 782 1010 fallare
801 971 878 1028 quae
896 951 1047 1030 integrum
1068 953 1184 1010 statum

161 1041 271 1101 mentis
303 1042 365 1100 iam
396 1060 457 1099 non
488 1040 620 1100 haberet.
665 1041 814 1113 vipeream
844 1042 1000 1113 inspirans
1037 1041 1184 1100 animam:

161 1135 197 1192 ut
225 1130 351 1207 depulso
380 1129 505 1189 hnmani
539 1147 644 1190 sensus
671 1130 776 1207 vigore
803 1129 843 1188 ad
869 1149 936 1189 eam
962 1129 1185 1208 malignitatem

161 1220 349 1298 redigeretur
381 1238 443 1295 qua
474 1219 576 1278 fuerat
608 1236 737 1295 serpens.
783 1237 848 1278 eane
881 1218 967 1278 addit
1002 1221 1184 1296 pererrantis

123 1311 260 1386 suipsius
290 1309 435 1384 serpentis
471 1308 613 1384 speeiem,
644 1310 691 1380 fit,
715 1309 829 1384 inquit,
861 1309 954 1367 tortile
977 1310 1048 1368 eollo
1076 1327 1185 1368 aunam

162 1400 267 1473 inpens
294 1398 423 1456 coluber:
459 1416 528 1457 eum
559 1399 637 1457 esset
667 1416 796 1475 magnae
827 1396 1025 1474 longitudinis
1056 1398 1185 1473 coluber,

163 1490 208 1547 sie
238 1506 269 1546 se
300 1488 376 1546 eollo
406 1489 535 1546 Amatae
564 1487 736 1546 involverat
758 1489 916 1564 tamquam
939 1506 1046 1545 aurum
1073 1487 1183 1546 tortile.

162 1579 197 1649 (it
220 1577 324 1650 lonpae
345 1578 446 1635 taenia
471 1578 560 1635 uittae
586 1577 760 1649 innectitque
788 1593 899 1635 eomas·
928 1595 964 1633 ex
989 1594 1063 1634 auro
1086 1576 1185 1635 tortili

162 1683 267 1726 versus
287 1666 382 1725 estin
400 1666 541 1725 taeniam.
573 1666 690 1740 taenia,
708 1666 823 1742 inquit,
841 1667 897 1724 hoe
916 1667 962 1724 ast
980 1664 1071 1725 vitta:
1089 1665 1184 1725 vittae

123 1774 146 1814 re
164 1755 346 1834 significatio
367 1754 498 1814 ostendit
516 1754 719 1832 prolixitatem
739 1759 769 1814 et
791 1753 1025 1832 longitudinem,
1048 1754 1186 1814 nectebat
1224 1823 1226 1830 Ι

162 1845 260 1923 igitur
292 1862 392 1904 eomas
424 1846 489 1903 eius
520 1847 556 1902 ut
587 1844 673 1904 vitta.
720 1849 746 1902 et
771 1845 909 1903 membris
936 1845 1066 1903 tetriores
1093 1849 1187 1903 errat:

165 1954 184 1993 a
207 1934 340 2010 eorporis
362 1933 499 2010 partibus
522 1932 657 1992 membra
680 1932 782 1992 omnia
804 1934 1001 2012 generalitate
1030 1933 1186 2009 conclusit,

164 2042 202 2083 ne
223 2023 276 2083 ille
304 2023 439 2100 aliquam
465 2025 583 2099 partem
610 2041 670 2081 non
698 2021 850 2083 videretur
876 2025 1012 2084 intrasse.
1058 2041 1094 2083 ae
1116 2023 1187 2083 mam

159 2115 264 2187 prima
292 2114 355 2171 lues
381 2113 440 2171 ndo
467 2113 610 2186 sublapsa
637 2129 746 2171 aeaeae
769 2117 945 2187 pertemptat
971 2131 1075 2172 sensus
1102 2118 1249 2186 atanetee

124 2221 147 2260 n
164 2204 281 2262 ossibus
302 2202 426 2275 inplicat
447 2203 544 2276 ipnem
566 2202 690 2259 necdum
708 2204 827 2261 animus
850 2207 905 2261 toto
928 2204 1057 2275 percepit
1073 2208 1188 2275 pectore

163 2295 331 2364 flammam,
349 2291 467 2349 mollins
485 2295 511 2350 et
528 2291 612 2350 solito
629 2295 759 2350 matrum
777 2292 812 2350 rte
829 2309 909 2350 more
927 2292 1023 2350 locuta
1041 2296 1083 2350 est
1094 2293 1189 2351 multa

164 2399 255 2455 super
283 2384 373 2439 natae
401 2381 563 2439 laerimans
589 2380 781 2454 Plorppiispue
811 2380 993 2454 lpmmaeis:
1025 2384 1189 2455 antequam

165 2491 233 2530 eam
257 2469 378 2528 furialis
395 2470 461 2529 lues
478 2468 616 2528 incendio
634 2469 802 2529 robustiore
821 2470 1002 2542 flammaret,
1026 2472 1189 2545 antequam

165 2579 234 2620 ossa
253 2558 318 2617 eius
338 2578 372 2617 ao
390 2559 537 2618 medullas
555 2577 670 2618 venena
688 2558 860 2636 plenissime
878 2556 1078 2634 possiderent,
1097 2557 1188 2617 verba

127 2664 149 2704 u
165 2668 235 2709 eum
256 2647 367 2706 marita
389 2648 509 2722 habuit,
532 2666 586 2706 nee
609 2647 750 2707 lacrimae
774 2646 904 2722 deerant,
928 2665 996 2705 eum
1013 2646 1069 2706 illa
1085 2648 1187 2723 loque-

164 2742 262 2812 retur,
288 2739 324 2795 ut
346 2736 488 2795 habitura
511 2755 677 2796 sermonem
705 2755 794 2813 super
820 2735 900 2795 filiae
928 2738 1007 2796 votis
1035 2756 1071 2797 aa
1093 2737 1189 2796 Turni

164 2826 272 2887 matris
306 2826 404 2885 officio
436 2826 523 2903 fungi
554 2826 707 2884 videretur
739 2845 831 2902 quam
857 2826 959 2886 furore
988 2826 1189 2904 praecipitata

165 2918 295 2977 nesciret
318 2915 392 2991 quid
415 2915 533 2975 diceret.

237 3005 426 3064 Ennlibusue
448 3005 537 3063 datur
560 3004 695 3063 ducenda
719 3004 853 3063 Lauinia
872 3006 1006 3074 Teneris,
1030 3023 1046 3065 o
1067 3007 1251 3079 penitor,360

131 3108 152 3148 n
167 3113 219 3155 nee
244 3099 271 3153 te
297 3095 414 3154 miseret
439 3098 583 3165 nataeque
610 3095 708 3165 tuique
735 3111 787 3152 nee
813 3096 919 3153 matris
945 3096 1072 3163 miseret,
1101 3111 1190 3165 quam

163 3186 263 3259 primo
282 3184 418 3255 apulum
434 3184 578 3256 relinquet
589 3183 727 3255 perfidus
745 3183 807 3242 alta
823 3188 924 3256 petens
937 3184 1064 3242 abducta
1077 3183 1190 3256 oirpine

165 3273 299 3347 praedo?
331 3277 363 3331 at
384 3290 444 3331 non
466 3273 509 3331 sie
526 3273 675 3346 Ptorppius
690 3276 825 3345 penetrat
842 3273 1067 3331 Lacedaemona
1088 3275 1191 3343 pastor

242 3443 462 3498 lredieerenturr
479 3442 506 3496 V
522 3442 614 3497 redae.
633 3442 677 3496 ed.
707 3441 711 3514 l
738 3444 879 3498 contraria
898 3440 941 3495 ed.
1015 3446 1147 3495 toestem
1164 3438 1191 3493 V

170 3522 253 3570 aemes
270 3513 358 3568 HOU
372 3514 415 3569 ed.
472 3521 487 3569 6
506 3514 631 3581 saeite-
647 3520 662 3566 't
678 3515 790 3569 haberet
808 3531 861 3568 om.
876 3511 961 3566 HOU
977 3512 1020 3566 ed.
1076 3517 1092 3566 8
1107 3513 1190 3581 pulso

173 3587 214 3641 ed.
270 3585 606 3655 9redieereturVredip.
622 3584 665 3640 ed.
718 3591 753 3641 10
771 3583 927 3658 spectari.
943 3582 956 3659 l
972 3584 1069 3655 inquit
1086 3582 1208 3640 ern„er

172 3664 205 3710 lt
217 3663 335 3711 er-14
348 3659 418 3711 artta
430 3658 557 3726 eorrupit
570 3658 616 3715 ed.
669 3665 705 3716 23
725 3662 921 3734 inflammaret
939 3658 989 3716 ed.
1043 3662 1080 3711 ‘n
1099 3648 1219 3726 quami

149 3728 248 3787 potem
259 3741 305 3789 qu.
326 3725 367 3778 ed.
444 3735 480 3783 28
498 3731 594 3789 dooere
613 3732 641 3798 'V
661 3754 737 3796 corr.
761 3738 809 3796 ed.
