2725 4150
193 331 261 398 562
478 327 930 384 oonsrrrnrsnravsaa.

265 499 350 559 Haec
366 498 419 557 abt
436 498 515 557 dieta
532 498 611 557 dedit
628 497 809 572 rapidasque
830 497 863 555 tn
881 500 955 556 tecta
971 494 1103 566 recessit,
1124 497 1217 572 porat

194 606 280 662 canas
297 588 459 663 candaosa
477 591 560 646 taens
578 591 645 646 ante
660 604 715 646 ora
732 587 892 660 frementis,
910 586 1049 645 Pitanaeo
1064 603 1140 660 aeros
1152 587 1216 661 ipsa

194 679 281 737 decas
299 678 379 736 dedit
392 675 541 750 Orithyia:
557 676 612 735 abi
628 677 703 746 haec
716 675 792 735 dixit
810 678 841 734 et
858 673 1011 753 ingressus
1025 677 1072 735 eet
1085 674 1216 751 domum,

194 766 319 844 produci
349 783 442 842 equos
471 765 574 841 iussit,
604 764 685 842 quod
717 767 819 824 autern
848 765 916 825 illos
946 764 1025 825 vidit
1053 763 1217 838 sternentis,

194 856 365 935 gratulatus
389 857 448 931 est,
470 854 675 914 arbitrabatur
698 853 778 913 enim
800 873 836 912 ex
858 871 961 912 eorum
983 854 1110 913 fremitu
1133 873 1216 914 omen
1240 867 1250 909 s

194 946 342 1022 optimum
368 961 501 1022 pugnae,
531 944 580 1003 eui
608 944 730 1003 fuerant
758 942 927 1003 necessarii.
972 943 1027 1003 hos
1056 962 1152 1021 equos
1181 942 1217 1003 ed

195 1036 333 1094 ornatum
362 1031 502 1109 Orithyia
531 1033 655 1092 dederat
684 1032 836 1107 Pilumno,
867 1051 924 1093 avo
954 1031 1089 1092 eiusdem
1117 1031 1217 1092 Turni

194 1124 244 1195 qa·
263 1123 389 1182 candore
406 1123 489 1181 ntaes
507 1123 662 1192 anteirent,
682 1122 817 1182 aretoas
836 1139 946 1181 annas:
969 1121 1125 1181 anteirent
1142 1140 1217 1183 com·

193 1231 282 1270 mune
306 1214 352 1271 est
373 1210 520 1289 positum,
547 1214 577 1271 et
604 1211 697 1271 colori
720 1212 830 1289 quippe
857 1210 1018 1287 respondet
1046 1212 1078 1269 et
1107 1210 1218 1272 mrsui:

193 1303 229 1360 ut
242 1303 283 1360 sit
297 1300 453 1360 anteibant
465 1301 512 1359 illi
525 1303 608 1362 nives
624 1301 761 1376 candore,
780 1299 937 1360 anteibant
951 1299 1090 1360 cursibus
1105 1302 1217 1362 ventos.
1231 1312 1250 1355 a

141 1403 176 1452 85
195 1391 384 1449 circumstant
407 1391 528 1464 moneri
557 1390 681 1465 aartaae
706 1391 900 1462 manibusque
929 1391 1078 1449 lacerant
1102 1393 1218 1463 pedara

190 1480 304 1554 planca
333 1480 428 1538 cacis·
458 1479 714 1539 circumdederant
744 1498 794 1538 eos
823 1477 955 1539 ministri
986 1477 1035 1538 sui
1062 1480 1096 1538 et
1126 1477 1219 1540 veluti

196 1567 377 1645 quibusdam
400 1567 573 1628 verberibus
595 1588 740 1628 manuum
759 1569 897 1628 futurum
916 1569 1067 1627 certamen
1091 1567 1218 1629 senna·

148 1725 150 1730 ¹
195 1657 276 1717 tibus
301 1656 533 1733 denuntiabant3
561 1676 635 1719 cava
658 1659 738 1717 enim
761 1676 867 1717 manus
895 1677 955 1717 non
979 1656 1115 1718 dolorem
1137 1656 1219 1732 facit

195 1746 248 1807 sed
271 1747 381 1806 excitat
404 1749 597 1807 certaturum.
634 1751 660 1805 et
682 1747 757 1807 colla
780 1747 927 1806 comantia
945 1749 1081 1821 pectant:
1108 1748 1252 1808 noranta

196 1836 287 1895 etiarn
307 1837 377 1911 equi
395 1835 468 1911 quid
486 1837 622 1895 futurum
641 1836 694 1911 sit,
716 1854 783 1895 cum
802 1834 959 1914 erigrmtur
976 1834 1151 1897 hortatibus
1170 1837 1220 1897 aut

196 1927 419 2003 conponuntur,
451 1927 487 1984 ut
517 1925 666 2003 placeant.
712 1926 775 1998 ipse
804 1926 908 1984 debinc
936 1942 1011 1984 aare
1040 1925 1220 1998 suadeam

197 2016 318 2089 alboane
340 2015 483 2075 annana
507 2015 669 2075 siranndat
691 2015 813 2074 loriaarn
834 2015 959 2074 anais:
980 2013 1036 2074 illa
1059 2015 1148 2092 equis
1172 2014 1219 2075 fle

195 2106 283 2178 bant,
314 2106 380 2182 ipse
411 2122 531 2182 quoque
563 2104 700 2164 sumebat
730 2103 917 2164 munimenta
947 2103 1081 2180 eorporis
1113 2106 1165 2165 eui
1192 2107 1220 2165 et

196 2193 328 2272 primum
346 2193 468 2272 quidem
486 2212 604 2253 umeros
620 2212 690 2253 suos
703 2194 798 2254 lorica
812 2193 1031 2268 encumdabat,
1054 2213 1135 2271 quae
1150 2211 1219 2256 auro
1233 2211 1254 2253 rr

198 2288 228 2343 et
250 2284 399 2343 orichalco
422 2282 482 2342 fuit
504 2282 669 2359 splendida.
707 2284 796 2342 sinant
819 2286 902 2357 aptat
919 2284 1066 2343 babendo:
1088 2286 1127 2344 ut
1149 2283 1220 2345 beue

196 2372 301 2432 haberi
322 2374 425 2448 posset
447 2374 478 2431 et
500 2372 584 2448 ferri,
608 2373 733 2450 aptabat
755 2373 832 2432 hanc
856 2372 1022 2451 diligenter.
1069 2390 1220 2448 mamone

197 2463 376 2535 clipeataque
399 2465 424 2519 et
446 2463 555 2521 rnbrae
577 2480 689 2522 carnaa
712 2462 831 2521 cristae:
854 2462 988 2521 adhaec
1012 2481 1135 2539 quoque
1157 2483 1219 2541 per·

197 2552 275 2609 tinet
298 2550 379 2628 quod
405 2550 482 2609 dixit
511 2551 601 2611 simul
630 2554 717 2628 aptat
743 2551 893 2627 habendo,
924 2551 1006 2629 quod
1037 2552 1119 2611 enim
1149 2553 1221 2613 bene

198 2642 321 2716 aptatur
343 2642 374 2699 et
396 2642 466 2717 apte
488 2641 585 2700 fertur
607 2643 775 2717 gestantem
797 2642 926 2717 relevat,
950 2642 1022 2717 quia
1040 2641 1140 2702 levius
1158 2641 1253 2702 red-s

145 2740 179 2789 90
198 2729 289 2788 ditur.
336 2746 445 2799 emam,
475 2747 560 2802 anem
586 2730 698 2789 Danno
725 2730 888 2805 tyntpotens
915 2731 986 2789 dens
1015 2731 1079 2802 ipse
1101 2730 1221 2805 parasti

196 2819 306 2891 fecerat
328 2821 355 2876 et
375 2817 477 2893 Strata
500 2819 670 2878 candentem
692 2820 820 2878 tinxerat
841 2820 939 2878 araa-
966 2818 1107 2879 laudavit
1130 2836 1220 2897 equos

199 2927 234 2966 ex
253 2906 407 2967 occasione
420 2907 502 2967 illius
518 2927 595 2985 quae
609 2908 732 2969 dederat
745 2907 894 2984 Pilumno,
913 2907 1018 2967 laudat
1032 2910 1063 2966 et
1077 2908 1221 2986 gladium,

199 2995 271 3073 quia
293 2996 379 3055 illum
397 2996 551 3057 Vulcanus
575 2998 637 3057 suis
659 2997 798 3057 manibus
822 2999 919 3058 eidem
941 2998 1055 3057 fecerat
1072 2996 1221 3057 Pilumno.

199 3088 230 3144 et
239 3084 346 3163 Stygia
359 3086 534 3146 candentem
548 3086 682 3145 tinxerat
695 3086 789 3146 unda:
804 3089 1058 3147 consecrationem
1070 3087 1222 3163 quandam
1235 3099 1254 3142 rr

200 3175 278 3235 ensis
307 3175 461 3235 ostendere
490 3176 589 3236 voluit
617 3176 743 3251 factam,
774 3176 846 3251 quia
875 3174 983 3254 Stygis
1012 3176 1095 3234 unda
1123 3177 1223 3237 fuerat

199 3266 324 3340 tinctus,
345 3267 381 3323 ut
399 3266 486 3341 quasi
504 3266 635 3325 invictus
654 3265 815 3325 haberetur
833 3269 863 3323 et
886 3283 1102 3342 quemeumque
1121 3266 1222 3326 vulne

273 3436 341 3490 ade
358 3436 418 3491 eins
434 3451 486 3504 pro
505 3436 586 3490 denes
601 3434 635 3489 V.
710 3436 831 3490 scolare
850 3434 875 3488 V
897 3452 965 3489 corr.
988 3435 1031 3489 ed.
1107 3441 1142 3491 18
1164 3453 1224 3492 aer·

202 3508 310 3564 barabas
329 3506 355 3560 V
376 3508 511 3562 carabus
536 3506 605 3561 edF.
637 3507 641 3578 l
674 3523 808 3561 nrananm
831 3523 885 3559 om.
906 3506 948 3560 ed.
1022 3511 1055 3560 22
1080 3514 1161 3576 aptat
1180 3507 1223 3564 ed.

202 3584 235 3632 23
268 3580 384 3649 clipeum
411 3577 437 3632 V
468 3595 519 3647 qne
551 3579 709 3632 atramento
743 3576 912 3646 suppletum.
997 3583 1031 3632 25
1056 3578 1224 3647 patamV

197 3658 329 3717 parrana
360 3650 403 3705 ed.
437 3656 552 3718 aptatae·
582 3666 640 3704 nos.
742 3654 775 3703 26
808 3649 871 3703 deos
898 3648 931 3701 V.
1032 3654 1066 3703 28
1098 3667 1171 3720 anae
1200 3650 1225 3704 V

197 3723 250 3793 qai
266 3722 310 3779 ed,
384 3726 418 3776 29
437 3722 568 3777 Pilumno
582 3721 608 3775 V
622 3721 665 3776 ed.
686 3722 791 3776 Danna
810 3721 852 3775 ait
870 3721 954 3791 Verg.
