2725 4150
202 351 246 418 62
485 350 626 407 DONATI
642 351 812 406 INTERPR.
827 349 937 408 vulto.

200 519 273 578 telis
296 519 444 598 virginem
466 523 567 579 sumat
584 522 639 598 qui
656 523 762 580 ventos
780 520 927 600 fugitivus
946 522 1088 599 expectet.
1126 519 1219 581 habes

201 610 359 667 externum
395 610 578 669 'consortium
609 610 717 685 Turni,
754 630 844 687 quem
876 610 902 669 si
934 609 1019 670 nobis
1056 609 1219 686 'aliquando

202 696 331 756 adfinem
347 697 426 758 'ratio
444 700 588 776 temporis
606 699 692 775 fecit,
714 701 845 777 repetita
862 702 963 759 tamen
982 699 1065 777 origo
1085 700 1221 776 superior

201 789 233 846 et
255 786 318 847 eius
341 789 492 848 numerati
513 789 643 848 maiores
663 791 694 848 et
712 788 810 865 patria
828 808 887 865 quo
906 789 1025 847 nomine
1043 787 1151 847 debeat
1169 808 1221 864 ap·

201 876 459 952 pellarieridenti
477 877 695 956 significatione
713 879 932 938 monstrabunt.
960 878 1089 938 mutatio
1108 877 1221 954 quippe
1249 894 1260 936 s

201 968 348 1026 terrerum
378 966 525 1044 originem
552 967 695 1026 nascendi
723 987 783 1027 non
812 970 919 1027 mutat.
968 967 1098 1026 Inachus
1120 967 1169 1026 illi
1191 968 1223 1026 et

201 1055 336 1115 Acrisius
363 1058 491 1115 maiores
516 1059 712 1116 numerantur
735 1060 765 1116 et
787 1057 980 1135 Mycenarum
1003 1056 1092 1115 illum
1114 1058 1221 1116 civitas

202 1147 293 1204 tenet.
334 1148 414 1204 cives
437 1145 497 1204 dici
512 1189 1221 1206 ...........................

345 1233 428 1293 deest
448 1235 658 1311 interpretatio
681 1254 776 1312 usque
799 1235 838 1295 ad
860 1253 979 1295 versum
1003 1236 1076 1294 414.

275 1367 548 1385 .............
563 1327 704 1401 suscepta
721 1325 883 1385 sacerdotis
901 1343 1037 1401 persona,
1054 1327 1091 1383 ut
1107 1323 1222 1383 maiore
1239 1343 1262 1384 ro

139 1420 192 1469 415
202 1410 382 1471 auctoritate
411 1413 594 1489 loqueretur.
638 1415 755 1473 interea
782 1414 1019 1490 quampulchre
1043 1413 1147 1490 posuit
1168 1412 1222 1472 Ar·

202 1500 279 1561 lecto
301 1504 420 1562 torvam
443 1503 551 1563 faciem
574 1505 605 1562 et
626 1503 749 1563 furialia
766 1503 900 1562 membra
918 1502 1015 1578 exuit,
1033 1503 1106 1561 item
1123 1501 1224 1561 induit

202 1590 286 1650 albos
317 1610 385 1651 cum
414 1592 492 1652 vitta
521 1593 625 1651 crinist
669 1613 741 1653 nam
768 1592 852 1651 exuit
878 1595 908 1652 et
929 1591 1031 1650 induit
1053 1592 1096 1651 sic
1118 1593 1165 1651 est
1187 1592 1224 1650 ut

202 1683 248 1741 cst
275 1681 354 1739 illud
384 1700 450 1741 cum
476 1684 588 1741 vestem
616 1684 835 1758 permutamus,
859 1682 994 1740 exuimus
1018 1699 1111 1756 quam
1132 1680 1222 1741 babe-

201 1785 269 1829 mus
292 1772 323 1829 et
343 1770 497 1830 induimus
520 1770 655 1830 alteram.
696 1771 797 1830 induit
819 1770 902 1830 albos
926 1789 994 1829 cum
1016 1771 1095 1830 vitta
1117 1769 1223 1830 crinisc
1240 1787 1263 1828 ιι

139 1858 262 1918 ttooito
292 1860 425 1919 ostendit
454 1863 484 1919 et
513 1862 603 1920 crinis
631 1863 661 1920 et
684 1862 793 1920 vittam
818 1860 901 1938 albos
924 1860 1024 1919 fuisse.
1070 1863 1097 1918 et
1121 1860 1224 1918 iuvent

202 1952 270 2006 onte
298 1949 396 2007 ocutos
424 1949 471 2007 tis
500 1966 531 2008 so
561 1967 627 2008 cum
654 1951 773 2009 vocibus
802 1951 900 2022 offert:
944 1951 1023 2009 recte
1056 1951 1222 2008 commotae

201 2037 290 2097 vultu
321 2037 464 2114 apparuit
495 2038 656 2118 obiurgans
687 2040 839 2115 iuvenem,
872 2038 952 2116 quod
983 2039 1016 2098 in
1045 2056 1101 2099 sua
1130 2056 1224 2098 causa

201 2130 265 2185 tam
288 2128 388 2205 segnis
412 2130 566 2203 existeret,
590 2129 643 2206 qui
666 2133 697 2188 et
720 2130 852 2207 cogitare
875 2128 995 2187 deberet
1013 2128 1148 2205 pericula
1166 2146 1223 2188 suo

202 2219 233 2275 et
256 2217 364 2276 aetatis
388 2218 531 2295 suffragio
554 2222 657 2295 posset
679 2219 837 2278 adversum
860 2237 891 2278 se
913 2220 1048 2296 cogitata
1065 2217 1222 2293 depellere.
1240 2235 1265 2276 ao

203 2305 311 2376 Turne,
330 2310 370 2364 tot
386 2308 420 2364 tc
438 2323 555 2365 oosewm
572 2309 656 2380 fusos
668 2309 785 2380 potiere
804 2309 937 2367 totores?
973 2306 1095 2384 poteris,
1112 2305 1223 2382 inquit,

201 2396 267 2471 pati
289 2399 371 2471 tuos,
394 2396 506 2471 Turne,
531 2396 649 2456 labores
676 2396 803 2472 effundi,
830 2397 886 2455 hoc
912 2399 1040 2456 estnon
1063 2396 1222 2474 paulatim,

202 2485 254 2544 scd
281 2486 372 2545 semel
397 2484 542 2544 interire?
580 2484 717 2545 funditur
744 2486 823 2545 enim
850 2485 993 2563 quicquid
1014 2504 1074 2545 uno
1097 2486 1223 2561 inpulsu

201 2578 406 2652 contemptum
427 2574 558 2634 traditur
580 2577 686 2634 terrae.
722 2573 784 2650 [et]
805 2579 859 2634 tuo
876 2576 1046 2634 Dordoaite
1063 2575 1223 2634 transcribi

201 2669 316 2736 sceptro
338 2665 466 2723 colonis?
502 2666 534 2723 et
555 2664 715 2741 imperium
737 2664 799 2723 iam
816 2665 877 2723 tuis
895 2663 1010 2723 meritis
1029 2663 1165 2724 debitum
1183 2663 1223 2723 ad
1240 2679 1264 2721 rs

200 2752 341 2830 indignos
365 2757 396 2812 et
419 2754 549 2813 advenas
572 2755 636 2813 sine
659 2754 761 2814 labore
784 2753 934 2813 transire?
969 2754 1084 2831 patiere
1103 2745 1153 2813 bis
1176 2753 1222 2811 in·

274 2892 289 2940 6
308 2894 449 2942 conmutat
465 2887 492 2941 V
510 2888 563 2954 ed,
587 2888 636 2942 sed
660 2888 801 2944 sententia
824 2905 880 2942 uou
898 2894 987 2943 mutat
1003 2886 1131 2956 postulat
1149 2890 1178 2941 et
1196 2887 1222 2941 V

201 2963 349 3014 commutat
374 2957 494 3012 scribere
522 2960 606 3026 solet,
633 2977 719 3028 quare
745 2958 860 3014 correxi.
933 2965 949 3013 8
973 2961 1044 3014 cives
1062 2960 1119 3013 dici
1136 2957 1221 3013 VMO

202 3046 256 3084 om.
270 3027 296 3082 U
310 3030 367 3083 ed:
387 3033 453 3083 sunt
471 3030 540 3085 haec
558 3031 660 3085 ultima
677 3030 763 3085 verba
781 3032 832 3085 imi
849 3048 944 3085 versus
963 3030 1010 3084 fol.
1026 3035 1061 3084 50
1075 3029 1124 3083 Bb
1143 3031 1174 3084 in
1187 3028 1221 3095 V,

203 3119 266 3155 cum
291 3101 346 3155 fine
372 3102 507 3156 orationis
529 3102 648 3157 Amatae
672 3103 759 3171 periit
782 3103 978 3171 interpretatio
997 3120 1039 3156 vv.
1055 3107 1220 3156 tte-414:

201 3173 232 3226 in
251 3190 338 3243 marg.
353 3171 433 3227 infer.
448 3191 534 3227 manu
549 3175 705 3228 recentiore
721 3174 887 3228 adnotatum
905 3176 950 3230 hic
967 3175 1084 3228 muttum
1101 3175 1174 3229 deest
1187 3173 1221 3239 V;

203 3244 345 3299 defectum
373 3245 464 3313 spatio
492 3244 570 3299 brevi
598 3246 780 3315 signaverunt
804 3244 872 3312 ΜΠ,
900 3244 1012 3299 adiecta
1039 3245 1222 3299 adnotatione

203 3315 256 3371 OU
276 3316 319 3371 ed.
345 3316 473 3385 sequitur
494 3317 525 3370 in
542 3316 569 3370 V
586 3316 634 3371 fol.
654 3322 687 3370 51
707 3317 757 3370 Aa
783 3323 908 3385 suscepta
932 3316 1081 3371 sacerdotis
1101 3333 1222 3385 persona

202 3388 271 3441 item
290 3386 379 3441 MOU
401 3388 439 3455 (H
462 3389 618 3456 comparari
636 3389 736 3457 nequit
759 3388 794 3441 cf.
813 3388 926 3456 praeit:
949 3386 1019 3440 hacc
1037 3389 1143 3441 temere
1161 3406 1221 3441 mu-

201 3461 274 3512 tavit
292 3459 336 3514 cd.
355 3460 479 3527 praefixo
498 3461 630 3513 lemmate
648 3465 799 3514 415-419
820 3458 1138 3525 „Alecto-sacerdos“
1158 3476 1221 3513 cum

202 3546 295 3584 errore
309 3531 442 3596 ‚‚Beroe“
455 3548 507 3599 pro
522 3529 680 3600 ‚‚Calybe“‚
695 3547 779 3599 quem
795 3533 939 3599 tamquam
953 3528 1058 3583 Donati
1072 3530 1221 3585 lectionem

185 3599 313 3652 adnotat
324 3602 606 3675 Heyne-Wagner.
658 3608 691 3657 11
712 3604 821 3669 allecto,
840 3600 910 3655 alibi
928 3602 1014 3655 alecto
1027 3600 1061 3655 V.
1113 3607 1145 3656 17
1165 3619 1222 3657 rec·

171 3670 221 3717 m
244 3667 360 3728 Vcon:
381 3675 427 3730 cd.
502 3682 538 3733 21
556 3678 608 3747 fue
626 3676 659 3733 V.
732 3682 769 3732 24
788 3671 987 3731 caumont
1011 3678 1166 3725 contectum
1182 3673 1228 3724 ed.

156 3734 273 3796 (nescio
292 3758 335 3795 an
354 3751 460 3819 recte),
484 3751 492 3824 t
514 3758 543 3811 et
560 3769 620 3811 om,
636 3751 671 3809 V.
751 3755 790 3805 26
809 3746 917 3819 potiore
937 3759 993 3796 om.
1011 3740 1059 3794 ed.
