2725 4150
539 335 724 392 muumos
738 336 804 393 vm
1118 340 1180 406 141

165 511 309 571 venerant
321 509 454 583 Troiani,
467 510 521 567 aut
534 506 655 567 sublata
668 503 809 566 satietate
822 505 1047 567 interveniente.
1076 507 1182 568 deinde

163 601 228 676 ipso
252 598 350 658 officio
368 597 440 657 boni
457 596 585 673 hospitis
603 596 724 656 structus
744 595 913 658 conlocavit
931 597 1026 656 omnis
1044 597 1077 655 in
1096 596 1183 657 sedili

163 688 328 767 gramineo.
373 705 439 746 ecce
461 705 522 745 non
543 685 610 744 fieri
631 686 786 762 praecepit
807 687 845 744 ut
872 685 1036 763 longaevus
1065 688 1096 746 et
1121 706 1182 763 rex,

163 777 215 838 sed
228 778 293 855 ipse
306 795 360 854 per
373 795 404 836 se
417 774 615 834 humanitatis
628 775 804 851 plenissima
816 775 885 833 iura
899 775 1059 852 conplevit.
1086 776 1183 852 sedili,

132 867 275 945 uinquit‚
305 867 472 944 gramineo,
502 863 645 941 quoniam
667 864 700 923 in
723 882 842 924 nemore
866 863 1038 927 convivium
1064 864 1126 924 fuit
1152 866 1183 923 et

162 958 241 1017 ratio
259 956 336 1014 ritus
354 955 449 1032 ipsius
467 953 590 1014 sedendi
608 973 699 1030 quam
721 953 916 1013 accumbendi
938 953 1183 1014 consuetudinem

162 1047 283 1105 fecerat.
334 1046 466 1104 testatur
494 1044 551 1102 hoc
581 1043 681 1120 ipsum
714 1044 807 1101 etiam
839 1043 898 1103 alio
926 1043 991 1104 loco
1021 1042 1183 1122 Vergilius,

164 1135 291 1211 denique
313 1135 345 1192 in
365 1134 491 1210 septimo
514 1131 591 1191 libro
616 1123 711 1214 (174)
734 1132 812 1190 hanc
835 1131 938 1210 tetigit
959 1135 1091 1209 partem,
1113 1151 1183 1191 cum

163 1223 275 1283 diceret
297 1224 376 1298 „hoc
397 1222 459 1282 illis
483 1221 566 1280 ouria
588 1221 744 1298 templum,
766 1221 822 1279 hae
846 1220 942 1280 sacris
966 1221 1049 1282 sedes
1076 1223 1182 1299 epulis,

119 1329 145 1368 ro
162 1314 211 1373 hio
234 1313 327 1372 ariete
350 1330 435 1372 caeso
458 1309 611 1388 perpetuis
634 1309 718 1370 soliti
740 1313 842 1387 patres
865 1309 1018 1369 considere
1039 1310 1182 1371 mensis“.

162 1421 229 1462 ecce
251 1402 313 1461 illis
332 1401 483 1460 nobilibus
502 1418 620 1476 quoque
638 1419 700 1459 non
718 1398 828 1459 licebat
846 1399 1027 1459 accumbere.
1059 1404 1183 1478 propter

162 1493 295 1567 hospites
321 1491 418 1570 igitur
444 1491 535 1549 iussit
560 1489 666 1565 reponi
693 1489 798 1565 epulas
822 1492 852 1549 et
874 1489 997 1565 pocula,
1023 1488 1087 1565 ipse
1112 1508 1181 1550 vero

163 1581 333 1641 conlocavit
362 1578 457 1638 omnis
481 1578 626 1638 Troianos
654 1578 797 1638 sedilibus
825 1578 947 1638 structis
975 1596 1010 1637 ex
1036 1578 1182 1655 gramine.

159 1671 409 1743 praecipuumque
436 1673 497 1727 toro
525 1673 551 1727 ct
576 1668 673 1727 villosi
697 1665 777 1742 pelle
806 1667 897 1727 leonis
927 1668 1033 1741 occtpc'l
1057 1665 1182 1727 Aeacon

119 1758 292 1830 resecroque
319 1759 425 1817 incitat
454 1775 576 1817 ocum:
606 1761 642 1818 ut
672 1756 795 1816 sedendi
826 1757 933 1816 merito
966 1755 1182 1816 discerneretur

162 1848 281 1906 Aeneas
311 1847 364 1924 qui
392 1847 497 1906 ceteris
527 1846 627 1906 fuerat
655 1847 769 1923 potior,
799 1848 830 1906 et
852 1845 1009 1906 sublimem
1031 1846 1130 1906 locum
1153 1848 1182 1906 ei

163 1936 247 1995 dedit
270 1940 300 1996 et
323 1936 480 1996 cultiorem
502 1937 594 2013 atque
617 1937 759 1995 ornatum
780 1933 875 1996 leonis
897 1938 993 2013 tergo,
1012 1936 1093 2012 quod
1112 1931 1181 1996 conss

161 2026 301 2087 veniebat
314 2026 452 2086 Herculis
467 2024 569 2101 sacris,
583 2026 737 2129 egregiam
754 2044 873 2103 quoque
892 2025 998 2086 sellam
1011 2028 1042 2086 et
1054 2020 1183 2088 materia
1214 2043 1217 2050 ’

161 2117 294 2193 pretiosa
315 2117 488 2193 perfectam,
512 2134 589 2191 quae
611 2116 676 2175 eius
700 2116 843 2193 dignitati
865 2118 1050 2218 congrueret.
1096 2135 1181 2194 prac-

117 2221 144 2260 ao
161 2207 284 2283 cipuum
306 2205 382 2265 dixit
404 2206 589 2283 singularem
613 2208 643 2265 et
629 2206 821 2265 1.(01111111
819 2206 991 2264 wmlcctc'
979 2222 1099 2265 euvenus
1122 2223 1180 2264 cer·

161 2297 244 2354 latim
267 2311 394 2367 oraeque
415 2294 552 2353 sacerdos
574 2295 688 2353 cucero
711 2298 786 2353 tosto
807 2295 907 2368 ferunt
934 2299 1088 2353 taurorum
1114 2312 1181 2354 orec·
1170 2299 1243 2351 ·180

160 2389 285 2457 rerutque
325 2385 463 2443 canabis
504 2384 584 2443 dono
625 2384 740 2443 laborat
729 2388 776 2442 tae
818 2381 932 2442 Cereris
972 2384 1181 2455 Bacchumque

160 2476 345 2532 ministrant:
371 2474 432 2531 fuit
461 2472 582 2550 quide
611 2472 745 2532 ciborum
773 2472 894 2548 copiosa
921 2470 1105 2546 substantia,
1129 2472 1181 2531 sed

162 2562 275 2621 bubula
307 2581 389 2637 caro,
419 2563 506 2639 panis
536 2564 567 2621 et
595 2561 708 2623 viuum.
758 2558 831 2620 haec
857 2560 1020 2638 portabant
1049 2562 1180 2637 iuvenes,

116 2664 143 2705 es
161 2653 213 2728 qui
235 2652 401 2729 plurimum
423 2651 561 2728 plurimis
585 2651 778 2728 adponerent.
810 2649 916 2710 aderat
933 2649 1025 2708 etiam
1044 2649 1180 2709 sacerdos

160 2743 224 2817 ipse
247 2743 371 2818 propter
394 2742 497 2817 epulas
520 2758 634 2815 sacras,
656 2740 721 2816 ipse
750 2758 868 2816 quoque
895 2738 1086 2815 aliquantum
1113 2757 1181 2798 oum

160 2830 318 2890 iuvenibus
341 2833 471 2908 gestans.
512 2831 597 2889 nulla
618 2829 733 2889 interea
755 2830 790 2887 ut
813 2828 895 2905 apud
916 2846 1017 2907 regem
1041 2827 1179 2889 ambitio:

161 2918 320 2979 sedebatur
348 2920 432 2978 nullo
459 2919 590 2980 uestium
618 2918 753 2978 adhibito
781 2918 877 2993 cultu,
905 2934 974 2977 caro
1003 2918 1182 2994 portabatur

160 3009 313 3084 manibus,
344 3008 477 3085 copiosa,
501 3008 553 3068 sed
574 3007 702 3083 bubula,
730 3026 798 3067 assa
820 3006 853 3065 id
876 3010 922 3067 est
943 3026 1003 3067 non
1026 3007 1181 3084 aliquibus

115 3112 143 3151 oo
159 3097 292 3174 inpensis
311 3101 440 3174 excocta,
458 3098 546 3174 panis
564 3117 624 3157 non
639 3100 764 3175 argento
778 3096 953 3172 vehebatur,
966 3095 1018 3156 sed
1032 3096 1183 3171 canistris,

159 3187 263 3248 vinum
286 3188 427 3246 similiter
449 3185 678 3246 ministrabatur
699 3186 847 3247 ministris
870 3187 953 3246 nullo
981 3186 1067 3248 cultu
1094 3185 1180 3244 ador-

160 3280 248 3336 natis.
294 3278 367 3336 haec
390 3295 451 3335 non
474 3276 649 3353 simpliciter
677 3276 850 3354 accipienda
877 3278 948 3347 sunt
975 3267 1073 3356 (nam,
1101 3275 1180 3334 sicut

232 3514 568 3573 tiburtusVoommcd
627 3514 964 3585 oququuomodoed.
1022 3512 1179 3583 equamv

154 3590 289 3657 potione
304 3587 348 3644 ed.
399 3588 538 3643 Sinum.
553 3586 597 3643 ed.
648 3591 682 3641 14
700 3589 805 3656 accepit
793 3586 850 3643 t.V
902 3592 934 3640 17
949 3592 1030 3655 atquc
1044 3601 1097 3640 orn
1112 3583 1207 3717 ed&

160 3657 262 3729 crpoV
280 3666 353 3729 temo
370 3674 422 3713 nos
439 3659 618 3731 emesenam
636 3658 681 3716 ed.
758 3664 793 3715 ‘l'l
815 3655 959 3734 pestoaaV
986 3657 1105 3729 aaaron
1121 3654 1165 3706 (1

152 3748 198 3783 am
198 3731 267 3785 br'tee
283 3729 309 3783 V
322 3731 475 3790 ambitione
493 3734 538 3793 ed.
615 3739 652 3793 28
670 3676 831 3795 eostueu⁹
836 3750 912 3790 corr
930 3673 1003 3787 aul
