2725 4150
203 328 268 392 216
489 323 628 379 ΒΟΝΑΤΙ
645 323 815 378 INTERPR.
830 322 938 378 VERG.

203 512 263 552 non
291 512 341 552 ero
368 494 460 553 matri
486 496 557 552 tuae
584 491 697 552 doloris
725 511 828 566 causa,
855 511 892 551 ne
920 492 1045 552 consilia
1067 511 1135 550 mea
1156 490 1221 552 ictu

203 583 364 642 saevientis
392 581 530 642 orbitatis
560 585 686 641 accuset.
731 585 860 641 meretur
887 582 942 640 illa
964 601 1024 641 non
1048 582 1145 658 decipi
1170 580 1221 640 ad·

202 674 295 732 versis
323 672 443 732 casibus
469 672 538 730 tuis.
587 672 656 748 ipsa
688 673 733 730 est
765 672 849 731 cuius
878 671 1029 731 adfectum
1055 689 1110 730 nec
1137 672 1221 730 aetas

202 763 313 821 minuit
344 780 398 820 nec
434 760 596 838 longaevus
629 763 676 820 tot
709 761 939 838 navigationum
974 760 1060 819 labor
1095 759 1221 819 adflixit.

202 853 322 910 tantum
344 851 399 909 illa
422 851 586 927 praecipua
607 849 714 909 matris
737 851 833 926 partis
857 850 997 927 inplevit,
1014 851 1051 909 ut
1068 866 1221 908 remanen·
1251 863 1262 903 s

202 940 284 999 tibus
308 938 389 1016 apud
411 940 540 998 Acesten
562 941 609 998 tot
631 939 776 999 matribus
804 939 936 998 laborem
959 938 1137 1014 praetulerit
1159 939 1221 998 otio

203 1031 234 1088 et
269 1029 488 1088 humanitatem
521 1046 556 1088 ac
592 1027 764 1106 diligentias
795 1029 875 1088 tanti
906 1028 1034 1104 hospitis
1066 1030 1222 1104 spreverit.

203 1136 294 1194 quam
315 1120 405 1194 putas
427 1117 489 1177 illis
512 1118 697 1193 temporibus
721 1117 785 1176 eius
807 1118 1005 1177 intentionem
1027 1116 1140 1177 fuisse?
1178 1118 1220 1177 la·

202 1207 307 1265 borare
331 1207 548 1284 proculdubio
572 1210 676 1266 contra
704 1208 813 1266 aetatis
836 1206 975 1265 meritum
997 1208 1108 1266 maluit
1130 1225 1221 1282 quam

202 1296 306 1356 divelli
329 1317 347 1356 a
370 1296 577 1374 conspectibus
595 1297 667 1356 tuis.
705 1316 722 1356 o
739 1297 935 1372 praecipuum
953 1294 1088 1355 studium
1105 1296 1222 1370 matris,
1240 1309 1264 1350 1⁰

202 1405 220 1445 o
243 1389 340 1462 pietas
363 1388 395 1445 in
418 1388 539 1464 longam
557 1386 754 1463 propaganda
776 1385 964 1461 memoriam,
988 1405 1078 1462 quam
1101 1404 1155 1445 nec
1178 1386 1221 1444 la·

202 1475 256 1534 bor
278 1475 387 1535 terruit
409 1495 463 1535 nec
486 1476 667 1536 cessantium
690 1474 783 1533 traxit
810 1478 864 1533 aut
886 1476 1017 1534 mutavit
1040 1475 1221 1551 exemplum!

203 1567 318 1642 quanta
338 1564 495 1625 materiam
519 1565 609 1624 istam
632 1564 813 1638 subtilitate,
838 1566 951 1641 quanta
975 1566 1038 1623 arte
1062 1565 1222 1641 conclusit,

203 1656 336 1714 servavit
359 1658 469 1731 quippe
492 1653 642 1713 adfinem
665 1672 824 1730 personam
846 1653 952 1713 matris
975 1655 1006 1712 et
1027 1652 1136 1712 merita
1158 1652 1221 1714 eius

203 1744 357 1804 evidenter
386 1742 526 1804 ostendit.
572 1743 624 1803 sed
652 1742 704 1802 1116
737 1741 870 1802 animum
902 1761 1006 1820 gerens
1039 1742 1222 1818 reipublicae
1240 1755 1264 1796 1⁶

202 1832 401 1893 necessarium
419 1831 545 1909 privatis
564 1833 711 1908 praetulit
727 1832 808 1908 quo‘d
826 1832 981 1909 publicum
999 1831 1073 1907 fuit,
1092 1830 1221 1909 denique

140 1936 323 1991 asscensus,
337 1921 451 1998 inquit,
465 1923 656 1994 nequicquam
669 1923 759 1980 nectis
773 1922 875 1980 taonis
888 1938 941 1980 nec
953 1938 1019 1979 neco
1032 1922 1094 1980 tom
1107 1925 1222 1980 motolo

203 2012 519 2070 1666666166116666111.Ι
537 2031 628 2087 quam
643 2010 702 2070 cito
718 2011 923 2090 adlegationes
933 2009 1029 2069 omnis
1039 2010 1107 2069 Nisi
1117 2009 1223 2071 dissol-

202 2102 248 2159 vit
275 2100 399 2161 dicendo
426 2102 525 2160 inanis
553 2120 616 2161 esse
640 2120 745 2161 causas
770 2120 844 2177 quas
869 2101 908 2160 ad
930 2101 1152 2160 excusationem
1175 2104 1223 2161 sui

201 2190 324 2267 putavit
333 2209 397 2250 esse
406 2189 574 2250 nectendas.
593 2190 620 2249 si
629 2191 708 2250 enim
717 2209 821 2250 revera
831 2190 1064 2264 considerentur,
1073 2190 1221 2266 reperien-
1241 2202 1265 2243 11

201 2282 253 2338 tur
279 2299 382 2340 omnes
404 2280 487 2356 ipsae
511 2298 617 2339 causae
642 2299 660 2338 a
687 2279 871 2356 professione
894 2278 953 2338 viri
979 2280 1067 2339 fortis
1096 2280 1222 2341 alienae.

201 2388 357 2446 superesse
380 2370 460 2428 enim
477 2369 642 2445 Euryalum
664 2368 765 2428 voluit
786 2388 822 2427 ea
841 2368 980 2428 videlicet
1002 2386 1106 2442 causa,
1129 2390 1166 2429 ne
1190 2372 1222 2428 in

201 2458 306 2534 primis
330 2458 415 2518 annis
440 2458 637 2532 occumberet,
656 2459 745 2533 quasi
767 2457 798 2516 id
822 2458 941 2517 demum
966 2460 1069 2533 optare
1092 2458 1139 2517 vir
1161 2459 1222 2518 for·

200 2550 337 2608 tissimus
360 2549 477 2623 debeat,
500 2549 550 2607 cui
572 2547 731 2622 pulchrum
754 2549 853 2607 estin
877 2565 981 2623 campo
1005 2547 1106 2624 potius
1131 2567 1223 2623 quam

200 2638 233 2698 in
261 2638 370 2697 lectulo
398 2638 483 2696 mori.
530 2636 635 2695 dehinc
663 2637 835 2712 sepulturae
864 2635 1023 2696 subnexuit
1045 2637 1137 2695 aliam
1161 2658 1222 2714 qua
1242 2649 1265 2690 rs

200 2746 261 2786 non
276 2726 376 2786 decuit
393 2725 507 2786 moveri
520 2725 695 2801 sapientem.
728 2725 847 2802 quando
867 2728 946 2785 enim
960 2727 1095 2785 sentiunt
1109 2730 1223 2787 mortui

201 2817 390 2875 commodum
408 2814 599 2893 sepulturae?
627 2814 747 2891 quando
766 2818 863 2875 terrae
881 2814 1077 2875 beneficium?
1101 2816 1222 2891 quando

200 2904 378 2963 inferiarum
391 2904 556 2981 superfluas
572 2903 684 2980 dapes?
715 2906 835 2964 tertiam
854 2907 958 2980 posuit
970 2905 1076 2964 matris
1091 2924 1222 2980 causam,

201 3013 292 3070 quam
302 2995 423 3070 putavit
432 2993 649 3054 validissimam
657 2992 758 3068 Nisus,
773 2993 825 3055 sed
833 2996 929 3069 ipsam
939 3013 1058 3072 quoque
1070 2994 1222 3071 Euryalus

200 3083 320 3143 videtur
346 3083 480 3161 tetigisse
508 3088 539 3143 et
564 3082 765 3143 transmisisse
792 3103 847 3159 pro
875 3084 942 3143 levi.
989 3103 1042 3143 cur
1065 3085 1145 3143 enim
1167 3086 1222 3145 illa
1240 3096 1265 3137 ⁸0

201 3174 323 3251 gravim
342 3173 386 3231 fili
404 3174 505 3232 luctus
524 3172 680 3249 exciperet,
699 3171 726 3232 si
743 3172 831 3231 illum
849 3174 881 3231 in
900 3174 1060 3232 certamine
1074 3173 1221 3249 perderet,

201 3369 279 3417 testas
292 3361 380 3417 erisV
394 3363 544 3429 testificaris
558 3360 600 3414 ed.
645 3360 855 3415 tsaeoieatcsV
869 3360 912 3415 ed.
927 3363 1068 3415 saeviens?
1112 3368 1128 3416 5
1139 3380 1221 3431 proc-

201 3436 298 3502 cipuos
312 3433 355 3487 ed.
402 3433 604 3502 'ldilipenticne
618 3432 661 3486 ed.
711 3436 745 3485 10
759 3434 945 3501 corwpecta'bus
958 3434 1017 3487 cias
1030 3432 1055 3486 V
1070 3450 1092 3488 c.
1107 3437 1162 3489 tois
1177 3434 1219 3489 ed.

202 3512 236 3558 13
250 3512 383 3574 quantam
396 3507 540 3559 materiam
553 3503 579 3556 V
593 3520 661 3557 corr.
677 3503 721 3557 ed.
777 3508 810 3557 11
830 3504 946 3571 &cique
960 3503 985 3556 V
1003 3506 1050 3559 1116
1067 3512 1158 3559 autem
1176 3506 1220 3560 ed.

200 3582 235 3629 11
250 3593 350 3631 causae
359 3576 392 3631 V.
409 3577 411 3634 1
428 3577 520 3645 inquit
533 3591 586 3628 om.
598 3575 643 3629 ed.
678 3580 712 3628 13
727 3574 868 3630 demumV
883 3575 913 3628 id
926 3575 953 3628 d.
966 3592 1016 3628 nos
1031 3576 1140 3631 61616616
1154 3577 1221 3701 adp

179 3646 373 3708 fmtzeet'mum
399 3647 426 3704 V
448 3664 519 3705 corr.
546 3646 590 3702 ed.
663 3652 697 3701 25
723 3647 820 3703 (16166616
845 3646 887 3702 ed.
967 3650 1175 3715 resumentem

161 3719 400 3787 praecrffl'entem
421 3722 465 3781 ed.
545 3726 581 3778 29
598 3722 702 3795 putavi
714 3718 752 3776 V.
823 3724 859 3774 ab
875 3718 1098 3774 transmissus.
