2725 4150
547 317 731 373 mosmos
750 317 801 371 uu
1119 320 1185 387 633

161 487 250 547 mulis
275 489 381 546 contra
403 504 480 563 quae
509 487 657 546 maximus
687 487 773 546 labor
802 489 901 546 estet
930 488 1032 546 nullus
1056 489 1186 549 effeetus.

161 577 315 638 subnectit
342 576 556 652 apostrophum
585 575 617 634 in
641 595 703 653 qua
728 576 844 652 plenius
875 575 968 636 enimi
997 577 1044 636 sui
1070 576 1186 637 dolores

161 666 299 744 exponit:
326 666 389 725 iam
405 665 468 724 iam
490 665 589 739 linaro
607 665 698 734 acies
722 681 759 724 ae
776 684 822 725 me
840 670 940 725 terrete
958 667 1115 735 timentem,
1139 668 1249 732 obsco

161 772 267 815 scenae
293 755 437 822 coctores,
467 754 587 813 alcoraaa
613 756 735 814 corbem
761 772 847 814 nosco
875 755 1042 830 letalemque
1068 772 1188 815 sonam:

131 845 308 922 oquoniem
330 843 395 904 solu
422 843 571 903 nuntietis
598 843 725 904 adverso
752 846 783 903 et
809 844 881 904 novi
908 844 981 922 quid
1007 847 1105 904 vester
1136 845 1187 905 ad·

162 936 271 994 ventus
294 933 446 1008 ostendat,
469 933 613 992 obscenae
635 932 787 1008 volueres,
815 934 953 1010 relinquo
977 933 1055 994 acies
1079 935 1187 1011 quibus

163 1022 310 1100 opitulari
323 1041 383 1080 non
401 1040 538 1098 possum:
556 1022 698 1100 intellego
718 1022 791 1098 quid
804 1023 945 1083 infaustis
964 1023 1081 1083 alarum
1099 1025 1187 1083 moti-

162 1112 218 1173 bus
242 1111 317 1172 meis
339 1110 483 1172 nuntietis
506 1111 710 1172 incommodis.
747 1129 799 1171 aec
821 1113 932 1185 follicat
953 1114 1038 1173 tasso
1060 1115 1187 1188 soaperba

162 1202 350 1277 mayaaaime‘
376 1201 473 1260 Iocis:
501 1201 573 1260 baec
596 1218 652 1275 pro
679 1202 848 1276 oiryiac'tate
874 1203 1007 1276 reporto?
1044 1221 1104 1262 non
1130 1223 1188 1280 me,

121 1305 146 1345 ro
162 1291 272 1369 inquit,
290 1289 372 1349 fallit
390 1289 533 1368 quicquid
546 1290 684 1368 Iuppiter
696 1291 789 1362 iubet,
807 1294 907 1350 totum
926 1294 995 1351 unte
1013 1292 1188 1369 praevideat

162 1380 219 1440 hoe
238 1384 285 1440 est
301 1381 470 1457 praemium
488 1379 568 1457 quod
586 1380 659 1438 mihi
678 1399 733 1457 pro
752 1382 855 1457 erepto
873 1380 1058 1459 virginitatis
1076 1376 1188 1442 hono're

163 1470 307 1545 eontulit,
328 1472 365 1529 ut
385 1472 455 1529 ente
472 1470 595 1548 lugeam
612 1469 737 1529 fratrem
756 1489 846 1545 quum
864 1470 946 1530 illius
965 1472 1061 1531 vitam
1078 1472 1188 1532 ultima

163 1559 229 1619 fato
247 1558 436 1620 concludent.
469 1576 524 1632 aceo
541 1560 634 1618 citam
652 1559 732 1618 acac
749 1561 918 1620 maleam?
942 1578 994 1620 car
1013 1560 1115 1620 mortis
1134 1561 1186 1620 ad-

164 1652 261 1722 empta
282 1652 325 1708 est
347 1648 495 1708 cnaeus
513 1665 631 1721 possem
653 1652 750 1708 matos
766 1649 855 1720 [taire
878 1649 991 1710 acures
1012 1668 1092 1710 acac
1114 1654 1249 1718 certesso

127 1743 189 1798 uel
209 1738 317 1797 misero
335 1737 426 1811 fratri
444 1754 536 1797 comes
553 1739 597 1796 ire
613 1754 667 1811 per
684 1740 821 1798 mabras:
842 1739 874 1796 in
895 1739 1077 1799 contrarium
1095 1739 1188 1800 vertit

164 1827 245 1904 qnod
267 1826 344 1886 milri
360 1846 416 1904 pro
434 1845 556 1886 munere
574 1826 775 1902 beneficioque
794 1846 965 1888 concessum
984 1831 1042 1903 ost,
1066 1829 1185 1905 quando

164 1935 216 1976 neo
234 1916 324 1976 fratri
346 1916 502 1976 subvenire
520 1919 557 1975 ut
574 1917 745 1976 inmortalis
763 1935 885 1993 possum
906 1937 960 1977 nec
977 1919 1100 1977 interire
1119 1937 1186 1977 eum

164 2005 257 2066 uano
280 2024 359 2084 quae
382 2024 448 2065 sum
470 2007 544 2065 neta
566 2007 711 2066 mortuis.
752 2006 909 2065 finirentur
933 2008 1045 2086 quippe
1069 2008 1185 2068 dolores

164 2097 222 2155 mei
245 2098 277 2155 et
299 2096 444 2172 quicquid
467 2096 601 2155 animum
620 2097 737 2155 cruciat
759 2096 893 2156 condicio
916 2098 1022 2157 mortis
1045 2098 1186 2173 auferret,

131 2189 240 2245 ¹⁰serto
258 2185 335 2244 irem
353 2185 392 2244 nd
409 2185 560 2244 infernum
577 2186 693 2262 pariter
711 2188 742 2245 et
755 2186 869 2246 sociate
888 2186 976 2246 fratri
995 2187 1078 2246 sedes
1096 2187 1187 2247 Erebi

164 2275 291 2335 libenter
309 2274 489 2352 adpeterom„
524 2275 585 2334 alia
604 2276 789 2352 apostropha
807 2276 957 2352 adipsum
975 2277 1099 2336 fratrem
1118 2295 1186 2336 cum

164 2363 329 2425 necessaris
350 2366 570 2441 propositione:
591 2365 758 2424 imaortalls
778 2367 845 2439 cao!
871 2365 1053 2440 inmortalis,
1075 2365 1186 2441 inquit,

165 2453 257 2530 dicor,
287 2453 356 2513 iude
379 2454 483 2512 infelix
507 2453 585 2512 undo
612 2474 659 2512 me
682 2454 803 2513 beatam
830 2453 1004 2514 existimant
1029 2454 1095 2528 alii,
1125 2474 1185 2514 uon

164 2542 257 2603 honor
275 2546 322 2603 est
339 2542 405 2619 iste,
424 2542 476 2603 sed
494 2562 598 2619 poene.
627 2547 680 2602 aat
693 2545 848 2617 quicquam
864 2543 937 2602 mibi
955 2545 1038 2603 dolce
1055 2561 1185 2610 mearam

129 2635 277 2702 noane,
295 2636 398 2707 flata,
413 2634 488 2691 erit?
510 2632 598 2708 qussi
614 2632 733 2692 demum
749 2632 825 2691 mihi
844 2633 961 2708 aliquid
980 2634 1065 2692 dulce
1084 2651 1185 2711 super·

163 2721 300 2783 futurum
323 2722 377 2797 sit,
405 2740 472 2781 eum
495 2723 575 2781 inter
596 2720 675 2781 bone
702 2740 771 2780 mes
797 2741 858 2782 nou
880 2722 973 2782 fuerit
994 2722 1185 2783 incolumitas

163 2813 221 2873 tua.
260 2828 277 2871 o
300 2828 375 2884 qaae
396 2811 470 2871 satis
492 2812 554 2871 ima
577 2811 707 2870 dehiscat
728 2814 808 2870 terra
830 2811 902 2870 mibi
924 2813 1077 2886 macieque
1099 2813 1186 2871 deam

163 2900 292 2960 mitat
316 2900 357 2959 ad
382 2901 476 2959 imos?
506 2903 597 2977 atquc
623 2902 741 2959 utinum
771 2903 875 2960 contra
898 2900 1069 2961 istiusmodi
1098 2900 1185 2960 bene·

233 3076 250 3124 3
276 3071 424 3127 obscoenae
444 3070 468 3123 V
492 3070 573 3140 (olibi
598 3072 745 3139 obscenae).
819 3077 834 3125 5
856 3072 987 3140 samiam
1004 3070 1030 3124 V
1052 3072 1184 3140 quomodo

163 3143 204 3197 ed.
233 3142 237 3213 Ι
267 3149 294 3197 et
310 3144 376 3197 noui
393 3141 499 3211 qaidV
517 3144 582 3197 aaut
600 3149 626 3198 et
644 3144 712 3212 qaid
730 3143 772 3197 ed.
847 3148 862 3196 9
886 3149 991 3211 reperto
1008 3141 1035 3195 V
1055 3158 1122 3213 ergo
1143 3159 1185 3197 re-

160 3220 239 3282 pono
257 3214 291 3267 nt
309 3212 331 3268 Ο
351 3213 451 3282 scripsi
469 3216 577 3282 reponit
589 3214 617 3267 H
630 3214 674 3268 ed.
695 3216 723 3268 et
741 3213 825 3283 Verg.
845 3213 912 3267 libri
930 3213 1046 3282 interpr.
1066 3212 1184 3267 dubium

162 3284 304 3353 relinquit.
366 3290 399 3339 10
415 3286 579 3354 praesidebo
598 3284 679 3340 Oed.
739 3292 770 3338 11
787 3302 839 3353 per
857 3286 920 3340 eoae
976 3287 1076 3341 tioaem
1093 3287 1185 3354 iuquit

162 3358 226 3425 post
242 3359 400 3425 praemium
421 3357 541 3411 inseruit
564 3356 607 3411 ed.
632 3373 689 3411 non
707 3356 834 3411 habotV
853 3373 904 3411 uec
951 3355 982 3411 0.
1056 3360 1090 3409 19
1113 3363 1139 3411 et
1158 3356 1185 3410 V

162 3435 191 3483 ot
215 3427 261 3482 ed.
339 3433 373 3482 20
396 3430 537 3495 infernam
557 3428 582 3480 V
605 3445 691 3484 -aam
716 3445 768 3483 nos
793 3446 850 3482 -ao
872 3428 915 3483 ed.
947 3428 949 3498 l
980 3430 1090 3497 pariter
1113 3435 1138 3483 et
1158 3428 1184 3482 V

159 3501 225 3567 pari
248 3498 292 3553 ed.
323 3500 326 3568 Ι
359 3500 436 3555 sedeo
453 3499 478 3552 V
497 3505 521 3554 et
539 3516 560 3553 s.
580 3500 624 3553 ed.
655 3499 658 3570 l
694 3501 766 3556 erebi
787 3499 811 3552 V
834 3500 941 3566 taferas
964 3499 1007 3555 ed.
1081 3504 1115 3552 24
1137 3501 1184 3555 bo-

161 3587 240 3627 aeres
254 3570 280 3624 V
297 3572 384 3625 boaor
401 3578 441 3626 est
458 3587 527 3625 corr.
547 3571 591 3625 ed.
613 3570 632 3696 A
658 3572 728 3627 boat
745 3571 771 3624 V
787 3571 841 3638 ed.‚
860 3571 910 3626 sed
929 3573 1010 3640 quasi
1027 3571 1136 3626 demam
1153 3571 1184 3625 in

162 3640 277 3710 interpr.
296 3642 334 3695 od
356 3649 407 3697 aot
428 3642 566 3697 inclinare
584 3642 612 3697 vi
633 3645 705 3697 etur.
777 3648 813 3697 ‘lt
837 3644 873 3699 stt
895 3659 953 3699 orn.
971 3643 1019 3698 su.
1044 3643 1061 3711 V
1085 3644 1191 3695 iussio

160 3716 242 3767 ae'tae
256 3711 284 3765 V
296 3714 475 3770 commoditas
492 3714 537 3771 ed.
614 3721 650 3773 28
669 3715 836 3775 ototaoev
856 3715 904 3772 eb.
