<?xml version="1.0" encoding="UTF-8"?>
<!DOCTYPE html PUBLIC "-//W3C//DTD XHTML 1.0 Transitional//EN"
    "http://www.w3.org/TR/xhtml1/DTD/xhtml1-transitional.dtd">
<html xmlns="http://www.w3.org/1999/xhtml" xml:lang="en" lang="en">
 <head>
  <title>
</title>
<meta http-equiv="Content-Type" content="text/html;charset=utf-8" />
  <meta name='ocr-system' content='tesseract 3.04.00' />
  <meta name='ocr-capabilities' content='ocr_page ocr_carea ocr_par ocr_line ocrx_word'/>
</head>
<body>
  <div class='ocr_page' id='page_1' title='image "./tibericlaudidon00georgoog_0530.png"; bbox 0 0 2725 4150; ppageno 0'>
   <div class='ocr_carea' id='block_1_1' title="bbox 557 348 1187 418">
    <p class='ocr_par' dir='ltr' id='par_1_1' title="bbox 557 348 1187 418">
     <span class='ocr_line' id='line_1_1' title="bbox 557 348 1187 418; baseline -0.003 -13"><span class='ocrx_word' id='word_1_1' title='bbox 557 348 741 405; x_wconf 77' lang='lat' dir='ltr'><strong>nnnnmos</strong></span> <span class='ocrx_word' id='word_1_2' title='bbox 759 349 799 404; x_wconf 90' lang='lat' dir='ltr'><strong>XI</strong></span> <span class='ocrx_word' id='word_1_3' title='bbox 1122 351 1187 418; x_wconf 79' lang='lat'><strong>509</strong></span> 
     </span>
    </p>
   </div>
   <div class='ocr_carea' id='block_1_2' title="bbox 123 517 1279 2112">
    <p class='ocr_par' dir='ltr' id='par_1_2' title="bbox 123 517 1279 2112">
     <span class='ocr_line' id='line_1_2' title="bbox 170 517 1187 596; baseline -0.001 -19"><span class='ocrx_word' id='word_1_4' title='bbox 170 538 277 578; x_wconf 89' lang='lat' dir='ltr'><strong>manus</strong></span> <span class='ocrx_word' id='word_1_5' title='bbox 301 521 332 578; x_wconf 93' lang='lat' dir='ltr'><strong>et</strong></span> <span class='ocrx_word' id='word_1_6' title='bbox 353 520 517 578; x_wconf 91' lang='lat' dir='ltr'><strong>ceterorum</strong></span> <span class='ocrx_word' id='word_1_7' title='bbox 541 521 676 594; x_wconf 88' lang='lat' dir='ltr'><strong>equitum</strong></span> <span class='ocrx_word' id='word_1_8' title='bbox 703 517 821 596; x_wconf 86' lang='lat' dir='ltr'><strong>digesta</strong></span> <span class='ocrx_word' id='word_1_9' title='bbox 847 537 901 595; x_wconf 91' lang='lat' dir='ltr'><strong>per</strong></span> <span class='ocrx_word' id='word_1_10' title='bbox 926 519 1056 593; x_wconf 86' lang='lat' dir='ltr'><strong>turmas,</strong></span> <span class='ocrx_word' id='word_1_11' title='bbox 1084 518 1187 576; x_wconf 85' lang='lat' dir='ltr'><strong>freme-</strong></span> 
     </span>
     <span class='ocr_line' id='line_1_3' title="bbox 170 605 1189 687; baseline -0.002 -21"><span class='ocrx_word' id='word_1_12' title='bbox 170 609 244 668; x_wconf 91' lang='lat' dir='ltr'><strong>bant</strong></span> <span class='ocrx_word' id='word_1_13' title='bbox 257 609 328 687; x_wconf 90' lang='lat' dir='ltr'><strong>equi</strong></span> <span class='ocrx_word' id='word_1_14' title='bbox 341 610 372 667; x_wconf 91' lang='lat' dir='ltr'><strong>et</strong></span> <span class='ocrx_word' id='word_1_15' title='bbox 384 607 494 684; x_wconf 79' lang='lat' dir='ltr'>pressis</span> <span class='ocrx_word' id='word_1_16' title='bbox 507 607 631 667; x_wconf 84' lang='lat' dir='ltr'><strong>habenis</strong></span> <span class='ocrx_word' id='word_1_17' title='bbox 644 608 798 667; x_wconf 83' lang='lat' dir='ltr'><strong>frenorum</strong></span> <span class='ocrx_word' id='word_1_18' title='bbox 810 605 993 684; x_wconf 71' lang='lat' dir='ltr'><strong>inpatientes</strong></span> <span class='ocrx_word' id='word_1_19' title='bbox 1010 605 1189 666; x_wconf 74' lang='lat' dir='ltr'><strong>resistebant</strong></span> 
     </span>
     <span class='ocr_line' id='line_1_4' title="bbox 170 696 1188 774; baseline -0.002 -18"><span class='ocrx_word' id='word_1_20' title='bbox 170 700 320 757; x_wconf 75' lang='lat' dir='ltr'><strong>mutantes</strong></span> <span class='ocrx_word' id='word_1_21' title='bbox 350 700 436 774; x_wconf 86' lang='lat' dir='ltr'><strong>terga</strong></span> <span class='ocrx_word' id='word_1_22' title='bbox 467 697 525 756; x_wconf 90' lang='lat' dir='ltr'><strong>huc</strong></span> <span class='ocrx_word' id='word_1_23' title='bbox 557 699 588 756; x_wconf 90' lang='lat' dir='ltr'><strong>et</strong></span> <span class='ocrx_word' id='word_1_24' title='bbox 617 697 706 772; x_wconf 82' lang='lat' dir='ltr'><strong>illuc,</strong></span> <span class='ocrx_word' id='word_1_25' title='bbox 738 696 834 756; x_wconf 92' lang='lat' dir='ltr'><strong>omnis</strong></span> <span class='ocrx_word' id='word_1_26' title='bbox 867 697 968 756; x_wconf 87' lang='lat' dir='ltr'><strong>autern</strong></span> <span class='ocrx_word' id='word_1_27' title='bbox 997 714 1071 773; x_wconf 86' lang='lat' dir='ltr'><strong>ager</strong></span> <span class='ocrx_word' id='word_1_28' title='bbox 1097 696 1188 755; x_wconf 86' lang='lat' dir='ltr'><strong>armis</strong></span> 
     </span>
     <span class='ocr_line' id='line_1_5' title="bbox 170 784 1188 863; baseline 0 -18"><span class='ocrx_word' id='word_1_29' title='bbox 170 785 295 846; x_wconf 80' lang='lat' dir='ltr'><strong>ardebat</strong></span> <span class='ocrx_word' id='word_1_30' title='bbox 323 786 418 846; x_wconf 91' lang='lat' dir='ltr'><strong>hastis</strong></span> <span class='ocrx_word' id='word_1_31' title='bbox 447 784 480 844; x_wconf 93' lang='lat' dir='ltr'><strong>in</strong></span> <span class='ocrx_word' id='word_1_32' title='bbox 509 785 637 846; x_wconf 90' lang='lat' dir='ltr'><strong>sublime</strong></span> <span class='ocrx_word' id='word_1_33' title='bbox 663 785 818 863; x_wconf 87' lang='lat' dir='ltr'><strong>porrectis.</strong></span> <span class='ocrx_word' id='word_1_34' title='bbox 868 787 901 845; x_wconf 90' lang='lat' dir='ltr'><strong>at</strong></span> <span class='ocrx_word' id='word_1_35' title='bbox 927 785 960 844; x_wconf 93' lang='lat' dir='ltr'><strong>in</strong></span> <span class='ocrx_word' id='word_1_36' title='bbox 983 785 1080 845; x_wconf 86' lang='lat' dir='ltr'><strong>altera</strong></span> <span class='ocrx_word' id='word_1_37' title='bbox 1101 788 1188 861; x_wconf 85' lang='lat' dir='ltr'><strong>parts</strong></span> 
     </span>
     <span class='ocr_line' id='line_1_6' title="bbox 128 873 1188 952; baseline 0.002 -19"><span class='ocrx_word' id='word_1_38' title='bbox 128 893 151 933; x_wconf 67' lang='lat' dir='ltr'><strong>‚s</strong></span> <span class='ocrx_word' id='word_1_39' title='bbox 169 875 349 935; x_wconf 83' lang='lat' dir='ltr'><strong>videbantur</strong></span> <span class='ocrx_word' id='word_1_40' title='bbox 365 876 414 935; x_wconf 89' lang='lat' dir='ltr'><strong>illi</strong></span> <span class='ocrx_word' id='word_1_41' title='bbox 431 893 507 952; x_wconf 87' lang='lat' dir='ltr'><strong>quos</strong></span> <span class='ocrx_word' id='word_1_42' title='bbox 527 894 594 935; x_wconf 91' lang='lat' dir='ltr'><strong>cum</strong></span> <span class='ocrx_word' id='word_1_43' title='bbox 613 873 741 935; x_wconf 72' lang='lat' dir='ltr'><strong>(tamilla</strong></span> <span class='ocrx_word' id='word_1_44' title='bbox 759 875 913 935; x_wconf 77' lang='lat' dir='ltr'><strong>dimiserat</strong></span> <span class='ocrx_word' id='word_1_45' title='bbox 931 874 1059 951; x_wconf 81' lang='lat' dir='ltr'><strong>Turnus,</strong></span> <span class='ocrx_word' id='word_1_46' title='bbox 1077 874 1188 935; x_wconf 88' lang='lat' dir='ltr'><strong>Messa·</strong></span> 
     </span>
     <span class='ocr_line' id='line_1_7' title="bbox 168 963 1188 1042; baseline -0.001 -17"><span class='ocrx_word' id='word_1_47' title='bbox 168 984 225 1042; x_wconf 90' lang='lat' dir='ltr'><strong>pus</strong></span> <span class='ocrx_word' id='word_1_48' title='bbox 249 965 363 1024; x_wconf 88' lang='lat' dir='ltr'><strong>scilicet</strong></span> <span class='ocrx_word' id='word_1_49' title='bbox 385 966 416 1025; x_wconf 86' lang='lat' dir='ltr'><strong>ct</strong></span> <span class='ocrx_word' id='word_1_50' title='bbox 437 964 541 1024; x_wconf 90' lang='lat' dir='ltr'><strong>Latini</strong></span> <span class='ocrx_word' id='word_1_51' title='bbox 563 965 713 1042; x_wconf 88' lang='lat' dir='ltr'><strong>ceterique</strong></span> <span class='ocrx_word' id='word_1_52' title='bbox 736 983 866 1042; x_wconf 89' lang='lat' dir='ltr'><strong>quorum</strong></span> <span class='ocrx_word' id='word_1_53' title='bbox 888 963 1024 1041; x_wconf 91' lang='lat' dir='ltr'><strong>superius</strong></span> <span class='ocrx_word' id='word_1_54' title='bbox 1042 963 1188 1041; x_wconf 78' lang='lat' dir='ltr'><strong>meminit,</strong></span> 
     </span>
     <span class='ocr_line' id='line_1_8' title="bbox 169 1053 1188 1133; baseline 0 -19"><span class='ocrx_word' id='word_1_55' title='bbox 169 1074 270 1116; x_wconf 88' lang='lat' dir='ltr'><strong>omnes</strong></span> <span class='ocrx_word' id='word_1_56' title='bbox 293 1054 380 1114; x_wconf 91' lang='lat' dir='ltr'><strong>ibant</strong></span> <span class='ocrx_word' id='word_1_57' title='bbox 401 1073 470 1115; x_wconf 89' lang='lat' dir='ltr'><strong>cum</strong></span> <span class='ocrx_word' id='word_1_58' title='bbox 492 1053 613 1133; x_wconf 85' lang='lat' dir='ltr'><strong>inpigra</strong></span> <span class='ocrx_word' id='word_1_59' title='bbox 632 1055 794 1130; x_wconf 88' lang='lat' dir='ltr'><strong>celeritate,</strong></span> <span class='ocrx_word' id='word_1_60' title='bbox 813 1057 848 1114; x_wconf 91' lang='lat' dir='ltr'><strong>ut</strong></span> <span class='ocrx_word' id='word_1_61' title='bbox 865 1055 982 1114; x_wconf 89' lang='lat' dir='ltr'><strong>hostem</strong></span> <span class='ocrx_word' id='word_1_62' title='bbox 1001 1053 1039 1114; x_wconf 94' lang='lat' dir='ltr'><strong>ad</strong></span> <span class='ocrx_word' id='word_1_63' title='bbox 1057 1055 1188 1130; x_wconf 89' lang='lat' dir='ltr'><strong>patriam</strong></span> 
     </span>
     <span class='ocr_line' id='line_1_9' title="bbox 167 1143 1221 1223; baseline -0.001 -19"><span class='ocrx_word' id='word_1_64' title='bbox 167 1145 268 1204; x_wconf 87' lang='lat' dir='ltr'><strong>venire</strong></span> <span class='ocrx_word' id='word_1_65' title='bbox 298 1163 358 1203; x_wconf 90' lang='lat' dir='ltr'><strong>non</strong></span> <span class='ocrx_word' id='word_1_66' title='bbox 387 1145 532 1219; x_wconf 88' lang='lat' dir='ltr'><strong>sinerent,</strong></span> <span class='ocrx_word' id='word_1_67' title='bbox 561 1145 665 1204; x_wconf 87' lang='lat' dir='ltr'><strong>hastas</strong></span> <span class='ocrx_word' id='word_1_68' title='bbox 694 1145 847 1223; x_wconf 84' lang='lat' dir='ltr'><strong>gestantes</strong></span> <span class='ocrx_word' id='word_1_69' title='bbox 874 1143 1002 1203; x_wconf 84' lang='lat' dir='ltr'><strong>dexteris</strong></span> <span class='ocrx_word' id='word_1_70' title='bbox 1025 1146 1188 1203; x_wconf 87' lang='lat' dir='ltr'><strong>retrorsum</strong></span> <span class='ocrx_word' id='word_1_71' title='bbox 1218 1219 1221 1223; x_wconf 19' lang='lat'>¹</span> 
     </span>
     <span class='ocr_line' id='line_1_10' title="bbox 169 1232 1279 1312; baseline 0.005 -20"><span class='ocrx_word' id='word_1_72' title='bbox 169 1233 305 1293; x_wconf 79' lang='lat' dir='ltr'><strong>adductis</strong></span> <span class='ocrx_word' id='word_1_73' title='bbox 334 1233 508 1311; x_wconf 88' lang='lat' dir='ltr'><strong>spiculaque</strong></span> <span class='ocrx_word' id='word_1_74' title='bbox 535 1233 697 1293; x_wconf 83' lang='lat' dir='ltr'><strong>vibrantes.</strong></span> <span class='ocrx_word' id='word_1_75' title='bbox 746 1251 857 1312; x_wconf 81' lang='lat' dir='ltr'><strong>magna</strong></span> <span class='ocrx_word' id='word_1_76' title='bbox 884 1232 1038 1293; x_wconf 80' lang='lat' dir='ltr'><strong>subtilitas</strong></span> <span class='ocrx_word' id='word_1_77' title='bbox 1061 1232 1187 1294; x_wconf 87' lang='lat' dir='ltr'><strong>dicentis</strong></span> <span class='ocrx_word' id='word_1_78' title='bbox 1277 1294 1279 1298; x_wconf 86' lang='grc'><em>,</em></span> 
     </span>
     <span class='ocr_line' id='line_1_11' title="bbox 124 1321 1187 1400; baseline 0.003 -21"><span class='ocrx_word' id='word_1_79' title='bbox 124 1341 150 1379; x_wconf 85' lang='grc' dir='ltr'><strong>ιο</strong></span> <span class='ocrx_word' id='word_1_80' title='bbox 168 1325 199 1382; x_wconf 84' lang='lat' dir='ltr'><strong>et</strong></span> <span class='ocrx_word' id='word_1_81' title='bbox 227 1323 417 1400; x_wconf 87' lang='lat' dir='ltr'><strong>eloquentiae</strong></span> <span class='ocrx_word' id='word_1_82' title='bbox 447 1322 568 1399; x_wconf 87' lang='lat' dir='ltr'><strong>copiosa</strong></span> <span class='ocrx_word' id='word_1_83' title='bbox 597 1322 780 1397; x_wconf 89' lang='lat' dir='ltr'><strong>substantia,</strong></span> <span class='ocrx_word' id='word_1_84' title='bbox 808 1324 844 1382; x_wconf 88' lang='lat' dir='ltr'><strong>ut</strong></span> <span class='ocrx_word' id='word_1_85' title='bbox 874 1322 907 1381; x_wconf 94' lang='lat' dir='ltr'><strong>in</strong></span> <span class='ocrx_word' id='word_1_86' title='bbox 939 1321 1187 1399; x_wconf 76' lang='lat' dir='ltr'><strong>descriptionibus</strong></span> 
     </span>
     <span class='ocr_line' id='line_1_12' title="bbox 167 1410 1187 1488; baseline 0 -18"><span class='ocrx_word' id='word_1_87' title='bbox 167 1412 301 1488; x_wconf 87' lang='lat' dir='ltr'><strong>partium</strong></span> <span class='ocrx_word' id='word_1_88' title='bbox 323 1413 400 1471; x_wconf 89' lang='lat' dir='ltr'><strong>nihil</strong></span> <span class='ocrx_word' id='word_1_89' title='bbox 423 1411 534 1471; x_wconf 87' lang='lat' dir='ltr'><strong>diceret</strong></span> <span class='ocrx_word' id='word_1_90' title='bbox 555 1410 664 1472; x_wconf 82' lang='lat' dir='ltr'><strong>simile.</strong></span> <span class='ocrx_word' id='word_1_91' title='bbox 708 1412 795 1472; x_wconf 90' lang='lat' dir='ltr'><strong>ibant</strong></span> <span class='ocrx_word' id='word_1_92' title='bbox 820 1410 968 1488; x_wconf 75' lang='lat' dir='ltr'><strong>praedicti</strong></span> <span class='ocrx_word' id='word_1_93' title='bbox 994 1410 1083 1472; x_wconf 88' lang='lat' dir='ltr'><strong>duces</strong></span> <span class='ocrx_word' id='word_1_94' title='bbox 1106 1413 1187 1472; x_wconf 87' lang='lat' dir='ltr'><strong>veni-</strong></span> 
     </span>
     <span class='ocr_line' id='line_1_13' title="bbox 168 1499 1188 1578; baseline -0.001 -19"><span class='ocrx_word' id='word_1_95' title='bbox 168 1501 287 1561; x_wconf 89' lang='lat' dir='ltr'><strong>entibus</strong></span> <span class='ocrx_word' id='word_1_96' title='bbox 315 1501 398 1561; x_wconf 86' lang='lat' dir='ltr'><strong>obvii</strong></span> <span class='ocrx_word' id='word_1_97' title='bbox 424 1503 455 1560; x_wconf 89' lang='lat' dir='ltr'><strong>et</strong></span> <span class='ocrx_word' id='word_1_98' title='bbox 482 1503 587 1560; x_wconf 80' lang='lat' dir='ltr'><strong>contm</strong></span> <span class='ocrx_word' id='word_1_99' title='bbox 612 1519 715 1561; x_wconf 87' lang='lat' dir='ltr'><strong>muros</strong></span> <span class='ocrx_word' id='word_1_100' title='bbox 742 1500 857 1578; x_wconf 88' lang='lat' dir='ltr'><strong>positis.</strong></span> <span class='ocrx_word' id='word_1_101' title='bbox 908 1499 983 1578; x_wconf 91' lang='lat' dir='ltr'><strong>quid</strong></span> <span class='ocrx_word' id='word_1_102' title='bbox 1010 1502 1134 1578; x_wconf 80' lang='lat' dir='ltr'><strong>agerent</strong></span> <span class='ocrx_word' id='word_1_103' title='bbox 1156 1503 1188 1559; x_wconf 91' lang='lat' dir='ltr'><strong>in</strong></span> 
     </span>
     <span class='ocr_line' id='line_1_14' title="bbox 167 1589 1187 1668; baseline 0 -19"><span class='ocrx_word' id='word_1_104' title='bbox 167 1609 272 1668; x_wconf 90' lang='lat' dir='ltr'><strong>campo</strong></span> <span class='ocrx_word' id='word_1_105' title='bbox 305 1590 447 1651; x_wconf 88' lang='lat' dir='ltr'><strong>facillime</strong></span> <span class='ocrx_word' id='word_1_106' title='bbox 481 1589 654 1667; x_wconf 81' lang='lat' dir='ltr'><strong>videbatur3</strong></span> <span class='ocrx_word' id='word_1_107' title='bbox 688 1591 732 1651; x_wconf 89' lang='lat' dir='ltr'><strong>sic</strong></span> <span class='ocrx_word' id='word_1_108' title='bbox 765 1589 845 1650; x_wconf 90' lang='lat' dir='ltr'><strong>enim</strong></span> <span class='ocrx_word' id='word_1_109' title='bbox 877 1589 1044 1668; x_wconf 83' lang='lat' dir='ltr'><strong>pergebant</strong></span> <span class='ocrx_word' id='word_1_110' title='bbox 1072 1590 1187 1666; x_wconf 89' lang='lat' dir='ltr'><strong>paratis</strong></span> 
     </span>
     <span class='ocr_line' id='line_1_15' title="bbox 167 1677 1189 1756; baseline -0.002 -18"><span class='ocrx_word' id='word_1_111' title='bbox 167 1680 263 1739; x_wconf 89' lang='lat' dir='ltr'><strong>hastis</strong></span> <span class='ocrx_word' id='word_1_112' title='bbox 295 1682 326 1739; x_wconf 93' lang='lat' dir='ltr'><strong>et</strong></span> <span class='ocrx_word' id='word_1_113' title='bbox 357 1679 499 1755; x_wconf 63' lang='lat' dir='ltr'><strong>damme,</strong></span> <span class='ocrx_word' id='word_1_114' title='bbox 528 1682 565 1739; x_wconf 90' lang='lat' dir='ltr'><strong>ut</strong></span> <span class='ocrx_word' id='word_1_115' title='bbox 594 1680 712 1740; x_wconf 87' lang='lat' dir='ltr'><strong>hostem</strong></span> <span class='ocrx_word' id='word_1_116' title='bbox 743 1682 844 1756; x_wconf 90' lang='lat' dir='ltr'><strong>petere</strong></span> <span class='ocrx_word' id='word_1_117' title='bbox 879 1679 1067 1752; x_wconf 81' lang='lat' dir='ltr'><strong>viderentur,</strong></span> <span class='ocrx_word' id='word_1_118' title='bbox 1102 1677 1189 1737; x_wconf 92' lang='lat' dir='ltr'><strong>ibant</strong></span> 
     </span>
     <span class='ocr_line' id='line_1_16' title="bbox 123 1768 1188 1846; baseline -0.001 -20"><span class='ocrx_word' id='word_1_119' title='bbox 123 1786 148 1827; x_wconf 83' lang='lat' dir='ltr'><strong>rs</strong></span> <span class='ocrx_word' id='word_1_120' title='bbox 166 1768 319 1829; x_wconf 81' lang='lat' dir='ltr'><strong>vibrantes</strong></span> <span class='ocrx_word' id='word_1_121' title='bbox 342 1768 458 1846; x_wconf 90' lang='lat' dir='ltr'><strong>spicula</strong></span> <span class='ocrx_word' id='word_1_122' title='bbox 479 1768 525 1828; x_wconf 89' lang='lat' dir='ltr'><strong>ita</strong></span> <span class='ocrx_word' id='word_1_123' title='bbox 548 1768 651 1830; x_wconf 88' lang='lat' dir='ltr'><strong>crebro</strong></span> <span class='ocrx_word' id='word_1_124' title='bbox 672 1772 772 1844; x_wconf 83' lang='lat' dir='ltr'><strong>metu,</strong></span> <span class='ocrx_word' id='word_1_125' title='bbox 798 1771 834 1828; x_wconf 90' lang='lat' dir='ltr'><strong>ut</strong></span> <span class='ocrx_word' id='word_1_126' title='bbox 855 1787 892 1828; x_wconf 92' lang='lat' dir='ltr'><strong>ea</strong></span> <span class='ocrx_word' id='word_1_127' title='bbox 912 1768 974 1828; x_wconf 87' lang='lat' dir='ltr'><strong>iam</strong></span> <span class='ocrx_word' id='word_1_128' title='bbox 998 1768 1188 1827; x_wconf 88' lang='lat' dir='ltr'><strong>crederentur</strong></span> 
     </span>
     <span class='ocr_line' id='line_1_17' title="bbox 167 1856 1188 1936; baseline 0.001 -20"><span class='ocrx_word' id='word_1_129' title='bbox 167 1876 231 1917; x_wconf 88' lang='lat' dir='ltr'><strong>esse</strong></span> <span class='ocrx_word' id='word_1_130' title='bbox 266 1859 396 1918; x_wconf 89' lang='lat' dir='ltr'><strong>missuri.</strong></span> <span class='ocrx_word' id='word_1_131' title='bbox 451 1857 655 1936; x_wconf 86' lang='lat' dir='ltr'><strong>adventusque</strong></span> <span class='ocrx_word' id='word_1_132' title='bbox 692 1857 789 1919; x_wconf 81' lang='lat' dir='ltr'><strong>virum</strong></span> <span class='ocrx_word' id='word_1_133' title='bbox 825 1857 1022 1936; x_wconf 88' lang='lat' dir='ltr'><strong>fremitusque</strong></span> <span class='ocrx_word' id='word_1_134' title='bbox 1059 1856 1188 1917; x_wconf 86' lang='lat' dir='ltr'><strong>ardescit</strong></span> 
     </span>
     <span class='ocr_line' id='line_1_18' title="bbox 167 1945 1188 2025; baseline 0 -19"><span class='ocrx_word' id='word_1_135' title='bbox 167 1966 326 2024; x_wconf 87' lang='lat' dir='ltr'><strong>equorum:</strong></span> <span class='ocrx_word' id='word_1_136' title='bbox 350 1947 495 2007; x_wconf 91' lang='lat' dir='ltr'><strong>adventus</strong></span> <span class='ocrx_word' id='word_1_137' title='bbox 518 1967 579 2006; x_wconf 87' lang='lat' dir='ltr'><strong>non</strong></span> <span class='ocrx_word' id='word_1_138' title='bbox 602 1947 641 2006; x_wconf 88' lang='lat' dir='ltr'><strong>ad</strong></span> <span class='ocrx_word' id='word_1_139' title='bbox 659 1946 803 2025; x_wconf 87' lang='lat' dir='ltr'><strong>patriam,</strong></span> <span class='ocrx_word' id='word_1_140' title='bbox 822 1946 874 2006; x_wconf 90' lang='lat' dir='ltr'><strong>sed</strong></span> <span class='ocrx_word' id='word_1_141' title='bbox 891 1946 970 2007; x_wconf 90' lang='lat' dir='ltr'><strong>inter</strong></span> <span class='ocrx_word' id='word_1_142' title='bbox 988 1965 1032 2024; x_wconf 80' lang='lat' dir='ltr'><strong>se3</strong></span> <span class='ocrx_word' id='word_1_143' title='bbox 1052 1945 1188 2024; x_wconf 89' lang='lat' dir='ltr'><strong>sequitur</strong></span> 
     </span>
     <span class='ocr_line' id='line_1_19' title="bbox 167 2037 1187 2112; baseline 0 -15"><span class='ocrx_word' id='word_1_144' title='bbox 167 2037 262 2097; x_wconf 88' lang='lat' dir='ltr'><strong>enim·</strong></span> <span class='ocrx_word' id='word_1_145' title='bbox 280 2038 396 2111; x_wconf 70' lang='lat' dir='ltr'><strong>tamarae</strong></span> <span class='ocrx_word' id='word_1_146' title='bbox 429 2037 510 2098; x_wconf 80' lang='lat' dir='ltr'><strong>intra</strong></span> <span class='ocrx_word' id='word_1_147' title='bbox 544 2038 654 2097; x_wconf 60' lang='lat' dir='ltr'><strong>aalma</strong></span> <span class='ocrx_word' id='word_1_148' title='bbox 688 2037 736 2097; x_wconf 80' lang='lat' dir='ltr'><strong>tell</strong></span> <span class='ocrx_word' id='word_1_149' title='bbox 761 2054 937 2112; x_wconf 68' lang='lat' dir='ltr'><strong>procreantes</strong></span> <span class='ocrx_word' id='word_1_150' title='bbox 964 2039 1084 2111; x_wconf 69' lang='lat' dir='ltr'><strong>aterum</strong></span> <span class='ocrx_word' id='word_1_151' title='bbox 1119 2038 1187 2097; x_wconf 80' lang='lat' dir='ltr'><strong>sab-</strong></span> 
     </span>
    </p>
   </div>
   <div class='ocr_carea' id='block_1_3' title="bbox 122 2125 1188 2383">
    <p class='ocr_par' dir='ltr' id='par_1_3' title="bbox 122 2125 1188 2383">
     <span class='ocr_line' id='line_1_20' title="bbox 166 2125 1186 2206; baseline -0.001 -20"><span class='ocrx_word' id='word_1_152' title='bbox 166 2129 292 2186; x_wconf 81' lang='lat' dir='ltr'><strong>sliterut:</strong></span> <span class='ocrx_word' id='word_1_153' title='bbox 314 2145 489 2206; x_wconf 84' lang='lat' dir='ltr'><strong>progressus</strong></span> <span class='ocrx_word' id='word_1_154' title='bbox 511 2126 574 2187; x_wconf 89' lang='lat' dir='ltr'><strong>iam</strong></span> <span class='ocrx_word' id='word_1_155' title='bbox 595 2130 723 2203; x_wconf 84' lang='lat' dir='ltr'><strong>uterque</strong></span> <span class='ocrx_word' id='word_1_156' title='bbox 745 2128 890 2187; x_wconf 88' lang='lat' dir='ltr'><strong>exercitus</strong></span> <span class='ocrx_word' id='word_1_157' title='bbox 913 2129 1013 2187; x_wconf 87' lang='lat' dir='ltr'><strong>fuerat</strong></span> <span class='ocrx_word' id='word_1_158' title='bbox 1028 2130 1058 2187; x_wconf 86' lang='lat' dir='ltr'><strong>et</strong></span> <span class='ocrx_word' id='word_1_159' title='bbox 1075 2125 1186 2186; x_wconf 89' lang='lat' dir='ltr'><strong>idcirco</strong></span> 
     </span>
     <span class='ocr_line' id='line_1_21' title="bbox 122 2215 1188 2294; baseline 0.004 -23"><span class='ocrx_word' id='word_1_160' title='bbox 122 2233 148 2271; x_wconf 80' lang='lat' dir='ltr'><strong>ac</strong></span> <span class='ocrx_word' id='word_1_161' title='bbox 167 2216 318 2276; x_wconf 87' lang='lat' dir='ltr'><strong>crescebat</strong></span> <span class='ocrx_word' id='word_1_162' title='bbox 339 2217 477 2277; x_wconf 84' lang='lat' dir='ltr'><strong>fremitus</strong></span> <span class='ocrx_word' id='word_1_163' title='bbox 501 2236 647 2294; x_wconf 87' lang='lat' dir='ltr'><strong>equorum</strong></span> <span class='ocrx_word' id='word_1_164' title='bbox 665 2219 695 2275; x_wconf 92' lang='lat' dir='ltr'><strong>et</strong></span> <span class='ocrx_word' id='word_1_165' title='bbox 718 2217 825 2276; x_wconf 88' lang='lat' dir='ltr'><strong>animis</strong></span> <span class='ocrx_word' id='word_1_166' title='bbox 844 2215 1024 2290; x_wconf 88' lang='lat' dir='ltr'><strong>ferebantur,</strong></span> <span class='ocrx_word' id='word_1_167' title='bbox 1043 2216 1116 2293; x_wconf 88' lang='lat' dir='ltr'><strong>quia</strong></span> <span class='ocrx_word' id='word_1_168' title='bbox 1134 2216 1188 2292; x_wconf 93' lang='lat' dir='ltr'><strong>qui</strong></span> 
     </span>
     <span class='ocr_line' id='line_1_22' title="bbox 165 2304 1187 2383; baseline -0.001 -17"><span class='ocrx_word' id='word_1_169' title='bbox 165 2308 237 2366; x_wconf 91' lang='lat' dir='ltr'><strong>sunt</strong></span> <span class='ocrx_word' id='word_1_170' title='bbox 268 2326 304 2366; x_wconf 86' lang='lat' dir='ltr'><strong>ex</strong></span> <span class='ocrx_word' id='word_1_171' title='bbox 332 2325 390 2366; x_wconf 90' lang='lat' dir='ltr'><strong>usu</strong></span> <span class='ocrx_word' id='word_1_172' title='bbox 418 2306 567 2365; x_wconf 89' lang='lat' dir='ltr'><strong>bellorum</strong></span> <span class='ocrx_word' id='word_1_173' title='bbox 593 2305 693 2366; x_wconf 88' lang='lat' dir='ltr'><strong>sciunt</strong></span> <span class='ocrx_word' id='word_1_174' title='bbox 716 2305 836 2383; x_wconf 91' lang='lat' dir='ltr'><strong>quando</strong></span> <span class='ocrx_word' id='word_1_175' title='bbox 860 2304 918 2365; x_wconf 92' lang='lat' dir='ltr'><strong>sibi</strong></span> <span class='ocrx_word' id='word_1_176' title='bbox 941 2304 1116 2364; x_wconf 88' lang='lat' dir='ltr'><strong>certandum</strong></span> <span class='ocrx_word' id='word_1_177' title='bbox 1137 2305 1187 2380; x_wconf 89' lang='lat' dir='ltr'><strong>sit,</strong></span> 
     </span>
    </p>
   </div>
   <div class='ocr_carea' id='block_1_4' title="bbox 119 2393 1247 3276">
    <p class='ocr_par' dir='ltr' id='par_1_4' title="bbox 164 2393 1188 2650">
     <span class='ocr_line' id='line_1_23' title="bbox 166 2393 1187 2472; baseline -0.001 -18"><span class='ocrx_word' id='word_1_178' title='bbox 166 2396 265 2455; x_wconf 89' lang='lat' dir='ltr'><strong>sciunt</strong></span> <span class='ocrx_word' id='word_1_179' title='bbox 288 2395 408 2472; x_wconf 90' lang='lat' dir='ltr'><strong>quando</strong></span> <span class='ocrx_word' id='word_1_180' title='bbox 428 2395 522 2472; x_wconf 85' lang='lat' dir='ltr'><strong>arripi</strong></span> <span class='ocrx_word' id='word_1_181' title='bbox 538 2395 636 2471; x_wconf 88' lang='lat' dir='ltr'><strong>possit</strong></span> <span class='ocrx_word' id='word_1_182' title='bbox 651 2394 774 2454; x_wconf 89' lang='lat' dir='ltr'><strong>initium</strong></span> <span class='ocrx_word' id='word_1_183' title='bbox 792 2394 871 2454; x_wconf 90' lang='lat' dir='ltr'><strong>belli.</strong></span> <span class='ocrx_word' id='word_1_184' title='bbox 904 2393 959 2452; x_wconf 92' lang='lat' dir='ltr'><strong>ubi</strong></span> <span class='ocrx_word' id='word_1_185' title='bbox 977 2412 1048 2470; x_wconf 84' lang='lat' dir='ltr'><strong>ergo</strong></span> <span class='ocrx_word' id='word_1_186' title='bbox 1066 2395 1187 2453; x_wconf 87' lang='lat' dir='ltr'><strong>tantum</strong></span> 
     </span>
     <span class='ocr_line' id='line_1_24' title="bbox 164 2482 1186 2561; baseline 0 -19"><span class='ocrx_word' id='word_1_187' title='bbox 164 2486 245 2543; x_wconf 91' lang='lat' dir='ltr'><strong>inter</strong></span> <span class='ocrx_word' id='word_1_188' title='bbox 267 2486 428 2561; x_wconf 90' lang='lat' dir='ltr'><strong>utrumque</strong></span> <span class='ocrx_word' id='word_1_189' title='bbox 452 2485 614 2544; x_wconf 90' lang='lat' dir='ltr'><strong>exereitum</strong></span> <span class='ocrx_word' id='word_1_190' title='bbox 635 2484 780 2543; x_wconf 90' lang='lat' dir='ltr'><strong>remansit</strong></span> <span class='ocrx_word' id='word_1_191' title='bbox 802 2482 906 2561; x_wconf 87' lang='lat' dir='ltr'><strong>spatii,</strong></span> <span class='ocrx_word' id='word_1_192' title='bbox 935 2483 969 2542; x_wconf 89' lang='lat' dir='ltr'><strong>ut</strong></span> <span class='ocrx_word' id='word_1_193' title='bbox 995 2483 1060 2541; x_wconf 89' lang='lat' dir='ltr'><strong>tela</strong></span> <span class='ocrx_word' id='word_1_194' title='bbox 1081 2485 1186 2542; x_wconf 88' lang='lat' dir='ltr'><strong>utrim-</strong></span> 
     </span>
     <span class='ocr_line' id='line_1_25' title="bbox 166 2572 1188 2650; baseline -0.001 -18"><span class='ocrx_word' id='word_1_195' title='bbox 166 2593 225 2650; x_wconf 88' lang='lat' dir='ltr'><strong>que</strong></span> <span class='ocrx_word' id='word_1_196' title='bbox 252 2575 345 2633; x_wconf 92' lang='lat' dir='ltr'><strong>missa</strong></span> <span class='ocrx_word' id='word_1_197' title='bbox 371 2573 527 2650; x_wconf 87' lang='lat' dir='ltr'><strong>pervenire</strong></span> <span class='ocrx_word' id='word_1_198' title='bbox 553 2572 585 2632; x_wconf 93' lang='lat' dir='ltr'><strong>in</strong></span> <span class='ocrx_word' id='word_1_199' title='bbox 613 2573 723 2632; x_wconf 90' lang='lat' dir='ltr'><strong>alteros</strong></span> <span class='ocrx_word' id='word_1_200' title='bbox 750 2575 885 2650; x_wconf 88' lang='lat' dir='ltr'><strong>possent,</strong></span> <span class='ocrx_word' id='word_1_201' title='bbox 912 2573 1007 2631; x_wconf 81' lang='lat' dir='ltr'><strong>sabito</strong></span> <span class='ocrx_word' id='word_1_202' title='bbox 1031 2577 1188 2646; x_wconf 72' lang='lat' dir='ltr'><strong>erumpant</strong></span> 
     </span>
    </p>

    <p class='ocr_par' dir='ltr' id='par_1_5' title="bbox 121 2661 1247 3098">
     <span class='ocr_line' id='line_1_26' title="bbox 121 2661 1247 2737; baseline 0.004 -21"><span class='ocrx_word' id='word_1_203' title='bbox 121 2677 146 2717; x_wconf 78' lang='lat' dir='ltr'><strong>rr</strong></span> <span class='ocrx_word' id='word_1_204' title='bbox 165 2664 291 2722; x_wconf 83' lang='lat' dir='ltr'><strong>clamore</strong></span> <span class='ocrx_word' id='word_1_205' title='bbox 318 2664 501 2736; x_wconf 73' lang='lat' dir='ltr'><strong>furentisque</strong></span> <span class='ocrx_word' id='word_1_206' title='bbox 532 2663 720 2722; x_wconf 71' lang='lat' dir='ltr'><strong>criminatur</strong></span> <span class='ocrx_word' id='word_1_207' title='bbox 751 2678 851 2737; x_wconf 73' lang='lat' dir='ltr'><strong>equos:</strong></span> <span class='ocrx_word' id='word_1_208' title='bbox 881 2662 1073 2722; x_wconf 88' lang='lat' dir='ltr'><strong>hortamenta</strong></span> <span class='ocrx_word' id='word_1_209' title='bbox 1104 2661 1185 2722; x_wconf 87' lang='lat' dir='ltr'><strong>vocis</strong></span> <span class='ocrx_word' id='word_1_210' title='bbox 1196 2671 1247 2721; x_wconf 83' lang='lat' dir='ltr'><strong>elo</strong></span> 
     </span>
     <span class='ocr_line' id='line_1_27' title="bbox 163 2750 1185 2827; baseline 0 -18"><span class='ocrx_word' id='word_1_211' title='bbox 163 2751 276 2812; x_wconf 87' lang='lat' dir='ltr'><strong>idcirco</strong></span> <span class='ocrx_word' id='word_1_212' title='bbox 305 2751 497 2827; x_wconf 85' lang='lat' dir='ltr'><strong>adhibentur,</strong></span> <span class='ocrx_word' id='word_1_213' title='bbox 526 2753 563 2811; x_wconf 90' lang='lat' dir='ltr'><strong>ut</strong></span> <span class='ocrx_word' id='word_1_214' title='bbox 585 2753 750 2811; x_wconf 84' lang='lat' dir='ltr'><strong>excitentur</strong></span> <span class='ocrx_word' id='word_1_215' title='bbox 777 2751 870 2810; x_wconf 89' lang='lat' dir='ltr'><strong>etiam</strong></span> <span class='ocrx_word' id='word_1_216' title='bbox 891 2750 990 2812; x_wconf 85' lang='lat' dir='ltr'><strong>inviti.</strong></span> <span class='ocrx_word' id='word_1_217' title='bbox 1038 2750 1092 2810; x_wconf 89' lang='lat' dir='ltr'><strong>isti</strong></span> <span class='ocrx_word' id='word_1_218' title='bbox 1119 2751 1185 2810; x_wconf 94' lang='lat' dir='ltr'><strong>hor·</strong></span> 
     </span>
     <span class='ocr_line' id='line_1_28' title="bbox 163 2840 1185 2917; baseline 0 -18"><span class='ocrx_word' id='word_1_219' title='bbox 163 2841 307 2900; x_wconf 89' lang='lat' dir='ltr'><strong>tabantur</strong></span> <span class='ocrx_word' id='word_1_220' title='bbox 337 2859 430 2917; x_wconf 83' lang='lat' dir='ltr'><strong>equos</strong></span> <span class='ocrx_word' id='word_1_221' title='bbox 462 2841 524 2901; x_wconf 91' lang='lat' dir='ltr'><strong>iam</strong></span> <span class='ocrx_word' id='word_1_222' title='bbox 551 2840 678 2900; x_wconf 81' lang='lat' dir='ltr'><strong>furentis</strong></span> <span class='ocrx_word' id='word_1_223' title='bbox 710 2843 741 2900; x_wconf 91' lang='lat' dir='ltr'><strong>et</strong></span> <span class='ocrx_word' id='word_1_224' title='bbox 763 2841 836 2899; x_wconf 91' lang='lat' dir='ltr'><strong>olim</strong></span> <span class='ocrx_word' id='word_1_225' title='bbox 866 2840 900 2899; x_wconf 91' lang='lat' dir='ltr'><strong>in</strong></span> <span class='ocrx_word' id='word_1_226' title='bbox 930 2840 1004 2899; x_wconf 89' lang='lat' dir='ltr'><strong>belli</strong></span> <span class='ocrx_word' id='word_1_227' title='bbox 1035 2843 1185 2900; x_wconf 86' lang='lat' dir='ltr'><strong>certamen</strong></span> 
     </span>
     <span class='ocr_line' id='line_1_29' title="bbox 164 2929 1186 3008; baseline -0.001 -17"><span class='ocrx_word' id='word_1_228' title='bbox 164 2931 312 3008; x_wconf 89' lang='lat' dir='ltr'><strong>cupientis</strong></span> <span class='ocrx_word' id='word_1_229' title='bbox 335 2930 423 2990; x_wconf 89' lang='lat' dir='ltr'><strong>exire.</strong></span> <span class='ocrx_word' id='word_1_230' title='bbox 467 2929 539 2990; x_wconf 90' lang='lat' dir='ltr'><strong>talis</strong></span> <span class='ocrx_word' id='word_1_231' title='bbox 563 2933 608 2990; x_wconf 86' lang='lat' dir='ltr'><strong>est</strong></span> <span class='ocrx_word' id='word_1_232' title='bbox 630 2934 662 2990; x_wconf 93' lang='lat' dir='ltr'><strong>et</strong></span> <span class='ocrx_word' id='word_1_233' title='bbox 682 2949 743 2990; x_wconf 82' lang='lat' dir='ltr'><strong>vox</strong></span> <span class='ocrx_word' id='word_1_234' title='bbox 766 2949 842 3006; x_wconf 88' lang='lat' dir='ltr'><strong>quae</strong></span> <span class='ocrx_word' id='word_1_235' title='bbox 865 2931 1001 2990; x_wconf 87' lang='lat' dir='ltr'><strong>mittitur</strong></span> <span class='ocrx_word' id='word_1_236' title='bbox 1024 2932 1186 3006; x_wconf 90' lang='lat' dir='ltr'><strong>antequam</strong></span> 
     </span>
     <span class='ocr_line' id='line_1_30' title="bbox 163 3018 1185 3098; baseline -0.003 -18"><span class='ocrx_word' id='word_1_237' title='bbox 163 3023 315 3080; x_wconf 87' lang='lat' dir='ltr'><strong>certamen</strong></span> <span class='ocrx_word' id='word_1_238' title='bbox 332 3021 472 3096; x_wconf 83' lang='lat' dir='ltr'><strong>intretur,</strong></span> <span class='ocrx_word' id='word_1_239' title='bbox 490 3023 526 3080; x_wconf 91' lang='lat' dir='ltr'><strong>ut</strong></span> <span class='ocrx_word' id='word_1_240' title='bbox 543 3020 732 3079; x_wconf 84' lang='lat' dir='ltr'><strong>hortamento</strong></span> <span class='ocrx_word' id='word_1_241' title='bbox 752 3018 793 3079; x_wconf 90' lang='lat' dir='ltr'><strong>sit</strong></span> <span class='ocrx_word' id='word_1_242' title='bbox 810 3020 952 3098; x_wconf 78' lang='lat' dir='ltr'><strong>singulis,</strong></span> <span class='ocrx_word' id='word_1_243' title='bbox 972 3022 1002 3079; x_wconf 87' lang='lat' dir='ltr'><strong>et</strong></span> <span class='ocrx_word' id='word_1_244' title='bbox 1019 3019 1185 3095; x_wconf 85' lang='lat' dir='ltr'><strong>plurimum</strong></span> 
     </span>
    </p>

    <p class='ocr_par' dir='ltr' id='par_1_6' title="bbox 119 3108 1185 3276">
     <span class='ocr_line' id='line_1_31' title="bbox 119 3108 1185 3186; baseline -0.003 -17"><span class='ocrx_word' id='word_1_245' title='bbox 119 3122 145 3161; x_wconf 80' lang='lat'><strong>³⁰</strong></span> <span class='ocrx_word' id='word_1_246' title='bbox 162 3113 195 3169; x_wconf 89' lang='lat' dir='ltr'><strong>in</strong></span> <span class='ocrx_word' id='word_1_247' title='bbox 218 3128 311 3170; x_wconf 87' lang='lat' dir='ltr'><strong>ausus</strong></span> <span class='ocrx_word' id='word_1_248' title='bbox 333 3108 450 3169; x_wconf 86' lang='lat' dir='ltr'><strong>validos</strong></span> <span class='ocrx_word' id='word_1_249' title='bbox 472 3108 593 3186; x_wconf 90' lang='lat' dir='ltr'><strong>inpellit</strong></span> <span class='ocrx_word' id='word_1_250' title='bbox 610 3110 770 3169; x_wconf 88' lang='lat' dir='ltr'><strong>armatum.</strong></span> <span class='ocrx_word' id='word_1_251' title='bbox 801 3110 934 3183; x_wconf 69' lang='lat' dir='ltr'><strong>suadeat</strong></span> <span class='ocrx_word' id='word_1_252' title='bbox 949 3109 1040 3168; x_wconf 61' lang='lat' dir='ltr'><strong>amal</strong></span> <span class='ocrx_word' id='word_1_253' title='bbox 1056 3108 1185 3181; x_wconf 73' lang='lat' dir='ltr'><strong>undique</strong></span> 
     </span>
     <span class='ocr_line' id='line_1_32' title="bbox 163 3199 1185 3276; baseline -0.002 -19"><span class='ocrx_word' id='word_1_254' title='bbox 163 3200 221 3258; x_wconf 82' lang='lat' dir='ltr'><strong>tela</strong></span> <span class='ocrx_word' id='word_1_255' title='bbox 244 3200 346 3258; x_wconf 85' lang='lat' dir='ltr'><strong>crebra</strong></span> <span class='ocrx_word' id='word_1_256' title='bbox 368 3200 447 3258; x_wconf 78' lang='lat' dir='ltr'><strong>niuis</strong></span> <span class='ocrx_word' id='word_1_257' title='bbox 469 3200 544 3257; x_wconf 77' lang='lat' dir='ltr'><strong>rita:</strong></span> <span class='ocrx_word' id='word_1_258' title='bbox 567 3217 632 3258; x_wconf 90' lang='lat' dir='ltr'><strong>ecce</strong></span> <span class='ocrx_word' id='word_1_259' title='bbox 656 3200 804 3275; x_wconf 89' lang='lat' dir='ltr'><strong>quantum</strong></span> <span class='ocrx_word' id='word_1_260' title='bbox 827 3200 1016 3276; x_wconf 88' lang='lat' dir='ltr'><strong>potestante</strong></span> <span class='ocrx_word' id='word_1_261' title='bbox 1034 3199 1185 3257; x_wconf 89' lang='lat' dir='ltr'><strong>certamen</strong></span> 
     </span>
    </p>
   </div>
   <div class='ocr_carea' id='block_1_5' title="bbox 160 3386 1184 3815">
    <p class='ocr_par' dir='ltr' id='par_1_7' title="bbox 160 3386 1184 3815">
     <span class='ocr_line' id='line_1_33' title="bbox 236 3386 1184 3456; baseline -0.002 -15"><span class='ocrx_word' id='word_1_262' title='bbox 236 3393 269 3441; x_wconf 76' lang='lat'><strong>12</strong></span> <span class='ocrx_word' id='word_1_263' title='bbox 291 3388 378 3456; x_wconf 78' lang='lat' dir='ltr'><strong>positi</strong></span> <span class='ocrx_word' id='word_1_264' title='bbox 397 3386 423 3441; x_wconf 86' lang='lat' dir='ltr'>V</span> <span class='ocrx_word' id='word_1_265' title='bbox 445 3387 483 3441; x_wconf 91' lang='lat' dir='ltr'><strong>ad</strong></span> <span class='ocrx_word' id='word_1_266' title='bbox 509 3386 656 3455; x_wconf 88' lang='lat' dir='ltr'><strong>sequentia</strong></span> <span class='ocrx_word' id='word_1_267' title='bbox 678 3386 775 3455; x_wconf 88' lang='lat' dir='ltr'><strong>inepte</strong></span> <span class='ocrx_word' id='word_1_268' title='bbox 797 3386 886 3440; x_wconf 81' lang='lat' dir='ltr'><strong>traxit</strong></span> <span class='ocrx_word' id='word_1_269' title='bbox 908 3387 952 3442; x_wconf 91' lang='lat' dir='ltr'><strong>ed.</strong></span> <span class='ocrx_word' id='word_1_270' title='bbox 971 3387 1073 3455; x_wconf 77' lang='lat' dir='ltr'><strong>positis</strong></span> <span class='ocrx_word' id='word_1_271' title='bbox 1090 3401 1184 3440; x_wconf 89' lang='lat' dir='ltr'><strong>emen-</strong></span> 
     </span>
     <span class='ocr_line' id='line_1_34' title="bbox 163 3456 1181 3529; baseline -0.003 -16"><span class='ocrx_word' id='word_1_272' title='bbox 163 3459 236 3514; x_wconf 86' lang='lat' dir='ltr'><strong>dari.</strong></span> <span class='ocrx_word' id='word_1_273' title='bbox 265 3460 267 3529; x_wconf 70' lang='lat' dir='ltr'><strong>l</strong></span> <span class='ocrx_word' id='word_1_274' title='bbox 298 3464 390 3529; x_wconf 77' lang='lat' dir='ltr'><strong>speret</strong></span> <span class='ocrx_word' id='word_1_275' title='bbox 409 3458 435 3513; x_wconf 92' lang='lat' dir='ltr'>V</span> <span class='ocrx_word' id='word_1_276' title='bbox 457 3465 568 3529; x_wconf 76' lang='lat' dir='ltr'><strong>spereat</strong></span> <span class='ocrx_word' id='word_1_277' title='bbox 591 3458 634 3513; x_wconf 90' lang='lat' dir='ltr'><strong>ed.</strong></span> <span class='ocrx_word' id='word_1_278' title='bbox 715 3463 748 3513; x_wconf 86' lang='lat'><strong>18</strong></span> <span class='ocrx_word' id='word_1_279' title='bbox 771 3458 936 3513; x_wconf 67' lang='lat' dir='ltr'><strong>videbantur</strong></span> <span class='ocrx_word' id='word_1_280' title='bbox 949 3456 976 3511; x_wconf 79' lang='lat' dir='ltr'><strong>V</strong></span> <span class='ocrx_word' id='word_1_281' title='bbox 993 3458 1095 3513; x_wconf 78' lang='lat' dir='ltr'><strong>-tatur</strong></span> <span class='ocrx_word' id='word_1_282' title='bbox 1112 3457 1181 3529; x_wconf 66' lang='lat' dir='ltr'><strong>ed!</strong></span> 
     </span>
     <span class='ocr_line' id='line_1_35' title="bbox 161 3528 1182 3586; baseline -0.003 -1"><span class='ocrx_word' id='word_1_283' title='bbox 161 3532 203 3586; x_wconf 82' lang='lat' dir='ltr'><strong>sic</strong></span> <span class='ocrx_word' id='word_1_284' title='bbox 221 3532 294 3585; x_wconf 80' lang='lat' dir='ltr'><strong>caim</strong></span> <span class='ocrx_word' id='word_1_285' title='bbox 312 3546 366 3585; x_wconf 88' lang='lat' dir='ltr'><strong>cm.</strong></span> <span class='ocrx_word' id='word_1_286' title='bbox 381 3530 424 3584; x_wconf 92' lang='lat' dir='ltr'><strong>ed.</strong></span> <span class='ocrx_word' id='word_1_287' title='bbox 494 3536 528 3584; x_wconf 79' lang='lat'><strong>14</strong></span> <span class='ocrx_word' id='word_1_288' title='bbox 545 3531 633 3584; x_wconf 82' lang='lat' dir='ltr'><strong>hostes</strong></span> <span class='ocrx_word' id='word_1_289' title='bbox 651 3529 694 3583; x_wconf 89' lang='lat' dir='ltr'><strong>ed.</strong></span> <span class='ocrx_word' id='word_1_290' title='bbox 768 3535 802 3584; x_wconf 81' lang='lat'><strong>15</strong></span> <span class='ocrx_word' id='word_1_291' title='bbox 821 3546 881 3584; x_wconf 83' lang='lat' dir='ltr'><strong>eam</strong></span> <span class='ocrx_word' id='word_1_292' title='bbox 899 3528 996 3584; x_wconf 83' lang='lat' dir='ltr'><strong>iamV</strong></span> <span class='ocrx_word' id='word_1_293' title='bbox 1014 3545 1046 3583; x_wconf 88' lang='lat' dir='ltr'><strong>ec</strong></span> <span class='ocrx_word' id='word_1_294' title='bbox 1064 3530 1121 3583; x_wconf 80' lang='lat' dir='ltr'><strong>iam</strong></span> <span class='ocrx_word' id='word_1_295' title='bbox 1139 3528 1182 3582; x_wconf 92' lang='lat' dir='ltr'><strong>ed.</strong></span> 
     </span>
     <span class='ocr_line' id='line_1_36' title="bbox 161 3598 1179 3672; baseline -0.003 -16"><span class='ocrx_word' id='word_1_296' title='bbox 161 3604 220 3656; x_wconf 80' lang='lat' dir='ltr'><strong>ium</strong></span> <span class='ocrx_word' id='word_1_297' title='bbox 238 3604 316 3656; x_wconf 78' lang='lat' dir='ltr'><strong>ium?</strong></span> <span class='ocrx_word' id='word_1_298' title='bbox 378 3606 411 3654; x_wconf 88' lang='lat'><strong>18</strong></span> <span class='ocrx_word' id='word_1_299' title='bbox 429 3603 592 3657; x_wconf 71' lang='lat' dir='ltr'><strong>sabneterat</strong></span> <span class='ocrx_word' id='word_1_300' title='bbox 604 3600 638 3655; x_wconf 92' lang='lat' dir='ltr'><strong>V.</strong></span> <span class='ocrx_word' id='word_1_301' title='bbox 700 3606 733 3655; x_wconf 76' lang='lat'><strong>2⁷</strong></span> <span class='ocrx_word' id='word_1_302' title='bbox 754 3600 859 3671; x_wconf 75' lang='lat' dir='ltr'><strong>quosV</strong></span> <span class='ocrx_word' id='word_1_303' title='bbox 878 3617 959 3670; x_wconf 78' lang='lat' dir='ltr'><strong>equos</strong></span> <span class='ocrx_word' id='word_1_304' title='bbox 976 3617 1027 3653; x_wconf 87' lang='lat' dir='ltr'><strong>nos</strong></span> <span class='ocrx_word' id='word_1_305' title='bbox 1045 3601 1094 3669; x_wconf 78' lang='lat' dir='ltr'><strong>qui</strong></span> <span class='ocrx_word' id='word_1_306' title='bbox 1112 3598 1179 3672; x_wconf 70' lang='lat' dir='ltr'><strong>ed}</strong></span> 
     </span>
     <span class='ocr_line' id='line_1_37' title="bbox 160 3671 1184 3740; baseline -0.003 -13"><span class='ocrx_word' id='word_1_307' title='bbox 160 3674 284 3740; x_wconf 75' lang='lat' dir='ltr'><strong>ferentes</strong></span> <span class='ocrx_word' id='word_1_308' title='bbox 297 3672 323 3725; x_wconf 92' lang='lat' dir='ltr'><strong>V</strong></span> <span class='ocrx_word' id='word_1_309' title='bbox 340 3673 361 3739; x_wconf 74' lang='lat' dir='ltr'><strong>f.</strong></span> <span class='ocrx_word' id='word_1_310' title='bbox 381 3679 460 3727; x_wconf 69' lang='lat' dir='ltr'><strong>aaut</strong></span> <span class='ocrx_word' id='word_1_311' title='bbox 478 3674 521 3727; x_wconf 92' lang='lat' dir='ltr'><strong>ed.</strong></span> <span class='ocrx_word' id='word_1_312' title='bbox 578 3674 643 3727; x_wconf 81' lang='lat' dir='ltr'><strong>olim</strong></span> <span class='ocrx_word' id='word_1_313' title='bbox 661 3689 714 3727; x_wconf 92' lang='lat' dir='ltr'><strong>om.</strong></span> <span class='ocrx_word' id='word_1_314' title='bbox 730 3672 774 3727; x_wconf 90' lang='lat' dir='ltr'><strong>ed.</strong></span> <span class='ocrx_word' id='word_1_315' title='bbox 830 3677 863 3726; x_wconf 80' lang='lat'><strong>29</strong></span> <span class='ocrx_word' id='word_1_316' title='bbox 882 3671 1039 3728; x_wconf 67' lang='lat' dir='ltr'><strong>incauti</strong></span> <span class='ocrx_word' id='word_1_317' title='bbox 1057 3672 1184 3727; x_wconf 75' lang='lat' dir='ltr'><strong>initietur</strong></span> 
     </span>
     <span class='ocr_line' id='line_1_38' title="bbox 162 3744 856 3815; baseline 0.001 -17"><span class='ocrx_word' id='word_1_318' title='bbox 162 3745 206 3798; x_wconf 89' lang='lat' dir='ltr'><strong>ed.</strong></span> <span class='ocrx_word' id='word_1_319' title='bbox 281 3748 315 3797; x_wconf 80' lang='lat'><strong>30</strong></span> <span class='ocrx_word' id='word_1_320' title='bbox 334 3744 458 3813; x_wconf 75' lang='lat' dir='ltr'><strong>impellat</strong></span> <span class='ocrx_word' id='word_1_321' title='bbox 475 3744 519 3799; x_wconf 90' lang='lat' dir='ltr'><strong>ed.</strong></span> <span class='ocrx_word' id='word_1_322' title='bbox 581 3750 703 3801; x_wconf 84' lang='lat' dir='ltr'><strong>armatos</strong></span> <span class='ocrx_word' id='word_1_323' title='bbox 721 3744 766 3800; x_wconf 89' lang='lat' dir='ltr'><strong>ed.</strong></span> <span class='ocrx_word' id='word_1_324' title='bbox 779 3745 856 3815; x_wconf 86' lang='lat' dir='ltr'><strong>pest.</strong></span> 
     </span>
    </p>
   </div>
   <div class='ocr_carea' id='block_1_6' title="bbox 0 0 1368 4150">
    <p class='ocr_par' dir='ltr' id='par_1_8' title="bbox 0 0 1368 4150">
     <span class='ocr_line' id='line_1_39' title="bbox 0 0 1368 4150; baseline 0 0"><span class='ocrx_word' id='word_1_325' title='bbox 0 0 1368 4150; x_wconf 95' lang='lat' dir='ltr'><strong> </strong></span> 
     </span>
    </p>
   </div>
  </div>
 </body>
</html>
