2725 4150
539 326 724 384 AENElDOS
741 326 795 383 XII
1115 329 1182 396 563

157 502 257 560 rasset
270 498 396 558 celerius
409 497 554 558 interiret.
576 497 667 558 simul
680 496 773 556 etiam
782 496 884 557 docuit
898 496 971 558 artie
985 495 1182 557 necessariam

157 590 291 666 partem3
314 606 385 647 num
406 587 512 648 modus
536 589 583 647 est
604 588 703 646 certus
725 605 784 662 quo
807 585 936 647 candens
954 588 1067 647 fenum
1085 605 1182 664 aquae

159 676 289 757 trigidae
311 677 472 756 mergitur,
494 679 530 734 ut
552 696 588 736 ex
610 679 739 752 utroque
757 678 958 751 temperatum
975 695 1030 736 nee
1053 676 1183 736 dissiliat

159 766 235 828 satis
258 766 368 826 durum
388 785 443 826 nec
465 784 587 826 rursum
608 765 749 825 inefficax
771 765 838 841 fiat,
861 767 889 825 ei
910 766 1074 842 plurimum
1091 764 1184 824 fuerit

123 857 259 916 emolle.
304 857 385 926 eata,
412 853 679 931 hecatontade,
708 871 783 929 puae
806 855 911 914 modiis
936 856 1049 930 merati
1070 855 1184 914 adaiae

161 946 298 1006 morrona
324 946 447 1027 adibas
473 945 612 1005 adstabat
637 944 770 1004 vatatam
796 945 828 1002 oi
851 945 972 1018 corripit
993 944 1124 1004 tactura:
1153 946 1184 1004 et

160 1036 281 1095 hastam
297 1034 405 1095 laudat
423 1036 454 1094 et
471 1033 711 1114 magnitudinem
728 1051 815 1093 suam
833 1035 864 1092 et
882 1033 1017 1093 Turnum
1035 1033 1089 1111 qui
1106 1034 1184 1094 hano

160 1125 282 1201 poterat
303 1124 426 1185 virtutis
448 1126 579 1184 tractare
602 1122 780 1183 substantia.
823 1123 912 1183 hasta
934 1122 1089 1198 laudatur,
1112 1122 1184 1199 quia

160 1217 226 1273 tam
248 1231 360 1291 magna
381 1214 453 1287 fuit,
482 1216 519 1273 ut
546 1212 677 1291 ingentis
705 1213 863 1272 columnae
891 1211 1081 1274 adminiculis
1105 1215 1184 1272 stare

115 1321 142 1360 ro
160 1304 264 1380 posset
286 1307 317 1362 et
338 1303 416 1380 regi,
440 1303 521 1379 quod
543 1302 591 1378 fit,
618 1323 656 1360 ne
681 1305 824 1361 curvatae
846 1302 952 1362 hastae
974 1320 1063 1361 usum
1085 1320 1184 1362 neces·

162 1393 277 1452 sarium
305 1391 441 1469 perdant
486 1393 578 1467 hanc,
607 1391 679 1450 licet
705 1394 784 1450 essct
811 1410 865 1468 pro
894 1409 950 1451 sua
975 1391 1185 1470 magnitudine

160 1480 342 1558 ponderosa,
372 1481 476 1558 rapuit
498 1481 631 1556 Turnus3
660 1482 741 1540 tanti
766 1481 847 1539 anim
869 1481 961 1541 etium
983 1480 1047 1557 ipse
1069 1479 1185 1540 roboris

161 1571 235 1646 fnit,
258 1569 401 1630 utillum
428 1590 489 1630 non
514 1570 646 1643 tolleret,
676 1568 729 1630 sed
752 1571 923 1648 corriperet.
969 1570 1116 1645 corripere
1140 1572 1186 1630 est

161 1658 279 1736 aliquid
308 1660 372 1719 sine
400 1661 510 1720 conatu
540 1678 574 1719 ac
604 1659 784 1718 difficultate
814 1659 1061 1736 conprehendere.
1107 1659 1185 1718 hanc

117 1767 143 1807 1o
161 1748 258 1828 igitur
280 1748 348 1808 aliis
370 1767 495 1826 gravem
517 1751 548 1808 et
574 1749 648 1808 satis
676 1766 833 1808 onerosam
856 1749 977 1808 Turnus
1003 1749 1109 1825 rapuit
1129 1766 1185 1826 pro

161 1838 231 1898 levi
275 1838 426 1898 rediturus
450 1838 489 1897 ad
517 1836 638 1897 laudem
659 1838 765 1897 hastae
796 1840 827 1896 et
850 1837 930 1915 quod
960 1839 995 1897 de
1023 1856 1059 1897 ea
1085 1838 1185 1898 minus

162 1927 281 1987 dixerat
303 1928 436 2005 conplet:
465 1924 596 1996 detorta,
619 1927 733 2002 inquit,
759 1923 898 1986 Aorwaei
919 1927 1060 2000 spoliaras
1089 1927 1186 1986 occiso

162 2015 268 2077 Actori
286 2016 428 2078 Aurunco
448 2016 546 2077 fuerat
564 2015 712 2092 deuecta,
736 2014 828 2095 digua
849 2016 965 2077 scilieet
985 2036 1063 2096 quae
1084 2035 1185 2095 repor

161 2109 261 2167 tatem
284 2106 320 2165 de
343 2106 507 2167 fortissimo
535 2106 601 2166 viro
623 2105 782 2168 victoriam
804 2108 974 2166 testaretur.
1010 2111 1187 2180 quassatque

121 2214 144 2255 ro
162 2200 329 2256 trementem
346 2197 527 2271 uociferaacg
547 2196 626 2255 huno
644 2196 832 2272 frequentius
855 2214 1042 2255 commovens
1063 2195 1110 2256 his
1134 2196 1185 2255 ad·
1205 2208 1239 2257 aa

161 2287 281 2345 locutus
305 2288 351 2346 est
373 2286 505 2361 Turnus,
527 2304 599 2345 voce
622 2286 738 2345 scilicet
756 2286 850 2361 clara,
874 2286 947 2361 quia
964 2284 1070 2344 multis
1093 2284 1187 2344 animi

161 2374 391 2435 necessitatibus
417 2374 516 2434 fuerat
543 2373 700 2434 excitatns.
745 2375 922 2433 trementem
951 2373 1069 2450 proprie
1098 2373 1187 2449 dixit3

162 2464 311 2540 quicquid
343 2464 423 2521 enim
453 2464 578 2541 longum
607 2466 653 2523 est
682 2482 742 2522 non
776 2463 937 2523 secundum
965 2462 1187 2541 longitudinem

161 2552 300 2614 validm
335 2554 438 2612 tremit
466 2572 533 2613 eum
563 2553 656 2613 fuerit
684 2555 807 2612 motum.
858 2570 949 2622 coac,
980 2569 996 2611 o
1026 2570 1188 2627 numquam

116 2660 142 2701 as
161 2646 313 2717 frustrata
334 2647 453 2702 vocatas
475 2643 562 2701 tracta
582 2659 675 2701 meos:
704 2643 806 2717 hasta,
833 2643 946 2718 inquit,
970 2642 1071 2717 fortis,
1098 2641 1188 2722 hasta

162 2731 274 2792 ominis
292 2730 376 2805 boni,
399 2750 504 2809 quam,
523 2732 663 2809 quotiens
681 2732 834 2807 invocavi,
852 2732 930 2791 sensi
949 2730 1134 2790 commodam
1158 2732 1189 2789 et

163 2841 234 2881 cum
257 2840 318 2897 qua
340 2820 475 2899 superior
496 2823 628 2880 remeavi
650 2820 686 2879 de
709 2839 824 2897 campo.
856 2838 935 2879 aaac
957 2824 1070 2894 tempos
1092 2820 1189 2879 adast:

163 2911 310 2988 quoniam
327 2911 449 2989 gravior
465 2909 561 2970 hostis
581 2909 711 2969 occurrit
729 2912 760 2969 et
778 2909 854 2969 dura
867 2909 1024 2987 pugnandi
1044 2907 1189 2985 condicio,

163 3019 247 3060 nunc
269 3000 355 3059 adest
377 3001 495 3076 tempus
517 3002 555 3058 ut
576 3000 659 3059 ultra
681 3000 806 3059 solitum
828 3018 941 3058 morem
958 2998 1093 3058 favorem
1116 3000 1189 3058 tuae

115 3109 142 3150 so
163 3088 289 3151 virtutis
312 3090 343 3147 et
360 3088 515 3149 felicitatis
534 3089 682 3148 ostendas.
716 3093 741 3147 to
758 3090 908 3148 mactatos
925 3085 1024 3157 Actor,
1048 3092 1074 3147 to
1093 3087 1190 3146 Tiarai

163 3196 246 3238 aaac
264 3178 366 3237 dextra
382 3179 470 3253 perit:
493 3197 547 3237 nec
564 3178 673 3254 prioris
694 3177 807 3237 domini
824 3178 965 3236 meritum
980 3178 1011 3235 te
1025 3178 1189 3254 deprimere

164 3267 307 3328 convenit
336 3286 391 3327 nec
420 3267 593 3343 praesentis.
639 3286 712 3343 non,
742 3267 857 3344 inquit,
886 3265 1056 3325 ceciderunt
1082 3267 1190 3326 merita

164 3362 221 3417 tua
242 3376 297 3416 nec
320 3358 389 3433 post
410 3358 492 3416 illius
510 3356 630 3417 Actoris
653 3355 777 3415 maximi
800 3374 951 3415 excessum
972 3357 1003 3414 te
1020 3357 1124 3432 portat
1146 3356 1189 3414 in·

240 3514 255 3561 1
276 3511 356 3564 cortis
369 3507 395 3561 V
410 3509 453 3563 ed.
473 3510 543 3564 cotis
560 3525 619 3563 nos.
684 3513 700 3562 3
723 3510 835 3564 assotiat
856 3508 899 3563 ed.
961 3514 978 3562 4
1000 3525 1111 3563 rursum
1135 3524 1190 3562 om.

165 3580 240 3635 edl'.
305 3585 321 3634 5
340 3582 372 3635 ia
390 3581 488 3635 radiis
506 3580 549 3634 ed.
611 3584 627 3632 9
645 3581 677 3634 ia
696 3580 804 3635 curav
822 3582 881 3636 siae
899 3580 918 3634 t.
938 3579 1009 3633 edi'.
1071 3584 1105 3633 10
1124 3596 1191 3648 pas-

164 3650 247 3707 setV
265 3667 322 3706 noa
336 3668 366 3720 p.
387 3652 457 3707 edF.
488 3652 492 3723 t
525 3657 641 3706 curuata
658 3596 773 3707 Vocon.
793 3652 836 3707 ed.
918 3657 952 3705 12
976 3652 1048 3706 caim
1071 3667 1125 3705 om.
1146 3651 1190 3706 ed.

167 3727 205 3777 18
228 3725 337 3779 auctori
354 3722 387 3776 V.
467 3728 500 3777 27
519 3740 581 3778 carn
598 3740 681 3791 qaam
694 3721 728 3777 V.
804 3727 838 3777 28
857 3722 1027 3793 pacatamV
1044 3739 1128 3792 qaam
1146 3722 1190 3778 cd.

987 3829 1042 3883 ae*
