2725 4150
560 310 745 369 AENEIDOS
762 310 807 380 XI⁴
1126 309 1191 377 501

172 485 233 543 tius
257 481 371 558 aliquid
392 480 504 540 iacitur
526 482 640 556 quanto
662 496 769 538 manus
791 481 955 538 retrorsum
977 477 1071 537 fuerit
1093 476 1193 538 dueta.

173 571 301 649 denique
329 569 491 631 subnexuit
516 586 638 627 sonum
663 568 775 636 undae,
806 570 843 627 ut
872 586 951 644 aqua
981 585 1099 644 quoque
1126 566 1193 643 ipsa

172 661 320 720 mittentis
345 661 408 719 vim
429 656 696 733 fortitudinemque
724 657 873 716 sensisset.
920 658 1095 716 contentum
1117 657 1193 715 aoei-¹

172 750 314 827 piendum
337 751 383 809 est
412 748 567 807 oeulorum
589 748 621 805 et
642 746 737 806 animi
761 745 892 805 sollicita
916 745 1116 806 destinatione
1138 744 1193 804 lib·

141 859 153 898 s
171 842 278 898 ratum.
307 839 448 912 rapidum
461 853 550 911 super
564 853 680 894 amnon
693 835 798 908 tofeblo
810 837 887 910 fuqtt
902 836 933 894 tn
946 835 1043 894 torulo
1056 834 1194 894 stridente

173 928 316 988 Camilla:
344 927 495 986 infelicem
521 928 601 986 reote
629 923 732 1002 posuit
758 943 818 983 non
845 924 926 1000 ideo,
957 924 1030 1001 quia
1057 923 1137 1002 fugit
1164 927 1195 983 et

171 1018 268 1077 evasit
289 1017 398 1092 hostis,
426 1016 478 1076 red
503 1015 576 1092 quia
603 1015 659 1073 illa
686 1015 786 1073 aetate
813 1016 861 1073 tot
887 1014 1020 1089 pericula
1047 1014 1193 1074 sustinere

171 1106 354 1166 commeruit.
386 1105 483 1182 primo
507 1104 641 1163 omnium
657 1101 763 1162 infelix
781 1103 861 1179 ideo,
885 1104 966 1179 quod
985 1101 1102 1180 inipso
1122 1122 1193 1163 suae

170 1196 339 1255 nativitatis
363 1195 483 1254 exordio
505 1193 538 1252 in
560 1192 680 1253 sedibus
699 1191 820 1270 patriis,
844 1192 954 1252 amissa
977 1193 1068 1253 etiarn
1086 1196 1193 1269 matre,

125 1306 152 1345 1o
170 1287 282 1344 morari
306 1304 367 1343 non
394 1283 507 1360 potuit,
535 1282 615 1358 quod
642 1283 739 1342 adhue
765 1282 867 1342 infans
895 1281 1055 1342 exereitum
1082 1283 1192 1344 eivium

170 1375 276 1434 habuit
297 1373 465 1449 inimieum,
489 1372 570 1449 quod
593 1391 662 1431 oum
685 1373 748 1431 eius
770 1371 889 1450 ingenti
909 1371 1042 1448 periculo
1061 1372 1192 1449 patriam

169 1464 301 1540 perdidit
329 1466 428 1541 pater,
458 1481 529 1538 opes
557 1480 676 1538 quoque
705 1464 735 1521 et
761 1460 909 1539 regnandi
934 1461 1117 1538 potentiam,
1143 1463 1192 1522 vel

170 1553 251 1629 quod
274 1554 338 1612 sine
362 1551 543 1611 adminiculo
566 1551 692 1611 nutricis
716 1553 821 1610 aveeta
839 1553 886 1610 est
907 1549 940 1609 in
962 1548 1139 1610 solitudines
1162 1555 1193 1610 et

169 1642 336 1720 longinqua
358 1645 521 1716 terram,
545 1641 626 1716 quod
644 1643 818 1700 occurrente
836 1640 1033 1701 inundatione
1050 1639 1192 1700 torrentis

125 1751 150 1790 ιε
170 1732 208 1791 ad
231 1733 330 1808 ipsam
352 1734 480 1790 mortem
501 1731 592 1807 plena
611 1730 818 1806 desperatione
836 1729 981 1806 perducta
1004 1731 1062 1805 est,
1086 1728 1192 1788 dehine

170 1820 249 1896 quod
271 1823 303 1880 in
327 1822 393 1897 ipso
416 1821 498 1880 iaetu
517 1819 642 1880 diversis
660 1819 811 1896 potuisset
828 1819 970 1896 perieulis
988 1818 1097 1895 premi;
1121 1837 1192 1878 nam

169 1914 200 1969 et
214 1909 317 1970 eadere
331 1910 363 1968 in
377 1910 473 1970 undas
487 1928 556 1969 oum
569 1909 669 1968 iaeulo
688 1909 790 1985 potuit
807 1911 845 1984 et,
865 1909 890 1968 si
908 1907 1076 1984 transisset,
1092 1913 1191 1969 terrae

169 1999 289 2059 conlidi.
322 2002 400 2059 certe
415 2018 507 2077 quam
521 1997 761 2058 discriminosum
774 1998 834 2057 luit
845 1999 950 2058 hastae
964 1999 1046 2058 iactu
1059 1997 1191 2075 liberari,

169 2108 247 2166 quae
266 2090 400 2167 auspicio
419 2090 567 2149 humanae
586 2088 667 2148 neeis
686 2088 768 2147 faeta
787 2090 846 2163 est,
865 2107 924 2148 non
942 2089 1063 2149 salutis!
1093 2090 1190 2150 omnis

123 2197 150 2236 ao
168 2181 241 2238 haee
264 2178 433 2257 desperatio
456 2197 491 2238 eo
514 2177 624 2252 tendit,
647 2180 684 2237 ut
700 2177 814 2237 Metabi
832 2180 863 2237 et
881 2177 1026 2239 Camillae
1045 2182 1190 2255 appareat

167 2270 307 2328 meritum
336 2269 367 2326 et
389 2267 506 2327 Dianae
533 2266 683 2345 potentia,
709 2266 860 2326 infelicem
888 2267 991 2327 autem
1017 2270 1190 2329 summatim

167 2358 234 2416 vult
256 2377 319 2417 esse
337 2357 491 2436 Vergilius
517 2356 570 2432 qui
591 2356 662 2416 inde
686 2357 787 2416 evadit
808 2357 886 2415 unde
912 2356 1015 2433 potnit
1035 2358 1122 2416 mori.
1159 2361 1191 2416 ot

167 2448 307 2506 Metabus
324 2465 435 2520 mopso
443 2448 570 2521 propius
587 2447 650 2505 tura
667 2449 786 2521 arpena
804 2438 992 2506 ootoroodot
1008 2446 1251 2517 resultavimus

168 2556 237 2595 oum
266 2536 433 2596 subiaceret
464 2535 559 2596 oculis
588 2534 703 2595 Metabi
734 2534 900 2613 perieulum
931 2533 1189 2596 evidentissimum

123 2641 148 2681 as
166 2626 298 2684 fluminis
322 2628 352 2685 et
375 2625 458 2684 aliud
487 2627 609 2702 urgeret
632 2644 650 2683 a
672 2626 772 2703 tergo,
802 2623 1036 2702 adgrediendum
1059 2625 1189 2684 alterum

166 2715 238 2791 fuit,
265 2717 300 2774 ut
327 2715 456 2774 alterum
481 2716 639 2775 vitaretur.
684 2733 789 2773 verum
815 2714 888 2790 quia
916 2733 951 2772 ox
978 2714 1075 2772 altera
1101 2716 1188 2791 parte

165 2805 328 2865 manifesta
352 2802 498 2882 pernicies
521 2802 700 2878 inminebat,
722 2804 755 2861 in
774 2803 900 2863 alteram
918 2821 988 2863 vero
1007 2821 1067 2861 uon
1086 2803 1189 2863 deerat

166 2912 234 2971 spes
253 2895 359 2971 optata
376 2894 564 2969 transeundi,
587 2892 671 2952 dedit
691 2911 722 2953 re
740 2891 845 2967 fluvio,
869 2892 984 2952 scilieet
1001 2893 1187 2954 consentiens

166 3002 276 3059 aquae,
305 2983 353 3043 vel
382 2983 511 3043 maxime
535 2983 606 3059 quia
633 2980 760 3041 ulterior
786 2982 853 3057 ripa
880 2981 943 3041 iam
969 2982 1120 3042 retinebat
1142 2984 1186 3041 in-

120 3088 146 3127 eo
165 3072 288 3131 fantem.
335 3072 388 3131 dat
410 3091 474 3132 sese
496 3071 588 3132 fluvio
615 3090 675 3130 uon
698 3068 796 3130 solum
817 3070 895 3130 illud
917 3071 1079 3150 significat,
1107 3071 1187 3147 quod

165 3162 197 3220 in
220 3162 346 3220 fiuvium
368 3179 432 3222 sese
455 3162 594 3236 coniecit,
623 3180 729 3220 verum
756 3161 848 3219 etiam
876 3180 937 3237 qua
965 3163 1028 3222 arte
1055 3161 1186 3223 fluminis

238 3340 473 3410 lqaantquu.
487 3342 577 3411 mapis
594 3340 638 3395 ed.
694 3346 830 3410 loquum
844 3339 870 3395 V
884 3356 952 3395 oorr.
968 3340 1011 3395 ed.
1067 3342 1187 3396 tomes-

164 3428 225 3466 som
253 3413 336 3467 etam
365 3420 479 3468 matrem
505 3412 561 3466 ΗΟ
585 3412 628 3467 ed.
712 3416 746 3465 10
773 3410 853 3468 orare
875 3410 901 3465 V
923 3412 967 3466 ed.
995 3413 1100 3467 ormari
1126 3429 1185 3467 nos.

166 3496 200 3546 13
219 3498 309 3547 euecta
327 3492 371 3547 ed.
427 3497 461 3547 16
477 3486 608 3563 potse'itV
621 3493 756 3561 potuisset
772 3509 824 3547 nos
838 3494 962 3561 potuerit
979 3491 1022 3547 ed.
1076 3496 1110 3545 18
1128 3492 1186 3546 dis-

164 3564 341 3619 criminouom
362 3561 388 3616 V
409 3565 594 3633 periculosum
617 3564 661 3619 ed.
739 3570 772 3617 22
799 3566 847 3633 qwi
869 3562 895 3617 V
920 3564 992 3633 quod
1016 3563 1059 3617 ed.
1088 3563 1091 3635 l
1121 3564 1186 3619 inde

159 3633 297 3775 maed
318 3651 387 3690 corr.
406 3635 450 3689 ed.
524 3640 558 3690 29
583 3636 709 3691 ulteriori
726 3634 753 3690 V
773 3636 888 3691 ulterior
908 3636 974 3704 ripa
995 3651 1047 3689 nos
1071 3635 1186 3692 ulterior
