2725 4150
536 354 802 411 annnmosvm
1064 386 1067 390 μ
1118 357 1182 424 155

162 527 229 584 cum
247 525 330 583 laeta
348 527 420 583 sunt
438 525 548 600 omnia,
561 520 585 604 †
598 526 634 583 ut
651 529 699 583 res
718 525 847 584 secunda
861 569 1182 584 ...............

162 658 259 673 .....
274 613 326 673 sed
340 632 484 690 prospera
498 616 569 673 sunt
582 616 613 673 et
626 658 634 673 .
649 659 656 672 .
672 660 678 674 .
694 660 701 674 .
717 657 724 672 .
739 659 746 673 .
759 613 838 673 banc
851 613 946 691 igitur
957 614 1094 672 laetitiae
1107 634 1182 672 nun·

160 704 237 762 tiam
259 702 292 761 in
315 703 468 779 speciebus
490 703 630 779 plurimis
652 703 790 762 ferebant
812 720 974 762 sacrorum.
1020 703 1183 762 campiani·

161 809 215 866 pne
237 793 367 851 canatis
390 792 525 852 tenebas
548 810 635 852 aras:
658 791 761 853 debuit
783 792 863 851 enim
889 791 1017 869 repetito
1045 791 1183 852 canucio

131 880 317 941 chominum
349 881 440 941 etiam
472 882 589 940 numini
615 881 777 941 secundum
806 881 939 941 officium
965 881 1185 958 repraesentari

159 971 404 1030 honorificentiae
434 971 596 1031 sollemnis.
642 974 704 1029 taem
731 972 802 1030 sotii
829 972 870 1030 ad
892 974 1011 1031 enaim:
1040 971 1184 1031 saliorum
1194 980 1245 1032 28⁶

160 1079 270 1118 nomen
306 1079 400 1138 genus
436 1060 644 1120 ministrorum
680 1060 839 1139 significat.
899 1061 1035 1135 populeis
1076 1061 1186 1120 adeant

162 1150 266 1208 evincti
296 1153 426 1223 tempora
455 1150 565 1208 ramis:
593 1149 671 1208 dixit
699 1151 752 1226 qui
781 1149 963 1225 dicerentur,
994 1149 1067 1209 dicit
1093 1149 1185 1209 etiam

161 1238 414 1315 quemadmodum
436 1239 572 1299 coronati
594 1239 760 1300 venissent:
782 1241 877 1313 tecta,
899 1238 1012 1316 inquit,
1034 1238 1186 1299 habebant

117 1347 144 1387 ro
161 1331 299 1405 tempora
321 1328 459 1405 populeis
481 1327 582 1388 ramis.
627 1328 675 1386 tie
696 1329 837 1387 incertam
859 1328 976 1397 clares,
999 1329 1049 1387 iiie
1068 1346 1186 1387 sennen:

162 1418 212 1490 qai
242 1418 374 1476 carmine
403 1417 507 1476 iacies
534 1417 700 1477 Herculeas
730 1421 757 1476 et
778 1420 860 1491 faeta
883 1419 998 1492 serent:
1026 1418 1122 1494 partis
1146 1418 1186 1477 ad

162 1509 268 1565 cantus
293 1509 442 1582 quaerant
464 1525 525 1565 non
546 1508 646 1583 turpis
670 1507 725 1566 aut
748 1507 784 1566 ab
803 1505 878 1583 ipsis
896 1525 1048 1566 sacrorum
1067 1507 1185 1566 sollem-

161 1595 307 1655 nitatibus
338 1595 452 1655 alienos
482 1614 537 1655 nec
565 1595 674 1654 humili
703 1598 759 1655 aut
787 1597 918 1672 inperito
950 1614 1084 1655 sermone
1117 1614 1185 1655 eon-

162 1686 290 1762 positos‚
319 1685 371 1744 sed
398 1685 530 1763 digestos
558 1703 628 1744 cum
655 1684 822 1745 doctissimi
849 1685 990 1745 carminis
1018 1683 1186 1762 disciplina,

118 1776 351 1833 inhonestatem
380 1793 499 1851 quoque
529 1793 598 1834 cum
627 1774 675 1833 dei
705 1773 896 1835 veneratione
927 1773 1077 1834 testantis.
1127 1773 1185 1849 hic,

163 1864 215 1938 ait,
238 1863 379 1923 iuvenum
403 1865 525 1939 chorus,
547 1864 599 1922 ille
623 1882 741 1924 senum:
763 1883 858 1940 usque
880 1862 955 1924 adeo
978 1863 1117 1942 religiose
1141 1883 1185 1924 se·

162 1951 360 2029 parabantur,
383 1955 420 2012 ut
442 1971 525 2013 senes
548 1954 746 2013 consisterent
768 1973 804 2012 ex
825 1973 887 2013 una
909 1955 1009 2030 parte,
1032 1971 1107 2031 quos
1125 1972 1187 2013 non

164 2041 282 2101 deceret
306 2042 364 2102 nisi
392 2061 477 2103 sacra
505 2044 640 2119 cantare,
668 2045 699 2103 et
725 2043 848 2104 iuvenes
877 2062 913 2101 ex
941 2044 1015 2119 alia,
1040 2042 1094 2121 qui
1117 2060 1186 2104 suos

164 2132 292 2191 maiores
320 2133 520 2192 imitarentur.
576 2133 628 2210 qui
661 2133 792 2193 carmine
824 2133 928 2192 laudes
961 2133 1123 2193 Herculeas
1157 2135 1188 2193 et

120 2237 147 2277 ro
165 2220 246 2279 facta
267 2221 382 2280 ferunt:
405 2223 467 2280 iam
491 2222 605 2281 dictum
628 2225 675 2282 est
695 2222 792 2299 ipsius
816 2222 865 2282 dei
887 2222 980 2281 fnisse
1004 2223 1084 2300 quod
1103 2240 1187 2282 senes

164 2312 347 2388 iuvenesque
370 2311 543 2370 cantabant.
576 2312 658 2388 quod
681 2311 862 2390 generaliter
884 2313 989 2388 posuit
1010 2311 1124 2386 laudes,
1143 2313 1187 2370 in-

164 2399 239 2476 cipit
261 2400 432 2476 specialiter
455 2401 565 2460 dicere:
587 2407 622 2459 at
639 2403 742 2473 prima
768 2417 910 2460 novercae
936 2404 1069 2460 monstra
1095 2417 1188 2458 mana

161 2490 347 2563 pernicesque
379 2506 517 2563 premens
553 2490 662 2549 eliserit
698 2491 814 2564 napata
872 2490 941 2563 hoc,
977 2489 1091 2563 inquit,
1128 2487 1189 2546 tuit

163 2580 296 2653 primum
317 2579 351 2636 in
374 2598 467 2655 puero
490 2578 614 2638 virtutis
642 2578 801 2653 indicium,
830 2577 911 2653 quod
938 2579 1089 2654 serpentes
1113 2577 1187 2637 duos

119 2682 146 2723 re
164 2667 298 2746 singulos
322 2667 449 2745 singulis
472 2667 609 2727 manibus
634 2667 803 2727 constrictis
827 2667 964 2726 faucibus
982 2665 1110 2726 necavit.
1140 2666 1189 2725 hic

164 2756 359 2816 multiformis
393 2760 439 2816 est
470 2758 551 2835 laus3
582 2759 728 2835 inagnum
759 2756 839 2816 enim
870 2755 1049 2815 miraculum
1082 2757 1128 2815 est
1156 2753 1188 2814 in

164 2865 258 2922 puero
291 2846 408 2905 nullum
439 2865 583 2923 pavorem
614 2847 720 2920 fuisse,
752 2865 813 2905 non
844 2844 980 2905 timuisse
1009 2844 1043 2903 in
1072 2844 1188 2904 duobus

164 2935 314 3013 anguibus
337 2935 484 2995 maiorem
505 2936 697 3011 violentiam,
719 2935 824 2993 rudem
848 2933 963 2994 scilicet
986 2938 1017 2994 et
1038 2936 1190 2995 insuetum

238 3112 252 3157 1
272 3104 359 3159 verba
375 3111 455 3160 at-
470 3111 486 3158 2
506 3112 532 3160 et
552 3107 685 3175 corrupta
704 3106 733 3160 et
750 3103 853 3159 mutila
871 3120 932 3158 esse
950 3104 1044 3173 patet:
1070 3103 1189 3158 fortasse

163 3182 196 3230 at
220 3194 264 3231 rea
288 3178 424 3233 scaenae
446 3193 504 3232 aaa
523 3183 586 3246 pest
608 3179 682 3233 aliae
704 3177 839 3233 secundae
856 3176 903 3231 eeei
918 3191 1065 3245 prosperae
1082 3181 1148 3229 senet
1165 3181 1191 3231 et

165 3249 261 3302 laetae.
312 3249 565 3316 ttonerifieeatiae
579 3246 752 3304 soliemnieV
765 3253 797 3302 at
810 3248 836 3302 t.
850 3263 938 3302 caasa
950 3264 971 3302 a.
987 3247 1032 3301 ed.
1079 3251 1112 3300 10
1126 3246 1191 3300 baie

164 3336 216 3387 pro
234 3320 279 3374 aa
292 3317 327 3374 V.
379 3324 412 3372 11
428 3321 507 3388 parti
520 3318 546 3373 V
559 3321 654 3389 partie
667 3335 718 3374 nos
732 3325 830 3389 patres
843 3318 887 3373 ed.
939 3323 972 3371 13
988 3318 1107 3373 bwmiiia
1120 3323 1153 3372 at
1164 3315 1191 3370 V

164 3391 280 3445 inmites
298 3396 348 3446 eat
371 3390 414 3444 ed.
440 3391 541 3446 bamili
558 3396 609 3445 eat
630 3408 690 3445 nos.
769 3395 802 3444 16
827 3390 970 3459 reiipiceas
988 3390 1147 3457 parabatur
1165 3386 1193 3441 Vs

164 3462 294 3531 relicinae
308 3463 488 3530 parabantur
506 3461 550 3516 ed.
569 3463 695 3532 reiipioee
712 3462 915 3531 separabantur
933 3476 991 3514 nos.
1061 3464 1095 3514 20
1113 3459 1191 3526 facte

163 3533 279 3601 fuerant
296 3532 323 3587 V
344 3535 365 3600 f.
384 3534 478 3601 ferant
497 3532 544 3589 ed,
580 3531 583 3603 Ι
618 3533 738 3600 defecisse
752 3534 777 3586 V
796 3534 841 3588 dei
858 3532 945 3599 faisse
963 3547 1014 3585 nos
1032 3531 1078 3586 dei
1095 3531 1191 3586 laedes

164 3604 249 3671 fied.
324 3610 357 3658 21
381 3606 477 3673 poenit
500 3604 597 3659 laada
615 3603 641 3658 V
663 3606 714 3660 tce
732 3610 771 3660 eet
793 3604 928 3672 interpos.
947 3602 993 3658 ed.
1064 3608 1103 3655 ‘lt
1124 3603 1198 3656 iens

166 3692 219 3728 om
240 3675 282 3729 ed.
345 3680 379 3729 25
397 3674 550 3748 aepnnitV
567 3677 698 3736 contrivit
717 3676 763 3735 eu.
825 3682 864 3734 ab
882 3670 1148 3748 aequum—effi
1169 3672 1218 3720 *se-

155 3760 232 3795 mere
248 3747 318 3798 mut.
339 3745 382 3802 ed.
816 3807 819 3811 Α
