2725 4150
443 325 448 336 .
556 277 739 333 AENEIDOS
757 277 797 332 XI
1119 279 1186 346 475

167 450 237 507 uim
260 449 310 521 poi
333 451 457 507 cr'escm
474 447 614 521 ibpbrim
638 447 783 521 scaptiae
806 446 987 506 etEcoadri
1009 449 1098 504 totam
1121 463 1186 504 cum

165 539 255 609 stirpe
268 537 375 596 uidebit
381 537 571 610 procubuisse
583 537 702 595 mum
715 540 800 609 amus
814 533 1061 595 eccwsArccdos
1074 535 1186 593 amis?
1196 546 1249 596 89⁶

165 645 276 703 magna
299 645 411 703 pompa
437 624 595 685 verborum
619 624 743 702 propria
770 624 878 684 extulit
899 627 998 703 gesta,
1029 622 1080 683 sed
1107 624 1186 684 veris

166 716 244 774 falsa
267 714 455 791 permiscuit;
477 734 548 774 nam
566 714 711 790 Thybrim
731 715 861 773 humano
885 714 1030 791 sanguine
1054 712 1187 772 cumula·

136 823 147 861 s
165 808 232 863 tum
250 808 355 863 contra
373 807 514 862 naturam
532 807 578 864 est
594 823 695 863 rerum
713 805 743 864 et
760 822 822 863 non
834 805 936 881 potest
954 821 1017 862 esse
1036 800 1186 880 possibile.

166 894 272 953 dehine
296 893 430 953 adseruit
453 913 570 953 omnem
593 911 624 952 se
642 893 778 952 Euandri
796 892 916 970 penitus
937 891 1062 952 erasisse
1081 911 1187 969 proge-

165 984 259 1058 niem,
283 1001 350 1041 cum
372 1001 433 1041 non
450 983 547 1058 pluris
567 982 725 1042 occidisset
745 981 799 1059 qui
817 982 914 1041 solum
932 984 1101 1059 peremerat
1118 979 1187 1040 Pal-

165 1075 291 1147 lantem,
315 1072 386 1132 licet
407 1073 440 1131 in
462 1091 523 1131 uno
548 1090 615 1148 spes
643 1071 740 1131 omnis
763 1070 912 1130 Euandrii
938 1071 1055 1148 generis
1079 1069 1188 1130 fnisset

166 1163 339 1222 constituta.
363 1161 399 1220 de
409 1160 576 1221 Arcadibus
590 1163 692 1220 autem
707 1163 836 1239 quantos
851 1159 1009 1238 occiderat,
1018 1162 1055 1220 ut
1067 1163 1187 1220 tantum

121 1268 148 1306 1o
165 1251 222 1311 sibi
247 1250 378 1310 crederet
401 1249 628 1329 abrogandum?
651 1249 733 1327 quis,
755 1249 878 1326 inquit,
893 1250 973 1309 dicet
987 1270 1035 1308 me
1058 1251 1187 1327 turpiter

166 1342 300 1417 pulsum,
331 1358 400 1398 oum
421 1359 531 1416 ponere
554 1342 624 1399 ante
647 1340 750 1399 oculos
774 1340 906 1417 coeperit
928 1338 1072 1414 Thybrim
1093 1341 1186 1398 maxi·

164 1451 260 1504 mum,
287 1429 427 1488 fluentem
457 1428 608 1489 celeritate
630 1428 805 1505 praecipiti,
834 1427 998 1504 superbum
1024 1427 1186 1488 verticibus

165 1520 324 1578 inundasse
352 1520 443 1594 atque
471 1521 593 1579 auctum
620 1537 684 1578 esse
711 1518 909 1578 Troianorum
938 1517 1083 1595 sanguine
1112 1536 1187 1592 quos

164 1609 221 1667 hae
240 1607 362 1667 dextera
385 1607 476 1667 effudi
494 1610 584 1685 atque
602 1609 748 1682 mactari,
771 1607 894 1667 domum
913 1625 1032 1684 quoque
1051 1605 1188 1665 Euandri

121 1712 147 1751 15
166 1702 195 1756 et
223 1716 340 1756 omnem
370 1715 453 1772 spem
476 1697 663 1773 posteritatis
693 1696 757 1756 eius
787 1697 949 1756 extinctam
978 1697 1090 1755 virtute
1119 1714 1187 1754 mea

166 1789 257 1863 atque
289 1788 450 1845 exercitum
479 1785 653 1846 iuventutis·
674 1784 822 1846 Arcadiae
852 1787 884 1845 in
913 1788 1039 1862 tropaea
1068 1785 1187 1845 infinita

165 1874 361 1935 conversum?
397 1876 478 1935 ultra
500 1876 624 1936 modum
641 1875 752 1934 extulit
768 1874 890 1935 laudem
908 1893 1006 1951 suam,
1028 1876 1086 1935 hoc
1108 1875 1187 1934 enim

165 1965 312 2025 suadebat
328 1964 528 2041 respondendi
545 1965 720 2040 necessitas,
743 1965 775 2022 in
793 1983 854 2023 uno
873 1965 937 2024 solo
956 1983 1016 2023 non
1032 1964 1187 2039 mentitur,

166 2057 237 2131 quia
251 2053 386 2115 Euandri
399 2055 606 2132 posteritatem
621 2054 822 2131 subverterat;
840 2055 947 2115 umens
961 2055 1072 2133 quippe
1087 2055 1188 2115 fuerat

120 2163 147 2201 eo
165 2146 267 2205 Pallas
291 2148 321 2203 et
339 2144 482 2203 Euander
503 2145 565 2204 iam
587 2163 676 2205 senex
694 2146 782 2223 pater
800 2162 895 2204 novae
915 2144 1026 2204 subolis
1045 2162 1108 2205 esse
1126 2164 1186 2204 non

165 2236 293 2310 poterat.
338 2234 411 2292 baut
437 2235 480 2293 ito
506 2251 552 2292 me
578 2234 689 2308 experti
710 2234 811 2292 Bitias
839 2224 869 2291 et¹
885 2233 1187 2307 Pandarus'inpecs:

165 2326 294 2382 istorum
315 2322 396 2382 necis
419 2342 490 2383 vera
517 2324 624 2383 relatio
653 2324 712 2399 est,
741 2323 796 2382 hos
823 2324 925 2382 autem
952 2321 1020 2380 ideo
1043 2321 1120 2381 dixit
1140 2323 1186 2381 in·

165 2416 277 2490 gentis,
300 2433 337 2470 ne
361 2411 491 2472 abiectos
516 2415 546 2471 et
567 2412 691 2472 humilis
715 2430 869 2490 superasse
892 2410 1052 2470 videretur.
1081 2413 1186 2489 ingens

165 2502 211 2561 bis
236 2500 456 2577 accipiendum,
479 2503 515 2561 ut
537 2501 578 2562 sit
594 2501 693 2561 Bitias
716 2500 823 2579 ingens
846 2502 877 2559 et
894 2499 1049 2559 Pandarus
1072 2499 1186 2578 ingens.

118 2611 146 2651 as
166 2596 192 2649 et
210 2609 281 2663 quos
298 2592 378 2649 miiie
396 2591 442 2649 die
459 2592 550 2650 eicior
567 2592 622 2650 sub
638 2592 770 2650 Tartaro
786 2591 869 2649 misi:
891 2590 948 2649 hoc
966 2590 1083 2665 partem
1096 2589 1188 2649 habet

165 2683 242 2755 veri,
265 2682 382 2756 partem
402 2680 493 2739 aliam
511 2680 596 2755 falsi,
618 2700 690 2740 nam
707 2699 776 2740 vere
795 2679 908 2739 multos
927 2676 1069 2739 occidisse
1089 2677 1187 2738 dictus

166 2772 224 2843 est,
243 2772 418 2829 nontamen
432 2769 523 2829 mille.
554 2770 800 2829 instructissimis
818 2769 969 2843 hostilique
987 2785 1090 2842 cypero
1103 2785 1187 2841 saep·

165 2863 227 2916 tus:
254 2861 285 2917 et
310 2858 383 2934 vici,
406 2858 520 2935 inquit,
542 2858 617 2918 istos
640 2860 672 2917 et
695 2858 749 2918 sub
773 2858 935 2917 Tartarum
956 2856 1039 2932 misi,
1062 2858 1119 2917 hoc
1142 2861 1188 2918 est

164 2948 283 3022 Bitian,
307 2947 481 3006 Pandarum
498 2949 529 3006 et
549 2948 632 3006 mille
655 2948 731 3007 alios
756 2966 830 3025 quos
854 2966 884 3006 se
907 2945 1042 3006 adseruit
1058 2966 1121 3005 una
1140 2946 1187 3006 die

119 3057 147 3095 eo
166 3037 316 3097 occidisse.
348 3037 463 3096 interea
481 3037 528 3096 his
547 3036 664 3096 addidit
682 3036 764 3114 quod
782 3037 935 3115 egregium
955 3036 1070 3095 factum
1087 3035 1186 3096 laudis

238 3179 252 3224 1
279 3178 337 3226 tota
362 3171 406 3226 ed.
479 3176 495 3224 2
521 3178 602 3226 arato
622 3169 657 3225 V.
734 3176 751 3225 4
774 3171 944 3225 cumulatam
962 3169 1097 3225 coatraV
1115 3170 1188 3225 dicit

165 3244 237 3311 quod
261 3242 395 3311 interpos.
419 3242 463 3296 ed.
537 3248 553 3295 b
574 3243 669 3312 potuit
693 3242 737 3296 ed.
810 3247 826 3296 8
851 3242 982 3297 marisii
1004 3242 1030 3296 V
1056 3243 1118 3296 -dri
1142 3241 1186 3296 ed.

166 3320 200 3367 10
227 3316 296 3369 dicit
315 3314 341 3368 V
364 3331 433 3369 corr.
457 3312 528 3368 edF.
609 3318 642 3367 11
667 3315 696 3368 ib
717 3314 801 3369 barim
821 3313 847 3368 V
868 3314 921 3380 ed,
947 3313 997 3367 sed
1021 3312 1187 3382 plerumque

165 3387 283 3456 thybrim
306 3384 394 3440 habet
413 3384 447 3440 V.
479 3385 482 3457 i
512 3386 664 3440 maximum
730 3402 793 3439 -uec
814 3384 857 3439 ed.
933 3390 965 3438 12
991 3390 1016 3440 et
1038 3385 1188 3453 masupiti

165 3457 191 3509 V
210 3458 253 3510 ed.
280 3463 305 3512 et
330 3456 428 3513 deleri.
459 3457 463 3528 Α
492 3457 572 3512 eutii
593 3457 668 3512 cibos
688 3473 740 3525 pro
759 3456 905 3512 verticibus
923 3456 955 3510 V.
1031 3461 1064 3510 14
1082 3456 1148 3509 baec
1161 3454 1187 3508 V

165 3545 234 3581 corr.
256 3528 299 3582 ed.
375 3535 406 3583 17
430 3530 503 3583 enim
525 3528 660 3583 madebat
676 3526 702 3580 V
725 3534 816 3582 autem
834 3527 932 3583 madet
952 3526 996 3581 ed.
1070 3531 1108 3578 ts
1130 3542 1200 3577 seen

165 3601 214 3669 qui·
232 3600 257 3652 V
280 3602 411 3655 martiar
428 3602 495 3669 qiu
515 3616 566 3654 nos
589 3606 629 3655 est
646 3600 696 3671 qut
712 3598 765 3657 Eu
781 3599 828 3656 ee.
901 3604 942 3653 an
964 3594 1170 3665 aescendune
1181 3588 1213 3636 Ἰ

164 3689 189 3723 a.
210 3677 250 3724 esi
266 3672 308 3724 ed.
382 3677 417 3727 26
435 3672 542 3729 dubim
560 3672 606 3729 ed.
