2725 4150
180 358 224 423 60
464 352 603 408 DONATI
619 353 789 408 INTERPR.
804 351 913 409 VERG.

178 524 300 598 scelere,
328 522 380 582 sed
402 521 541 582 manibus
568 523 703 600 paternis
731 518 874 581 offertur?
922 540 940 580 o
966 521 1090 581 unicum
1120 520 1196 581 sola·

179 613 257 673 cium
294 613 469 687 senectutis,
505 629 522 670 o
554 611 716 672 liberorum
746 629 882 670 meorum
913 613 983 689 post
1012 612 1061 670 tot
1091 609 1198 670 funera

178 702 366 762 miserandae
383 700 542 778 reliquiae:
559 699 673 760 nihilne
691 700 829 760 intererit
845 701 925 760 inter
941 701 1041 760 luctus
1059 701 1092 759 et
1106 697 1198 760 vota?

178 809 295 868 semper
326 809 381 870 ego
413 790 570 868 plangam,
602 809 718 867 semper
748 790 888 850 laemmm
921 787 1069 850 fundam?
1108 789 1198 868 lugeo

179 885 313 941 mortuos
337 884 367 940 et
389 879 445 939 sub
467 878 599 956 imagine
617 882 758 940 votorum
780 881 813 938 in
835 879 915 939 filiae
938 879 1037 938 luctus
1059 879 1199 956 inpellor.
1227 894 1238 936 s

181 989 277 1047 aequa
299 971 384 1029 lance
406 969 440 1026 in
463 967 622 1028 orbitatem
644 988 743 1029 meam
764 969 891 1028 maritus
920 971 950 1028 et
977 968 1100 1027 fortuna
1130 987 1199 1028 eon·

180 1059 308 1118 tendunt
337 1060 368 1117 et
396 1058 430 1116 in
458 1058 515 1117 hae
546 1060 633 1135 parte
666 1057 770 1118 mitior
798 1058 921 1116 fortuna
949 1076 1040 1133 quam
1067 1058 1199 1135 genitor:

179 1148 303 1224 reliquit
324 1147 380 1206 illa
398 1164 475 1222 quae
496 1149 679 1224 temperaret
701 1147 839 1207 lacrimas
863 1165 958 1222 meas,
981 1148 1069 1223 pater
1085 1145 1201 1207 infelici

179 1236 263 1296 tollit
294 1235 375 1313 quod
406 1236 541 1296 saeviens
573 1237 695 1296 inimica
727 1235 849 1296 dimisit.
893 1254 954 1294 non
979 1234 1089 1294 addam
1119 1235 1201 1314 quod

181 1325 333 1384 evidenter
364 1328 504 1402 apparet3
535 1344 631 1401 neque
665 1325 744 1385 enim
778 1324 938 1384 incusandi
966 1326 1038 1384 sunt
1067 1324 1116 1383 illi
1147 1325 1201 1402 qui
1218 1341 1241 1382 ro

181 1414 337 1491 proprium
359 1415 396 1474 de
418 1433 450 1474 se
471 1414 601 1474 habuere
624 1414 784 1474 iudicium:
810 1433 871 1474 non
896 1415 962 1473 ausi
984 1416 1057 1473 sunt
1078 1431 1200 1491 poscere

182 1504 264 1581 quod
286 1503 400 1580 optimo
423 1503 536 1563 iudicio
554 1503 651 1581 patris
668 1504 819 1580 inpetrare
837 1523 898 1563 non
915 1505 1087 1580 potuerant
1124 1521 1200 1581 quos

181 1596 325 1671 putamus
338 1593 422 1653 illius
436 1593 543 1671 perfidi
561 1600 640 1652 nunc
658 1610 722 1652 esse
740 1591 909 1653 tractatus?
938 1591 1055 1669 aliquid
1072 1594 1202 1653 monstri

182 1702 236 1744 nos
264 1684 406 1742 aestimat
431 1683 583 1761 genuisse,
610 1685 779 1742 monstrum
801 1683 880 1742 alere
907 1686 938 1741 et
960 1684 1129 1742 monstrum
1152 1681 1202 1742 de·

182 1772 277 1831 forme
303 1772 432 1848 nutrire3
458 1791 519 1830 non
544 1791 575 1832 se
602 1772 654 1830 ille
682 1771 852 1849 praelatum
882 1771 986 1831 ceteris
1016 1774 1119 1847 putat,
1149 1771 1203 1831 sed
1220 1784 1243 1828 rs

183 1861 422 1920 coniunctionem
444 1863 577 1921 nostram
601 1863 723 1921 cunctos
746 1861 859 1920 incolas
877 1861 1037 1920 horruisse.
1079 1859 1153 1936 quid
1171 1864 1203 1920 te

184 1949 380 2009 arbitrabitur
402 1951 454 2008 ille
473 1949 641 2010 sectatum?
664 1948 774 2009 fidem?
797 1953 830 2009 at
847 1949 932 2009 novit
950 1968 981 2008 se
1000 1968 1035 2008 ac
1049 1967 1119 2009 suos
1139 1967 1203 2010 esse

180 2038 314 2107 fallaces.
351 2037 466 2118 genus?
511 2039 657 2116 quidnam
686 2041 789 2100 nostro
820 2037 992 2099 consimile?
1040 2037 1203 2100 notitiam?

184 2147 262 2205 quae
284 2129 345 2187 ista
367 2127 434 2188 est?
474 2128 649 2189 fortunam?
685 2130 754 2189 illos
778 2130 850 2188 olim
872 2129 1032 2207 indignata
1054 2128 1203 2189 destituit

185 2218 366 2277 auxiliorum
397 2217 500 2296 spem?
546 2218 739 2278 conciderunt
769 2220 830 2277 ists
866 2238 933 2277 cum
966 2218 1070 2293 Troia3
1105 2238 1204 2296 neque
1221 2235 1246 2276 ro

184 2306 264 2365 enim
287 2307 413 2384 sperabo
436 2308 611 2385 profuturos
635 2309 745 2367 nostris
774 2307 828 2384 qui
850 2305 973 2385 propria
1000 2305 1203 2383 perdiderunt.

185 2395 347 2473 superioris
383 2397 523 2456 fortunae
558 2395 710 2456 reditum?
751 2396 850 2457 neseio
888 2396 1008 2473 quando
1045 2398 1204 2471 provenire

184 2485 281 2563 possit
310 2485 364 2562 qui
393 2506 447 2564 per
473 2486 620 2546 Troianos
649 2486 773 2563 reperiri
803 2505 864 2544 non
894 2487 1005 2562 potuit.
1046 2504 1101 2545 neo
1129 2486 1205 2545 mihi

185 2575 358 2652 persuaderi
383 2578 484 2651 potest
506 2576 637 2653 aliquem
660 2575 769 2634 Troiae
797 2593 950 2652 superesse
978 2575 1108 2650 felicem,
1136 2595 1206 2635 oum

185 2666 315 2724 evasisse
345 2664 457 2723 eumen
486 2665 527 2725 sit
558 2667 589 2723 et
617 2665 728 2724 vixisse
755 2667 947 2723 tormentum.
992 2663 1066 2741 quin
1094 2666 1205 2742 potius,
1222 2679 1246 2722 a

186 2753 212 2812 si
234 2753 401 2812 infelicium
423 2754 561 2813 facienda
583 2753 782 2813 consideratio
806 2755 864 2827 est,
890 2755 1066 2812 meruerunt
1088 2753 1206 2832 aliquid
1272 2781 1275 2786 ·

185 2842 217 2899 in
244 2841 378 2902 adversis
410 2861 485 2918 quos
516 2845 549 2902 in
576 2842 730 2902 laboribus
759 2844 822 2901 suis
848 2842 991 2902 ultimum
1024 2843 1205 2919 supplicium

185 2934 302 2990 matrne
326 2932 518 3009 consumpsit.
564 2932 666 2993 emissi
689 2934 761 2992 sunt
782 2931 848 3007 isti,
874 2934 910 2990 ut
932 2931 1039 2991 iactati
1063 2951 1117 3007 per
1139 2934 1205 2992 uni·

187 3038 287 3081 versos
310 3019 416 3080 mundi
439 3020 573 3081 cardines
596 3040 709 3099 poenas
732 3021 943 3098 expenderent,
970 3040 1007 3080 ne
1031 3022 1098 3098 quis
1121 3022 1207 3081 fieret

186 3110 319 3186 reliquus
356 3109 410 3186 qui
442 3110 641 3169 Troianorum
676 3109 800 3170 exitium
837 3111 1033 3187 miseriasque
1069 3110 1205 3170 nesciret.
1223 3125 1248 3165 so

260 3322 276 3370 8
302 3317 411 3383 infelici
431 3314 458 3369 V
484 3317 552 3370 meti
573 3317 626 3384 inf.
653 3316 696 3368 ed.
775 3322 809 3370 13
836 3323 1008 3371 mucosa
1032 3318 1160 3373 aestimat
1184 3315 1208 3369 V

187 3390 303 3443 monstri
328 3404 379 3442 sos
405 3404 446 3442 uc.
473 3404 524 3441 noa
557 3387 593 3442 ef.
624 3405 649 3442 v.
674 3391 726 3442 268
763 3394 963 3442 monstneosam
995 3389 1130 3443 mstimet
1162 3388 1206 3444 ed.

189 3464 222 3513 15
241 3460 288 3514 elle
305 3458 332 3513 V
352 3461 425 3514 caim
445 3458 488 3514 ed.
562 3464 595 3513 17
614 3475 642 3515 ae
659 3476 694 3513 ac
711 3475 761 3513 uos
778 3458 805 3512 V
822 3459 865 3512 ed.
888 3475 917 3514 sc
935 3476 968 3513 cc
986 3475 1050 3514 suos
1070 3459 1115 3513 ed.
1133 3462 1206 3528 post.

189 3536 223 3584 18
246 3529 406 3597 falluccsV
427 3531 520 3597 fulloc
545 3531 589 3584 ed.
615 3548 679 3584 oum
705 3529 777 3583 falsa
803 3529 991 3584 distinetione.
1022 3530 1025 3602 t
1058 3531 1126 3599 qaid
1150 3537 1208 3586 tum

174 3606 235 3651 etr-o
255 3601 281 3652 V
292 3618 339 3669 qu,
355 3609 373 3658 t
387 3609 509 3659 mmrstro
527 3602 571 3657 ed.
591 3603 724 3673 quidnam
742 3608 836 3657 metro
853 3617 911 3654 nos.
929 3601 932 3672 l
953 3602 1081 3656 notitiam
1098 3619 1169 3670 queue
1182 3600 1209 3655 V

157 3683 239 3732 W
251 3674 421 3738 prudentiis
446 3674 493 3732 ed.
570 3681 606 3733 20
631 3672 751 3747 spemV
776 3690 837 3744 spes
860 3672 905 3729 ed.
978 3678 1016 3724 22
1036 3673 1143 3726 reditus
1165 3673 1212 3725 ed.

146 3739 185 3786 24
196 3746 388 3805 persuadere
411 3748 439 3804 V
454 3753 499 3807 -rs'
517 3751 563 3809 ed.
642 3757 680 3807 26
700 3747 863 3806 occultatio
876 3743 903 3798 V
926 3743 1096 3811 compotatio
1113 3741 1160 3793 ed.
