2725 4150
559 299 744 390 sessuros
762 334 800 388 m
1124 336 1190 402 515

172 509 198 562 el
220 522 307 563 arma
324 503 459 562 Dionae:
476 504 525 563 hie
543 503 695 580 conplevit
713 501 795 579 quod
812 503 948 579 superius
968 501 1045 561 dixit
1062 502 1190 579 „phare-

171 597 253 652 trata
278 591 447 652 0111111111.Ἴ
469 611 535 652 ecee
557 595 587 652 et
605 611 709 652 areum
728 611 853 651 aureum
871 611 938 651 eam
956 591 1033 651 dixit
1049 591 1190 652 habuisse

171 685 202 740 et
224 683 340 741 Dianae
364 701 457 757 arma,
481 701 557 759 quae
579 682 702 741 fuerunt
723 681 757 740 in
779 682 877 757 speeie
900 683 1091 760 sagittarum.
1136 680 1190 741 llll

171 773 258 830 ellam
280 772 313 830 la
335 776 447 846 leryam
469 772 496 830 sl
518 771 635 845 wando
654 771 747 844 palso
768 772 897 841 recessit,
920 771 1036 845 spleala
1054 787 1189 830 cesamo

140 862 314 934 efaqlsallo
350 861 451 935 dirisil
486 878 573 919 orsa:
607 859 663 918 illa
693 858 726 918 in
757 861 879 920 tantum
910 878 981 919 areu
1016 859 1129 918 fidebat
1159 861 1190 918 et

170 951 308 1027 spiculis,
331 952 367 1008 ut
390 949 482 1009 etiam
500 953 565 1008 tum
583 948 737 1008 debuisset
753 950 853 1009 timeri
873 969 942 1009 eum
959 950 1086 1028 fugeret.
1118 967 1188 1008 nam

170 1058 311 1098 converso
343 1058 416 1098 arou
451 1043 616 1098 retrorsum
651 1057 712 1096 non
747 1039 861 1099 frustra
895 1037 1029 1099 iactabat
1064 1038 1188 1116 spieula.

168 1129 302 1187 Amazon
336 1128 417 1188 dieta
449 1131 495 1187 est
526 1148 586 1188 non
615 1129 702 1203 nata,
732 1127 785 1186 sed
813 1127 908 1204 faeta,
939 1127 972 1186 in
1002 1129 1059 1187 hoe
1090 1127 1187 1207 magis

168 1218 344 1293 laudabilis,
363 1219 435 1293 quia
454 1217 534 1293 quod
552 1217 630 1277 aliae
648 1216 797 1276 nascendo
815 1219 976 1277 valuerunt
992 1218 1065 1277 haee
1087 1218 1189 1295 potuit

124 1327 150 1366 ιο
167 1308 280 1383 inplere
302 1306 485 1367 meditando.
518 1326 589 1385 ergo
612 1305 712 1365 laudis
736 1305 856 1366 adfectu
878 1307 1011 1366 Amazon
1033 1307 1115 1367 dieta
1133 1311 1187 1383 est,

168 1400 204 1456 ut
220 1396 367 1456 imitando
385 1397 457 1456 talis
477 1398 555 1455 esset
573 1396 677 1472 quales
695 1398 767 1455 sunt
783 1395 950 1455 Amazones
968 1414 1044 1473 quas
1063 1396 1188 1456 adiuvat

168 1485 302 1544 studium
331 1487 428 1565 gentis
457 1488 488 1545 et
518 1484 602 1563 origo
631 1484 787 1562 praeclara
816 1485 966 1545 nascendi.
1018 1489 1050 1544 ot
1078 1487 1249 1545 circumest

168 1575 255 1633 lectae
278 1576 407 1634 canses:
434 1576 557 1634 fuerunt
584 1593 652 1633 eum
680 1593 716 1634 ea
742 1574 838 1634 lectae
866 1576 1004 1649 comites3
1031 1592 1092 1632 non
1119 1573 1187 1634 ideo

167 1664 260 1723 laetas
289 1664 376 1739 dixit,
403 1667 439 1723 ut
465 1664 546 1741 apud
567 1663 699 1722 Dianam
726 1663 869 1740 reprobae
898 1665 1077 1723 remansisse
1107 1662 1187 1722 ride·

122 1773 148 1813 1⁵
167 1756 283 1828 rentur,
306 1752 358 1812 sed
381 1752 462 1830 quod
486 1754 582 1812 omnis
605 1753 699 1812 laetas
717 1752 880 1812 habuisset.
913 1754 1089 1826 Larissaque
1104 1753 1187 1826 oquo

168 1842 312 1915 Tullaque
339 1846 365 1900 et
392 1846 526 1902 walam
553 1842 688 1915 quatiens
712 1842 843 1917 Tarpeio
869 1843 1009 1902 securim:
1042 1841 1123 1918 quod
1150 1841 1186 1900 de

166 1950 227 1989 una
250 1931 327 1990 dixit
356 1930 441 2010 virgo
465 1931 505 1990 ad
532 1932 628 1991 omnis
656 1933 802 2008 pertinet3
826 1950 927 1991 omnes
952 1930 1031 1991 enim
1053 1931 1185 2009 virgines

166 2021 286 2081 fuerant
308 2021 437 2098 Dianae,
461 2022 570 2099 quippe
594 2019 837 2097 obsequebantur
858 2021 1025 2081 ministerio
1054 2021 1186 2081 eiusdem

166 2111 248 2170 deae.
293 2111 432 2171 Italides:
453 2131 508 2170 neo
529 2110 670 2170 inmerito
693 2110 831 2186 Italides,
854 2113 959 2187 utpote
983 2130 1059 2187 quae
1087 2114 1186 2171 essent

119 2222 147 2261 ao
166 2221 202 2258 ex
224 2200 329 2276 Italia3
358 2202 401 2260 sie
427 2202 484 2260 hoo
512 2202 578 2260 loeo
605 2200 730 2259 laudare
754 2200 906 2278 Vergilius
929 2200 1051 2260 Italiam
1078 2200 1185 2275 voluit,

166 2291 253 2366 quasi
275 2290 360 2349 nulla
382 2292 463 2348 terra
485 2289 622 2349 meliores
644 2290 777 2365 proferre
800 2290 896 2365 possit
919 2292 972 2349 aut
993 2290 1074 2349 talis.
1111 2307 1185 2362 quos

164 2381 232 2451 lpse
255 2378 343 2437 deese
365 2380 423 2438 sibl
445 2380 497 2438 llo
521 2376 649 2438 Camlllo
672 2378 775 2453 ‹leleylt
794 2380 934 2453 ponsque
953 2380 1045 2438 bonos
1064 2378 1185 2450 bellique

163 2469 332 2526 ministras:
355 2470 476 2527 tantum
499 2465 627 2527 Camilla
650 2466 689 2526 ad
711 2468 828 2527 Dianae
852 2468 986 2527 animum
1007 2466 1184 2544 pertinebat,

164 2559 200 2615 ut
229 2556 311 2633 apud
341 2556 436 2616 sosias
466 2575 534 2617 suas
565 2576 619 2634 pro
650 2556 707 2616 dea
735 2557 902 2617 haberetur.
953 2557 1094 2633 denique,
1117 2575 1184 2615 sum

118 2666 145 2706 aa
164 2646 222 2704 iret
245 2646 284 2705 ad
307 2646 431 2722 bellum,
452 2647 513 2706 has
532 2646 590 2706 sibi
612 2665 676 2706 esse
700 2648 823 2706 comites
847 2645 958 2721 voluit,
982 2646 1063 2723 quod
1086 2649 1185 2705 essent

164 2738 339 2795 ornamento
371 2736 403 2793 in
434 2755 507 2812 paee
540 2738 571 2795 et
600 2735 757 2795 ministrae
787 2737 819 2794 in
853 2736 1066 2796 certaminibus
1102 2734 1183 2794 belli.
1235 2770 1237 2774 ·

163 2828 263 2901 potest
293 2828 324 2884 et
353 2826 396 2884 sie
422 2826 559 2904 intellegi
587 2828 622 2884 ut
650 2825 729 2884 bello
759 2827 790 2884 et
818 2826 888 2902 paci
917 2827 1092 2885 ornamento
1120 2842 1183 2883 esse

163 2915 348 2988 viderentur,
370 2916 406 2973 ut
428 2914 472 2975 sio
494 2916 526 2973 in
549 2917 679 2990 utroque
703 2914 949 2990 obsequerentur,
969 2917 1005 2973 ut
1022 2916 1183 2989 utrumque

163 3008 318 3079 ornarent,
341 3006 372 3063 et
394 3004 450 3063 hoo
474 3022 537 3063 esse
559 3003 690 3062 arbitror
711 3003 828 3065 melius.
859 3003 927 3081 ipsa
945 3006 992 3063 est
1010 3003 1089 3063 enim
1106 3022 1183 3079 pura

118 3112 144 3151 so
163 3093 291 3153 societas
311 3096 341 3153 et
359 3113 431 3154 vera
449 3093 569 3171 religio,
587 3094 624 3151 ut
640 3092 758 3151 nullum
775 3095 894 3169 tempus
913 3091 1071 3153 dissimiles
1091 3092 1184 3151 faeiat

164 3202 237 3260 quos
266 3181 386 3242 foedera
415 3184 555 3259 suscepta
582 3181 797 3241 coniunxerint.
848 3182 1009 3258 pulchrum
1036 3184 1081 3242 est
1104 3181 1183 3240 enim

162 3291 281 3332 servare
304 3273 479 3331 societatem
507 3274 537 3331 et
564 3271 626 3331 eius
650 3270 840 3331 commodum
866 3271 1023 3331 custodire.
1068 3272 1183 3330 nullam

161 3364 290 3422 istarum
304 3361 378 3421 dicit
395 3361 468 3420 belli
485 3362 612 3439 gessisse
630 3364 789 3436 oertamen‚
803 3360 854 3421 sed
869 3360 1003 3422 adseruit
1015 3360 1183 3421 ministerio

160 3593 243 3641 sorsat
267 3587 311 3640 ed.
334 3588 364 3640 et
386 3584 470 3655 Verg.
493 3584 568 3639 libri.
642 3591 658 3638 6
684 3592 742 3640 lam
767 3602 820 3640 om.
845 3586 888 3640 ed.
963 3592 996 3641 16
1022 3587 1126 3655 tarpeio
1151 3584 1181 3639 V.

162 3663 196 3712 18
226 3659 326 3726 quippe
348 3656 374 3711 V
404 3674 473 3726 quaa
502 3656 546 3711 ed.
628 3661 662 3709 19
689 3658 730 3711 lbi
756 3658 851 3713 merito
879 3658 948 3713 tales
968 3657 994 3712 V
1017 3675 1087 3713 sorr.
1111 3656 1181 3714 eds.

161 3735 195 3782 22
216 3729 309 3798 dlliyit
322 3728 355 3784 V.
430 3733 465 3782 23
478 3729 636 3798 seminabat
648 3727 674 3781 V
693 3729 835 3784 mordebat
853 3729 899 3784 ed.

986 3835 1047 3892 bb*
