2725 4150
567 325 750 383 assumes
768 326 808 381 1x
1132 331 1196 396 217

178 516 270 575 quam
300 495 496 557 conveniebat
523 496 562 555 ad
589 495 690 555 omnia
717 496 851 554 animum
877 498 978 556 tenere
1001 498 1198 573 conpositum,

177 605 256 664 quae
274 587 333 646 viri
350 586 438 646 fortis
457 585 659 646 conditionem
681 587 796 659 nosset,
822 603 899 661 quae
921 588 1027 663 utpote
1051 585 1198 664 longaeva

176 679 224 736 tot
242 675 389 735 bellorum
406 675 523 735 incerta
541 675 719 751 experiendo
738 673 899 734 didicisset.
937 675 1128 734 acceleremus
1142 678 1199 735 cil:

177 784 245 826 eece
266 767 329 824 iam
357 765 541 825 celeritatem
563 763 683 838 suadet,
712 764 749 822 ut
775 764 944 823 ostenderet
966 764 1066 824 studio
1089 783 1144 824 suo
1168 767 1199 824 et

146 871 159 912 s
177 854 425 931 dispositionibus
448 853 629 931 reipublicae
651 854 817 930 profuturis
840 871 938 913 moras
961 873 1021 913 non
1045 871 1109 914 esse
1132 873 1199 914 nee-

176 943 297 1019 teudas‚
319 944 352 1002 in
374 962 435 1021 quo
459 943 636 1003 ostendebat
657 942 901 1021 persuasionibus
925 943 994 1002 aliis
1017 944 1198 1004 sententiam

176 1052 263 1094 suam
281 1033 394 1092 mutari
411 1050 470 1092 non
489 1050 585 1110 posse.
621 1033 724 1107 uigiles
741 1033 831 1091 simul
849 1033 960 1103 exulat,
979 1033 1025 1092 illi
1041 1033 1200 1093 succedunt

175 1127 350 1196 seroculque
371 1123 461 1191 uices,
484 1124 607 1182 suune
633 1122 735 1180 relicte
761 1122 825 1194 ipse
851 1139 944 1181 comes
965 1121 1041 1182 Niso
1061 1123 1199 1198 eruditur

175 1228 326 1287 repensque
334 1213 501 1284 requiruut:
515 1211 542 1271 si
550 1212 659 1290 vigiles
668 1211 800 1285 fuerunt,
810 1211 959 1287 quomodo
969 1212 1197 1273 excitabantur?

132 1316 158 1356 ro
175 1301 372 1361 manifestum
390 1305 437 1361 est
454 1301 568 1360 nullam
585 1302 634 1361 hio
652 1318 717 1360 esse
736 1300 956 1377 quaestionem3
978 1300 1095 1362 vicibus
1118 1302 1198 1362 onim

176 1390 317 1465 servatis,
340 1408 375 1449 ea
398 1391 472 1450 hora
494 1388 711 1450 dormientibus
729 1389 798 1450 aliis
818 1389 870 1466 qui
887 1390 1010 1450 fueraut
1032 1391 1198 1470 vigilaturi,

175 1480 270 1540 Nisus
283 1482 355 1538 tunc
369 1481 400 1539 et
414 1480 564 1557 Euryalus
581 1478 764 1558 vigilabant,
783 1478 907 1556 proinde
925 1483 1070 1539 recessuri
1088 1483 1198 1541 exeita·

175 1569 251 1628 bant
269 1570 345 1629 alios
365 1571 418 1646 qui
432 1572 531 1630 essent
545 1589 581 1628 ex
594 1570 723 1647 vigilum
741 1587 878 1644 numero,
894 1588 953 1644 quo
972 1569 1053 1628 iacto
1073 1570 1198 1630 dimissa

175 1659 319 1732 statione,
341 1658 374 1717 id
396 1662 443 1718 est
465 1659 589 1719 dimisso
608 1659 707 1718 officio
731 1656 780 1716 cui
797 1658 918 1718 fuerant
936 1657 1075 1736 deputati
1096 1659 1197 1720 ierunt

132 1761 277 1826 1spares,
304 1750 340 1807 ut
366 1751 545 1825 quaererent
571 1767 680 1826 regem.
730 1747 879 1807 incertum
907 1749 987 1806 enim
1014 1749 1114 1808 fuerat
1137 1767 1197 1825 qua

174 1839 207 1897 in
230 1839 317 1914 parte
340 1839 508 1897 castrorum
528 1838 659 1898 inveniri
680 1838 830 1913 potuisset
851 1836 1009 1898 Ascanius.

249 1924 352 1986 Cetera
365 1944 421 2001 per
438 1932 533 1986 terras
551 1928 647 1986 munis
664 1927 812 1986 uuimuliu
828 1944 929 1986 soruuo
948 1927 1091 1987 lucebunt
1108 1939 1259 1989 crueatae

176 2021 203 2076 et
225 2017 315 2076 corda
342 2017 432 2077 oblitu
458 2017 607 2078 laborum:
633 2017 766 2077 ductores
789 2017 934 2076 Teucrum
954 2017 1059 2091 primi,
1088 2018 1197 2079 delectu

175 2108 324 2175 iuueutus,
349 2108 503 2165 consilium
524 2108 648 2166 summis
670 2108 754 2181 regui
777 2108 922 2167 derebus
944 2108 1101 2177 latebunt,
1126 2109 1197 2181 quid

130 2209 157 2248 ²⁰
175 2198 307 2270 facerent
333 2196 433 2268 quisce
454 2194 573 2255 Aeueae
599 2198 661 2256 ium
688 2197 811 2255 uuuu'us
834 2200 920 2255 esset:
947 2196 1071 2256 dioendo
1099 2200 1197 2258 cetera

176 2285 322 2344 animalia
345 2286 449 2361 quieta
471 2286 593 2345 fuerant
615 2287 645 2344 et
667 2284 842 2363 peremnis
868 2287 964 2345 terras
988 2284 1091 2345 somno
1115 2287 1197 2345 laxa·

176 2375 251 2435 bant
273 2392 359 2433 curas
382 2375 449 2433 vult
467 2374 613 2435 Troianos
636 2365 716 2434 solos
740 2375 901 2453 pervigiles
924 2374 1018 2434 fuisse
1036 2377 1196 2435 tractantis

176 2465 213 2523 de
232 2482 349 2523 summa
366 2463 464 2541 regni,
487 2465 544 2524 hoo
562 2466 607 2524 est
625 2463 661 2523 de
680 2465 776 2539 statu,
796 2464 868 2539 quia
886 2463 999 2524 obsessi
1016 2463 1197 2523 tenebantur

176 2557 207 2612 et
235 2553 342 2612 incerti
372 2552 446 2629 quid
475 2554 600 2632 agerent
628 2554 677 2612 vel
700 2553 766 2630 quis
790 2553 829 2611 ad
851 2553 974 2611 Aenean
1001 2552 1044 2610 ire
1073 2553 1196 2614 nuntius

129 2654 157 2695 ’ὁ
176 2645 280 2719 posset
297 2642 479 2721 cogitabant.
516 2643 648 2703 ostendit
666 2643 697 2701 et
714 2642 849 2701 homines
868 2641 928 2701 diei
945 2659 1032 2717 posse
1052 2642 1197 2702 animalia

176 2733 364 2792 consentiens
393 2730 552 2806 Sallustio,
580 2731 632 2809 qui
655 2732 699 2790 ait
722 2723 801 2812 (Cat.
819 2723 897 2812 1,1)
920 2732 1039 2806 „omnis
1061 2731 1195 2791 homines

177 2822 231 2898 qui
254 2840 317 2881 sese
344 2819 467 2881 student
493 2823 647 2897 praestare
670 2821 777 2880 ceteris
802 2816 1013 2879 animalibus“.
1059 2821 1127 2880 laus
1149 2822 1196 2880 in·

175 2917 259 2969 terea
286 2910 465 2987 exprimitur
492 2910 615 2985 dueum,
643 2910 696 2986 qui
725 2909 847 2968 absente
871 2928 941 2987 rege
963 2912 1084 2970 tantum
1107 2929 1196 2971 curae

176 3019 211 3060 ao
234 2999 408 3077 diligentiae
431 3000 557 3075 dabant,
580 3003 616 3059 ut
637 3000 720 3058 ultra
737 3001 856 3076 tempus
879 3000 1043 3077 vigilarent
1064 3002 1196 3060 tractam

130 3100 158 3139 ³0
175 3093 220 3149 tes
244 3089 330 3167 regni
352 3089 508 3149 commoda
531 3092 562 3149 et
584 3087 658 3164 quid
675 3089 741 3148 fieri
762 3089 795 3146 in
818 3091 905 3147 tanta
928 3089 1104 3149 necessitate
1128 3108 1196 3149 con·

175 3182 297 3257 grueret
314 3179 363 3238 vel
382 3179 449 3255 quis
473 3180 512 3238 ad
530 3179 654 3237 Aenean
671 3181 774 3255 posset
787 3177 913 3237 nuntius
928 3178 1081 3238 destinari.
1116 3182 1197 3238 stcut

176 3269 271 3343 leucu
294 3268 398 3327 cduici
419 3270 512 3328 bustis
534 3267 578 3344 [el
600 3272 684 3327 scula
707 3265 859 3342 teueutesJ:
880 3270 1000 3343 praeter
1022 3267 1197 3346 vigiliarum

249 3443 265 3491 τ
283 3437 429 3494 mutareV
447 3438 490 3493 ed.
513 3456 582 3493 oorr.
604 3438 646 3493 ed.
668 3440 741 3506 post.
815 3443 847 3490 11
866 3438 1001 3492 sercautis
1019 3437 1044 3490 V
1063 3455 1132 3492 corr.
1152 3439 1195 3493 ed.

177 3517 211 3565 14
233 3511 326 3565 ieruut
346 3510 371 3564 V
393 3512 508 3577 fueruat
530 3511 573 3565 ed.
647 3516 681 3563 16
706 3511 830 3564 iuvenire
852 3510 986 3577 potuisset
1007 3509 1148 3564 Aseaur'us
1171 3510 1196 3563 V

175 3582 528 3707 resultasse
546 3581 616 3709 du
660 3585 700 3709 13
708 3579 895 3709 ruffe
908 3586 934 3635 ει
951 3581 994 3665 d·
1008 3582 1224 3708 seusu

173 3671 210 3775 gp
224 3697 254 3775 ei
265 3730 345 3776 scuta
355 3670 481 3781 percientes
499 3695 582 3783 deest
600 3670 687 3799 mcii?
702 3669 1014 3801 {Zdezsxpiieatgtim
1158 3693 1165 3703 ι
