<?xml version="1.0" encoding="UTF-8"?>
<!DOCTYPE html PUBLIC "-//W3C//DTD XHTML 1.0 Transitional//EN"
    "http://www.w3.org/TR/xhtml1/DTD/xhtml1-transitional.dtd">
<html xmlns="http://www.w3.org/1999/xhtml" xml:lang="en" lang="en">
 <head>
  <title>
</title>
<meta http-equiv="Content-Type" content="text/html;charset=utf-8" />
  <meta name='ocr-system' content='tesseract 3.04.00' />
  <meta name='ocr-capabilities' content='ocr_page ocr_carea ocr_par ocr_line ocrx_word'/>
</head>
<body>
  <div class='ocr_page' id='page_1' title='image "./tibericlaudidon00georgoog_0494.png"; bbox 0 0 2725 4150; ppageno 0'>
   <div class='ocr_carea' id='block_1_1' title="bbox 568 325 1199 398">
    <p class='ocr_par' dir='ltr' id='par_1_1' title="bbox 568 325 1199 398">
     <span class='ocr_line' id='line_1_1' title="bbox 568 325 1199 398; baseline 0.002 -18"><span class='ocrx_word' id='word_1_1' title='bbox 568 325 810 382; x_wconf 75' lang='lat' dir='ltr'><strong>musmosxr</strong></span> <span class='ocrx_word' id='word_1_2' title='bbox 1132 331 1199 398; x_wconf 78' lang='lat'><strong>473</strong></span> 
     </span>
    </p>
   </div>
   <div class='ocr_carea' id='block_1_2' title="bbox 134 494 1263 2987">
    <p class='ocr_par' dir='ltr' id='par_1_2' title="bbox 134 494 1263 2987">
     <span class='ocr_line' id='line_1_2' title="bbox 178 494 1198 573; baseline 0.005 -20"><span class='ocrx_word' id='word_1_3' title='bbox 178 497 299 572; x_wconf 79' lang='lat' dir='ltr'>pectore</span> <span class='ocrx_word' id='word_1_4' title='bbox 322 496 467 573; x_wconf 80' lang='lat' dir='ltr'><strong>gemitum</strong></span> <span class='ocrx_word' id='word_1_5' title='bbox 489 495 593 556; x_wconf 76' lang='lat' dir='ltr'><strong>dedit</strong></span> <span class='ocrx_word' id='word_1_6' title='bbox 621 494 751 573; x_wconf 84' lang='lat' dir='ltr'><strong>gemitus</strong></span> <span class='ocrx_word' id='word_1_7' title='bbox 774 495 844 555; x_wconf 91' lang='lat' dir='ltr'><strong>inde</strong></span> <span class='ocrx_word' id='word_1_8' title='bbox 866 495 1017 572; x_wconf 82' lang='lat' dir='ltr'><strong>veniebat,</strong></span> <span class='ocrx_word' id='word_1_9' title='bbox 1045 499 1117 573; x_wconf 85' lang='lat' dir='ltr'><strong>quia</strong></span> <span class='ocrx_word' id='word_1_10' title='bbox 1139 497 1198 558; x_wconf 84' lang='lat' dir='ltr'><strong>vim</strong></span> 
     </span>
     <span class='ocr_line' id='line_1_3' title="bbox 179 583 1200 665; baseline 0.003 -22"><span class='ocrx_word' id='word_1_11' title='bbox 179 584 293 644; x_wconf 89' lang='lat' dir='ltr'><strong>Dranci</strong></span> <span class='ocrx_word' id='word_1_12' title='bbox 309 583 420 645; x_wconf 85' lang='lat' dir='ltr'><strong>inferre</strong></span> <span class='ocrx_word' id='word_1_13' title='bbox 434 604 495 644; x_wconf 91' lang='lat' dir='ltr'><strong>non</strong></span> <span class='ocrx_word' id='word_1_14' title='bbox 508 587 630 663; x_wconf 84' lang='lat' dir='ltr'><strong>poteret</strong></span> <span class='ocrx_word' id='word_1_15' title='bbox 645 584 852 662; x_wconf 83' lang='lat' dir='ltr'><strong>praesentibus</strong></span> <span class='ocrx_word' id='word_1_16' title='bbox 865 586 960 645; x_wconf 86' lang='lat' dir='ltr'><strong>tantis</strong></span> <span class='ocrx_word' id='word_1_17' title='bbox 974 587 1005 645; x_wconf 90' lang='lat' dir='ltr'><strong>et</strong></span> <span class='ocrx_word' id='word_1_18' title='bbox 1017 605 1095 665; x_wconf 83' lang='lat' dir='ltr'><strong>rege.</strong></span> <span class='ocrx_word' id='word_1_19' title='bbox 1121 589 1200 663; x_wconf 91' lang='lat' dir='ltr'><strong>quod</strong></span> 
     </span>
     <span class='ocr_line' id='line_1_4' title="bbox 178 673 1199 752; baseline 0.003 -20"><span class='ocrx_word' id='word_1_20' title='bbox 178 677 281 733; x_wconf 80' lang='lat' dir='ltr'><strong>tamen</strong></span> <span class='ocrx_word' id='word_1_21' title='bbox 303 674 387 734; x_wconf 89' lang='lat' dir='ltr'><strong>locus</strong></span> <span class='ocrx_word' id='word_1_22' title='bbox 410 677 441 734; x_wconf 87' lang='lat' dir='ltr'><strong>et</strong></span> <span class='ocrx_word' id='word_1_23' title='bbox 457 676 577 750; x_wconf 85' lang='lat' dir='ltr'><strong>tempus</strong></span> <span class='ocrx_word' id='word_1_24' title='bbox 596 673 720 734; x_wconf 86' lang='lat' dir='ltr'><strong>admisit</strong></span> <span class='ocrx_word' id='word_1_25' title='bbox 737 677 769 733; x_wconf 91' lang='lat' dir='ltr'><strong>et</strong></span> <span class='ocrx_word' id='word_1_26' title='bbox 786 673 957 752; x_wconf 86' lang='lat' dir='ltr'><strong>praesentia</strong></span> <span class='ocrx_word' id='word_1_27' title='bbox 973 675 1053 734; x_wconf 86' lang='lat' dir='ltr'><strong>tanti</strong></span> <span class='ocrx_word' id='word_1_28' title='bbox 1076 694 1199 736; x_wconf 88' lang='lat' dir='ltr'><strong>conven-</strong></span> 
     </span>
     <span class='ocr_line' id='line_1_5' title="bbox 178 763 1199 841; baseline 0.001 -17"><span class='ocrx_word' id='word_1_29' title='bbox 178 768 242 839; x_wconf 86' lang='lat' dir='ltr'><strong>tus,</strong></span> <span class='ocrx_word' id='word_1_30' title='bbox 264 764 296 822; x_wconf 91' lang='lat' dir='ltr'><strong>in</strong></span> <span class='ocrx_word' id='word_1_31' title='bbox 318 782 422 823; x_wconf 90' lang='lat' dir='ltr'><strong>vocem</strong></span> <span class='ocrx_word' id='word_1_32' title='bbox 443 765 541 841; x_wconf 88' lang='lat' dir='ltr'><strong>rupit,</strong></span> <span class='ocrx_word' id='word_1_33' title='bbox 564 783 656 840; x_wconf 91' lang='lat' dir='ltr'><strong>quam</strong></span> <span class='ocrx_word' id='word_1_34' title='bbox 678 763 731 823; x_wconf 93' lang='lat' dir='ltr'><strong>diu</strong></span> <span class='ocrx_word' id='word_1_35' title='bbox 753 765 872 840; x_wconf 89' lang='lat' dir='ltr'><strong>patiens</strong></span> <span class='ocrx_word' id='word_1_36' title='bbox 896 766 1085 841; x_wconf 73' lang='lat' dir='ltr'><strong>oppresserat</strong></span> <span class='ocrx_word' id='word_1_37' title='bbox 1107 765 1199 825; x_wconf 89' lang='lat' dir='ltr'><strong>dolor.</strong></span> 
     </span>
     <span class='ocr_line' id='line_1_6' title="bbox 148 852 1201 927; baseline 0.003 -16"><span class='ocrx_word' id='word_1_38' title='bbox 148 854 266 927; x_wconf 73' lang='lat' dir='ltr'><strong>slorpo</strong></span> <span class='ocrx_word' id='word_1_39' title='bbox 288 853 404 927; x_wconf 76' lang='lat' dir='ltr'><strong>qmdem</strong></span> <span class='ocrx_word' id='word_1_40' title='bbox 430 870 551 926; x_wconf 78' lang='lat' dir='ltr'><strong>semper,</strong></span> <span class='ocrx_word' id='word_1_41' title='bbox 579 854 713 923; x_wconf 81' lang='lat' dir='ltr'><strong>Drance,</strong></span> <span class='ocrx_word' id='word_1_42' title='bbox 742 853 795 912; x_wconf 82' lang='lat' dir='ltr'><strong>tibi</strong></span> <span class='ocrx_word' id='word_1_43' title='bbox 821 853 906 927; x_wconf 80' lang='lat' dir='ltr'><strong>eopia</strong></span> <span class='ocrx_word' id='word_1_44' title='bbox 927 852 1016 926; x_wconf 77' lang='lat' dir='ltr'><strong>sandi</strong></span> <span class='ocrx_word' id='word_1_45' title='bbox 1042 857 1111 913; x_wconf 78' lang='lat' dir='ltr'><strong>tunc</strong></span> <span class='ocrx_word' id='word_1_46' title='bbox 1135 872 1201 914; x_wconf 83' lang='lat' dir='ltr'><strong>cum</strong></span> 
     </span>
     <span class='ocr_line' id='line_1_7' title="bbox 180 942 1263 1020; baseline -0.001 -20"><span class='ocrx_word' id='word_1_47' title='bbox 180 943 256 1001; x_wconf 85' lang='lat' dir='ltr'><strong>bello</strong></span> <span class='ocrx_word' id='word_1_48' title='bbox 272 959 381 1002; x_wconf 79' lang='lat' dir='ltr'><strong>mamus</strong></span> <span class='ocrx_word' id='word_1_49' title='bbox 395 945 523 1016; x_wconf 75' lang='lat' dir='ltr'><strong>poseamt</strong></span> <span class='ocrx_word' id='word_1_50' title='bbox 535 942 729 1016; x_wconf 77' lang='lat' dir='ltr'><strong>patribusque</strong></span> <span class='ocrx_word' id='word_1_51' title='bbox 750 943 860 1002; x_wconf 76' lang='lat' dir='ltr'><strong>coeatis</strong></span> <span class='ocrx_word' id='word_1_52' title='bbox 873 943 993 1016; x_wconf 82' lang='lat' dir='ltr'><strong>primus</strong></span> <span class='ocrx_word' id='word_1_53' title='bbox 1011 943 1097 1003; x_wconf 88' lang='lat' dir='ltr'><strong>ades:</strong></span> <span class='ocrx_word' id='word_1_54' title='bbox 1116 963 1199 1020; x_wconf 87' lang='lat' dir='ltr'><strong>prae-</strong></span> <span class='ocrx_word' id='word_1_55' title='bbox 1210 950 1263 1000; x_wconf 78' lang='lat'><strong>880</strong></span> 
     </span>
     <span class='ocr_line' id='line_1_8' title="bbox 180 1030 1201 1109; baseline 0.002 -19"><span class='ocrx_word' id='word_1_56' title='bbox 180 1034 300 1109; x_wconf 88' lang='lat' dir='ltr'><strong>postera</strong></span> <span class='ocrx_word' id='word_1_57' title='bbox 330 1034 388 1108; x_wconf 85' lang='lat' dir='ltr'><strong>est,</strong></span> <span class='ocrx_word' id='word_1_58' title='bbox 417 1031 532 1108; x_wconf 89' lang='lat' dir='ltr'><strong>inquit,</strong></span> <span class='ocrx_word' id='word_1_59' title='bbox 561 1030 692 1107; x_wconf 86' lang='lat' dir='ltr'><strong>Drance,</strong></span> <span class='ocrx_word' id='word_1_60' title='bbox 723 1031 895 1109; x_wconf 79' lang='lat' dir='ltr'><strong>eloquentie</strong></span> <span class='ocrx_word' id='word_1_61' title='bbox 924 1033 987 1091; x_wconf 82' lang='lat' dir='ltr'><strong>tua.</strong></span> <span class='ocrx_word' id='word_1_62' title='bbox 1032 1050 1104 1091; x_wconf 84' lang='lat' dir='ltr'><strong>nam</strong></span> <span class='ocrx_word' id='word_1_63' title='bbox 1134 1051 1201 1092; x_wconf 91' lang='lat' dir='ltr'><strong>cum</strong></span> 
     </span>
     <span class='ocr_line' id='line_1_9' title="bbox 179 1119 1201 1197; baseline 0.004 -19"><span class='ocrx_word' id='word_1_64' title='bbox 179 1123 340 1181; x_wconf 75' lang='lat' dir='ltr'><strong>necessitas</strong></span> <span class='ocrx_word' id='word_1_65' title='bbox 363 1121 444 1181; x_wconf 86' lang='lat' dir='ltr'><strong>viros</strong></span> <span class='ocrx_word' id='word_1_66' title='bbox 466 1121 500 1180; x_wconf 93' lang='lat' dir='ltr'><strong>in</strong></span> <span class='ocrx_word' id='word_1_67' title='bbox 523 1139 608 1180; x_wconf 85' lang='lat' dir='ltr'><strong>erma</strong></span> <span class='ocrx_word' id='word_1_68' title='bbox 630 1119 787 1197; x_wconf 80' lang='lat' dir='ltr'><strong>conpellit,</strong></span> <span class='ocrx_word' id='word_1_69' title='bbox 815 1124 852 1181; x_wconf 87' lang='lat' dir='ltr'><strong>tu</strong></span> <span class='ocrx_word' id='word_1_70' title='bbox 874 1122 1025 1181; x_wconf 89' lang='lat' dir='ltr'><strong>concurris</strong></span> <span class='ocrx_word' id='word_1_71' title='bbox 1049 1122 1089 1181; x_wconf 90' lang='lat' dir='ltr'><strong>ad</strong></span> <span class='ocrx_word' id='word_1_72' title='bbox 1110 1122 1201 1182; x_wconf 80' lang='lat' dir='ltr'><strong>verba</strong></span> 
     </span>
     <span class='ocr_line' id='line_1_10' title="bbox 180 1209 1200 1286; baseline 0.003 -17"><span class='ocrx_word' id='word_1_73' title='bbox 180 1212 211 1269; x_wconf 87' lang='lat' dir='ltr'><strong>et</strong></span> <span class='ocrx_word' id='word_1_74' title='bbox 232 1213 263 1269; x_wconf 92' lang='lat' dir='ltr'><strong>te</strong></span> <span class='ocrx_word' id='word_1_75' title='bbox 291 1211 421 1270; x_wconf 80' lang='lat' dir='ltr'><strong>delectat</strong></span> <span class='ocrx_word' id='word_1_76' title='bbox 446 1211 600 1270; x_wconf 86' lang='lat' dir='ltr'><strong>rhetorum</strong></span> <span class='ocrx_word' id='word_1_77' title='bbox 625 1228 704 1284; x_wconf 88' lang='lat' dir='ltr'><strong>mos,</strong></span> <span class='ocrx_word' id='word_1_78' title='bbox 734 1209 807 1286; x_wconf 85' lang='lat' dir='ltr'><strong>quia</strong></span> <span class='ocrx_word' id='word_1_79' title='bbox 833 1228 988 1269; x_wconf 89' lang='lat' dir='ltr'><strong>murorum</strong></span> <span class='ocrx_word' id='word_1_80' title='bbox 1014 1211 1200 1272; x_wconf 86' lang='lat' dir='ltr'><strong>munimento</strong></span> 
     </span>
     <span class='ocr_line' id='line_1_11' title="bbox 135 1299 1200 1378; baseline 0 -18"><span class='ocrx_word' id='word_1_81' title='bbox 135 1322 161 1360; x_wconf 84' lang='lat' dir='ltr'><strong>ro</strong></span> <span class='ocrx_word' id='word_1_82' title='bbox 180 1317 300 1358; x_wconf 86' lang='lat' dir='ltr'><strong>securus</strong></span> <span class='ocrx_word' id='word_1_83' title='bbox 324 1318 364 1359; x_wconf 92' lang='lat' dir='ltr'><strong>es.</strong></span> <span class='ocrx_word' id='word_1_84' title='bbox 400 1318 461 1358; x_wconf 89' lang='lat' dir='ltr'><strong>non</strong></span> <span class='ocrx_word' id='word_1_85' title='bbox 479 1299 522 1360; x_wconf 92' lang='lat' dir='ltr'><strong>sic</strong></span> <span class='ocrx_word' id='word_1_86' title='bbox 539 1301 695 1378; x_wconf 83' lang='lat' dir='ltr'><strong>pugnatur</strong></span> <span class='ocrx_word' id='word_1_87' title='bbox 712 1302 767 1360; x_wconf 86' lang='lat' dir='ltr'><strong>aut</strong></span> <span class='ocrx_word' id='word_1_88' title='bbox 783 1299 915 1360; x_wconf 77' lang='lat' dir='ltr'><strong>vincitur</strong></span> <span class='ocrx_word' id='word_1_89' title='bbox 931 1317 986 1359; x_wconf 92' lang='lat' dir='ltr'><strong>neo</strong></span> <span class='ocrx_word' id='word_1_90' title='bbox 1003 1299 1101 1361; x_wconf 87' lang='lat' dir='ltr'><strong>verbis</strong></span> <span class='ocrx_word' id='word_1_91' title='bbox 1115 1301 1200 1360; x_wconf 88' lang='lat' dir='ltr'><strong>debe-</strong></span> 
     </span>
     <span class='ocr_line' id='line_1_12' title="bbox 179 1386 1201 1466; baseline 0.003 -19"><span class='ocrx_word' id='word_1_92' title='bbox 179 1408 247 1448; x_wconf 88' lang='lat' dir='ltr'><strong>mus</strong></span> <span class='ocrx_word' id='word_1_93' title='bbox 269 1387 317 1448; x_wconf 88' lang='lat' dir='ltr'><strong>nti</strong></span> <span class='ocrx_word' id='word_1_94' title='bbox 338 1408 393 1465; x_wconf 90' lang='lat' dir='ltr'><strong>pro</strong></span> <span class='ocrx_word' id='word_1_95' title='bbox 415 1389 532 1449; x_wconf 88' lang='lat' dir='ltr'><strong>iaculis.</strong></span> <span class='ocrx_word' id='word_1_96' title='bbox 568 1386 698 1465; x_wconf 84' lang='lat' dir='ltr'><strong>interea,</strong></span> <span class='ocrx_word' id='word_1_97' title='bbox 721 1388 794 1448; x_wconf 90' lang='lat' dir='ltr'><strong>dum</strong></span> <span class='ocrx_word' id='word_1_98' title='bbox 811 1391 912 1466; x_wconf 79' lang='lat' dir='ltr'><strong>patres</strong></span> <span class='ocrx_word' id='word_1_99' title='bbox 936 1387 1053 1466; x_wconf 89' lang='lat' dir='ltr'><strong>aliquid</strong></span> <span class='ocrx_word' id='word_1_100' title='bbox 1071 1391 1201 1450; x_wconf 85' lang='lat' dir='ltr'><strong>tractare</strong></span> 
     </span>
     <span class='ocr_line' id='line_1_13' title="bbox 180 1477 1201 1556; baseline 0.002 -20"><span class='ocrx_word' id='word_1_101' title='bbox 180 1477 365 1553; x_wconf 80' lang='lat' dir='ltr'><strong>desiderant,</strong></span> <span class='ocrx_word' id='word_1_102' title='bbox 391 1477 507 1555; x_wconf 90' lang='lat' dir='ltr'><strong>primus</strong></span> <span class='ocrx_word' id='word_1_103' title='bbox 534 1477 679 1540; x_wconf 81' lang='lat' dir='ltr'><strong>adventas</strong></span> <span class='ocrx_word' id='word_1_104' title='bbox 707 1480 738 1537; x_wconf 79' lang='lat' dir='ltr'><strong>ei</strong></span> <span class='ocrx_word' id='word_1_105' title='bbox 763 1480 837 1538; x_wconf 89' lang='lat' dir='ltr'><strong>tunc</strong></span> <span class='ocrx_word' id='word_1_106' title='bbox 858 1477 965 1556; x_wconf 82' lang='lat' dir='ltr'><strong>lingua</strong></span> <span class='ocrx_word' id='word_1_107' title='bbox 986 1478 1104 1555; x_wconf 85' lang='lat' dir='ltr'><strong>plaeere</strong></span> <span class='ocrx_word' id='word_1_108' title='bbox 1132 1497 1201 1539; x_wconf 90' lang='lat' dir='ltr'><strong>con·</strong></span> 
     </span>
     <span class='ocr_line' id='line_1_14' title="bbox 179 1567 1201 1646; baseline 0.002 -20"><span class='ocrx_word' id='word_1_109' title='bbox 179 1567 278 1627; x_wconf 86' lang='lat' dir='ltr'><strong>tendis</strong></span> <span class='ocrx_word' id='word_1_110' title='bbox 309 1573 377 1626; x_wconf 87' lang='lat' dir='ltr'><strong>cum</strong></span> <span class='ocrx_word' id='word_1_111' title='bbox 401 1570 521 1646; x_wconf 84' lang='lat' dir='ltr'><strong>tempus</strong></span> <span class='ocrx_word' id='word_1_112' title='bbox 551 1586 612 1628; x_wconf 92' lang='lat' dir='ltr'><strong>non</strong></span> <span class='ocrx_word' id='word_1_113' title='bbox 639 1568 787 1645; x_wconf 88' lang='lat' dir='ltr'><strong>loquacis,</strong></span> <span class='ocrx_word' id='word_1_114' title='bbox 818 1567 870 1627; x_wconf 89' lang='lat' dir='ltr'><strong>sed</strong></span> <span class='ocrx_word' id='word_1_115' title='bbox 899 1571 1031 1628; x_wconf 84' lang='lat' dir='ltr'><strong>armatos</strong></span> <span class='ocrx_word' id='word_1_116' title='bbox 1060 1569 1201 1646; x_wconf 80' lang='lat' dir='ltr'><strong>exposcit.</strong></span> 
     </span>
     <span class='ocr_line' id='line_1_15' title="bbox 180 1657 1200 1732; baseline 0.002 -17"><span class='ocrx_word' id='word_1_117' title='bbox 180 1657 232 1715; x_wconf 85' lang='lat' dir='ltr'><strong>sed</strong></span> <span class='ocrx_word' id='word_1_118' title='bbox 253 1674 313 1715; x_wconf 80' lang='lat' dir='ltr'><strong>non</strong></span> <span class='ocrx_word' id='word_1_119' title='bbox 339 1657 480 1730; x_wconf 75' lang='lat' dir='ltr'><strong>replenda</strong></span> <span class='ocrx_word' id='word_1_120' title='bbox 507 1660 550 1716; x_wconf 81' lang='lat' dir='ltr'><strong>est</strong></span> <span class='ocrx_word' id='word_1_121' title='bbox 575 1658 660 1716; x_wconf 77' lang='lat' dir='ltr'><strong>curio</strong></span> <span class='ocrx_word' id='word_1_122' title='bbox 686 1658 795 1728; x_wconf 78' lang='lat' dir='ltr'><strong>cerdis,</strong></span> <span class='ocrx_word' id='word_1_123' title='bbox 824 1674 899 1730; x_wconf 76' lang='lat' dir='ltr'><strong>quae</strong></span> <span class='ocrx_word' id='word_1_124' title='bbox 925 1661 985 1716; x_wconf 80' lang='lat' dir='ltr'><strong>tuto</strong></span> <span class='ocrx_word' id='word_1_125' title='bbox 1012 1658 1065 1716; x_wconf 81' lang='lat' dir='ltr'><strong>tibi</strong></span> <span class='ocrx_word' id='word_1_126' title='bbox 1090 1676 1200 1732; x_wconf 76' lang='lat' dir='ltr'><strong>mepno</strong></span> 
     </span>
     <span class='ocr_line' id='line_1_16' title="bbox 135 1745 1202 1822; baseline -0.001 -15"><span class='ocrx_word' id='word_1_127' title='bbox 135 1767 161 1807; x_wconf 85' lang='lat' dir='ltr'><strong>rs</strong></span> <span class='ocrx_word' id='word_1_128' title='bbox 179 1745 292 1815; x_wconf 77' lang='lat' dir='ltr'><strong>colant,</strong></span> <span class='ocrx_word' id='word_1_129' title='bbox 321 1746 392 1805; x_wconf 74' lang='lat' dir='ltr'><strong>dmm</strong></span> <span class='ocrx_word' id='word_1_130' title='bbox 414 1746 531 1806; x_wconf 81' lang='lat' dir='ltr'><strong>distinet</strong></span> <span class='ocrx_word' id='word_1_131' title='bbox 552 1746 661 1806; x_wconf 78' lang='lat' dir='ltr'><strong>leostem</strong></span> <span class='ocrx_word' id='word_1_132' title='bbox 683 1763 772 1822; x_wconf 71' lang='lat' dir='ltr'><strong>epyer</strong></span> <span class='ocrx_word' id='word_1_133' title='bbox 797 1764 951 1805; x_wconf 78' lang='lat' dir='ltr'><strong>murorum</strong></span> <span class='ocrx_word' id='word_1_134' title='bbox 974 1763 1027 1806; x_wconf 78' lang='lat' dir='ltr'><strong>nee</strong></span> <span class='ocrx_word' id='word_1_135' title='bbox 1053 1747 1202 1807; x_wconf 72' lang='lat' dir='ltr'><strong>incedant</strong></span> 
     </span>
     <span class='ocr_line' id='line_1_17' title="bbox 180 1835 1200 1912; baseline 0.002 -18"><span class='ocrx_word' id='word_1_136' title='bbox 180 1836 325 1909; x_wconf 72' lang='lat' dir='ltr'><strong>sanquine</strong></span> <span class='ocrx_word' id='word_1_137' title='bbox 346 1836 459 1908; x_wconf 82' lang='lat' dir='ltr'><strong>fossae:</strong></span> <span class='ocrx_word' id='word_1_138' title='bbox 490 1835 613 1896; x_wconf 87' lang='lat' dir='ltr'><strong>doceam</strong></span> <span class='ocrx_word' id='word_1_139' title='bbox 635 1837 679 1911; x_wconf 87' lang='lat' dir='ltr'><strong>te,</strong></span> <span class='ocrx_word' id='word_1_140' title='bbox 701 1835 814 1912; x_wconf 87' lang='lat' dir='ltr'><strong>inquit,</strong></span> <span class='ocrx_word' id='word_1_141' title='bbox 838 1853 892 1894; x_wconf 86' lang='lat' dir='ltr'><strong>sua</strong></span> <span class='ocrx_word' id='word_1_142' title='bbox 914 1836 1098 1912; x_wconf 89' lang='lat' dir='ltr'><strong>temporibus</strong></span> <span class='ocrx_word' id='word_1_143' title='bbox 1122 1836 1200 1896; x_wconf 86' lang='lat' dir='ltr'><strong>dare.</strong></span> 
     </span>
     <span class='ocr_line' id='line_1_18' title="bbox 179 1924 1201 2003; baseline 0.003 -20"><span class='ocrx_word' id='word_1_144' title='bbox 179 1943 284 2002; x_wconf 87' lang='lat' dir='ltr'><strong>pacem</strong></span> <span class='ocrx_word' id='word_1_145' title='bbox 307 1925 426 2001; x_wconf 80' lang='lat' dir='ltr'><strong>quaerit</strong></span> <span class='ocrx_word' id='word_1_146' title='bbox 442 1924 612 2003; x_wconf 86' lang='lat' dir='ltr'><strong>loquacitas</strong></span> <span class='ocrx_word' id='word_1_147' title='bbox 629 1927 697 2000; x_wconf 86' lang='lat' dir='ltr'><strong>tua,</strong></span> <span class='ocrx_word' id='word_1_148' title='bbox 721 1944 813 2001; x_wconf 86' lang='lat' dir='ltr'><strong>quam</strong></span> <span class='ocrx_word' id='word_1_149' title='bbox 835 1927 925 2001; x_wconf 89' lang='lat' dir='ltr'><strong>putas</strong></span> <span class='ocrx_word' id='word_1_150' title='bbox 949 1943 1026 2000; x_wconf 89' lang='lat' dir='ltr'><strong>esse,</strong></span> <span class='ocrx_word' id='word_1_151' title='bbox 1050 1944 1117 1985; x_wconf 93' lang='lat' dir='ltr'><strong>cum</strong></span> <span class='ocrx_word' id='word_1_152' title='bbox 1140 1945 1201 1986; x_wconf 92' lang='lat' dir='ltr'><strong>non</strong></span> 
     </span>
     <span class='ocr_line' id='line_1_19' title="bbox 180 2013 1202 2090; baseline 0.003 -16"><span class='ocrx_word' id='word_1_153' title='bbox 180 2015 228 2075; x_wconf 82' lang='lat' dir='ltr'><strong>sit.</strong></span> <span class='ocrx_word' id='word_1_154' title='bbox 273 2014 356 2074; x_wconf 85' lang='lat' dir='ltr'><strong>fallit</strong></span> <span class='ocrx_word' id='word_1_155' title='bbox 381 2017 412 2074; x_wconf 88' lang='lat' dir='ltr'><strong>te</strong></span> <span class='ocrx_word' id='word_1_156' title='bbox 439 2016 602 2076; x_wconf 80' lang='lat' dir='ltr'><strong>conventus</strong></span> <span class='ocrx_word' id='word_1_157' title='bbox 628 2013 687 2075; x_wconf 88' lang='lat' dir='ltr'><strong>iste</strong></span> <span class='ocrx_word' id='word_1_158' title='bbox 715 2013 877 2090; x_wconf 88' lang='lat' dir='ltr'><strong>maiorum,</strong></span> <span class='ocrx_word' id='word_1_159' title='bbox 907 2013 1019 2075; x_wconf 85' lang='lat' dir='ltr'><strong>fallunt</strong></span> <span class='ocrx_word' id='word_1_160' title='bbox 1047 2035 1202 2077; x_wconf 88' lang='lat' dir='ltr'><strong>murorum</strong></span> 
     </span>
     <span class='ocr_line' id='line_1_20' title="bbox 180 2100 1200 2185; baseline 0.001 -21"><span class='ocrx_word' id='word_1_161' title='bbox 180 2107 298 2180; x_wconf 89' lang='lat' dir='ltr'><strong>saepta,</strong></span> <span class='ocrx_word' id='word_1_162' title='bbox 322 2122 400 2181; x_wconf 89' lang='lat' dir='ltr'><strong>quae</strong></span> <span class='ocrx_word' id='word_1_163' title='bbox 424 2124 443 2164; x_wconf 87' lang='lat' dir='ltr'><strong>a</strong></span> <span class='ocrx_word' id='word_1_164' title='bbox 465 2104 551 2164; x_wconf 89' lang='lat' dir='ltr'><strong>nobis</strong></span> <span class='ocrx_word' id='word_1_165' title='bbox 574 2104 732 2182; x_wconf 86' lang='lat' dir='ltr'><strong>paululum</strong></span> <span class='ocrx_word' id='word_1_166' title='bbox 755 2106 897 2180; x_wconf 86' lang='lat' dir='ltr'><strong>separant</strong></span> <span class='ocrx_word' id='word_1_167' title='bbox 919 2104 1027 2165; x_wconf 87' lang='lat' dir='ltr'><strong>hostis:</strong></span> <span class='ocrx_word' id='word_1_168' title='bbox 1057 2100 1080 2185; x_wconf 87' lang='lat'>†</span> <span class='ocrx_word' id='word_1_169' title='bbox 1103 2125 1200 2166; x_wconf 91' lang='lat' dir='ltr'><strong>nonne</strong></span> 
     </span>
     <span class='ocr_line' id='line_1_21' title="bbox 134 2192 1202 2272; baseline 0 -17"><span class='ocrx_word' id='word_1_170' title='bbox 134 2215 161 2255; x_wconf 76' lang='lat' dir='ltr'><strong>so</strong></span> <span class='ocrx_word' id='word_1_171' title='bbox 180 2194 262 2254; x_wconf 86' lang='lat' dir='ltr'><strong>vides</strong></span> <span class='ocrx_word' id='word_1_172' title='bbox 290 2212 344 2270; x_wconf 87' lang='lat' dir='ltr'><strong>per</strong></span> <span class='ocrx_word' id='word_1_173' title='bbox 370 2193 466 2254; x_wconf 82' lang='lat' dir='ltr'><strong>fossas</strong></span> <span class='ocrx_word' id='word_1_174' title='bbox 495 2194 674 2272; x_wconf 79' lang='lat' dir='ltr'><strong>sanguinem</strong></span> <span class='ocrx_word' id='word_1_175' title='bbox 701 2192 809 2252; x_wconf 77' lang='lat' dir='ltr'><strong>fundi?</strong></span> <span class='ocrx_word' id='word_1_176' title='bbox 835 2194 962 2268; x_wconf 79' lang='lat' dir='ltr'><strong>proinde</strong></span> <span class='ocrx_word' id='word_1_177' title='bbox 984 2195 1054 2253; x_wconf 82' lang='lat' dir='ltr'><strong>tomo</strong></span> <span class='ocrx_word' id='word_1_178' title='bbox 1076 2196 1202 2268; x_wconf 79' lang='lat' dir='ltr'><strong>eloquio:</strong></span> 
     </span>
     <span class='ocr_line' id='line_1_22' title="bbox 178 2281 1201 2361; baseline 0.002 -20"><span class='ocrx_word' id='word_1_179' title='bbox 178 2285 252 2342; x_wconf 80' lang='lat' dir='ltr'><strong>tona</strong></span> <span class='ocrx_word' id='word_1_180' title='bbox 278 2281 426 2343; x_wconf 85' lang='lat' dir='ltr'><strong>invidiose</strong></span> <span class='ocrx_word' id='word_1_181' title='bbox 449 2284 565 2360; x_wconf 87' lang='lat' dir='ltr'><strong>posuit,</strong></span> <span class='ocrx_word' id='word_1_182' title='bbox 592 2285 680 2360; x_wconf 81' lang='lat' dir='ltr'><strong>quasi</strong></span> <span class='ocrx_word' id='word_1_183' title='bbox 708 2284 835 2343; x_wconf 80' lang='lat' dir='ltr'><strong>caeleste</strong></span> <span class='ocrx_word' id='word_1_184' title='bbox 861 2301 986 2361; x_wconf 82' lang='lat' dir='ltr'><strong>regnum</strong></span> <span class='ocrx_word' id='word_1_185' title='bbox 1011 2286 1147 2360; x_wconf 83' lang='lat' dir='ltr'><strong>portaret</strong></span> <span class='ocrx_word' id='word_1_186' title='bbox 1168 2286 1201 2343; x_wconf 93' lang='lat' dir='ltr'><strong>in</strong></span> 
     </span>
     <span class='ocr_line' id='line_1_23' title="bbox 178 2372 1201 2450; baseline -0.001 -19"><span class='ocrx_word' id='word_1_187' title='bbox 178 2373 284 2450; x_wconf 86' lang='lat' dir='ltr'><strong>lingua</strong></span> <span class='ocrx_word' id='word_1_188' title='bbox 308 2375 339 2432; x_wconf 87' lang='lat' dir='ltr'><strong>et</strong></span> <span class='ocrx_word' id='word_1_189' title='bbox 365 2391 426 2432; x_wconf 93' lang='lat' dir='ltr'><strong>non</strong></span> <span class='ocrx_word' id='word_1_190' title='bbox 450 2372 512 2432; x_wconf 86' lang='lat' dir='ltr'><strong>iam</strong></span> <span class='ocrx_word' id='word_1_191' title='bbox 538 2372 637 2450; x_wconf 90' lang='lat' dir='ltr'><strong>loqui,</strong></span> <span class='ocrx_word' id='word_1_192' title='bbox 664 2372 716 2433; x_wconf 91' lang='lat' dir='ltr'><strong>sed</strong></span> <span class='ocrx_word' id='word_1_193' title='bbox 745 2376 850 2432; x_wconf 88' lang='lat' dir='ltr'><strong>tonare</strong></span> <span class='ocrx_word' id='word_1_194' title='bbox 879 2372 1039 2431; x_wconf 83' lang='lat' dir='ltr'><strong>videretur.</strong></span> <span class='ocrx_word' id='word_1_195' title='bbox 1084 2374 1201 2431; x_wconf 79' lang='lat' dir='ltr'><strong>solitmn</strong></span> 
     </span>
     <span class='ocr_line' id='line_1_24' title="bbox 179 2460 1200 2539; baseline -0.001 -19"><span class='ocrx_word' id='word_1_196' title='bbox 179 2463 246 2521; x_wconf 80' lang='lat' dir='ltr'><strong>tibi:</strong></span> <span class='ocrx_word' id='word_1_197' title='bbox 272 2462 344 2521; x_wconf 82' lang='lat' dir='ltr'><strong>talis</strong></span> <span class='ocrx_word' id='word_1_198' title='bbox 367 2480 484 2539; x_wconf 88' lang='lat' dir='ltr'><strong>semper</strong></span> <span class='ocrx_word' id='word_1_199' title='bbox 506 2463 605 2537; x_wconf 84' lang='lat' dir='ltr'><strong>fuisti,</strong></span> <span class='ocrx_word' id='word_1_200' title='bbox 633 2463 712 2521; x_wconf 91' lang='lat' dir='ltr'><strong>nihil</strong></span> <span class='ocrx_word' id='word_1_201' title='bbox 733 2461 790 2522; x_wconf 84' lang='lat' dir='ltr'><strong>tibi</strong></span> <span class='ocrx_word' id='word_1_202' title='bbox 816 2461 876 2521; x_wconf 88' lang='lat' dir='ltr'><strong>nisi</strong></span> <span class='ocrx_word' id='word_1_203' title='bbox 897 2460 1067 2538; x_wconf 88' lang='lat' dir='ltr'><strong>loquacitas</strong></span> <span class='ocrx_word' id='word_1_204' title='bbox 1090 2461 1200 2537; x_wconf 82' lang='lat' dir='ltr'><strong>subest,</strong></span> 
     </span>
     <span class='ocr_line' id='line_1_25' title="bbox 179 2550 1200 2629; baseline 0.002 -20"><span class='ocrx_word' id='word_1_205' title='bbox 179 2550 315 2629; x_wconf 91' lang='lat' dir='ltr'><strong>loquere,</strong></span> <span class='ocrx_word' id='word_1_206' title='bbox 338 2554 501 2629; x_wconf 88' lang='lat' dir='ltr'><strong>antequam</strong></span> <span class='ocrx_word' id='word_1_207' title='bbox 523 2550 580 2610; x_wconf 88' lang='lat' dir='ltr'><strong>tibi</strong></span> <span class='ocrx_word' id='word_1_208' title='bbox 601 2552 703 2611; x_wconf 86' lang='lat' dir='ltr'><strong>totum</strong></span> <span class='ocrx_word' id='word_1_209' title='bbox 725 2551 840 2612; x_wconf 86' lang='lat' dir='ltr'><strong>adimat</strong></span> <span class='ocrx_word' id='word_1_210' title='bbox 863 2552 986 2629; x_wconf 84' lang='lat' dir='ltr'><strong>clangor</strong></span> <span class='ocrx_word' id='word_1_211' title='bbox 1010 2550 1115 2625; x_wconf 82' lang='lat' dir='ltr'><strong>tubus,</strong></span> <span class='ocrx_word' id='word_1_212' title='bbox 1142 2551 1200 2611; x_wconf 87' lang='lat' dir='ltr'><strong>for-</strong></span> 
     </span>
     <span class='ocr_line' id='line_1_26' title="bbox 134 2640 1201 2720; baseline 0 -20"><span class='ocrx_word' id='word_1_213' title='bbox 134 2659 160 2700; x_wconf 75' lang='lat' dir='ltr'><strong>es</strong></span> <span class='ocrx_word' id='word_1_214' title='bbox 179 2641 258 2700; x_wconf 85' lang='lat' dir='ltr'><strong>tium</strong></span> <span class='ocrx_word' id='word_1_215' title='bbox 275 2642 408 2700; x_wconf 81' lang='lat' dir='ltr'><strong>virorum</strong></span> <span class='ocrx_word' id='word_1_216' title='bbox 432 2640 576 2717; x_wconf 87' lang='lat' dir='ltr'><strong>strepitus</strong></span> <span class='ocrx_word' id='word_1_217' title='bbox 600 2643 631 2701; x_wconf 86' lang='lat' dir='ltr'><strong>et</strong></span> <span class='ocrx_word' id='word_1_218' title='bbox 650 2641 754 2720; x_wconf 83' lang='lat' dir='ltr'><strong>fragor</strong></span> <span class='ocrx_word' id='word_1_219' title='bbox 776 2659 934 2701; x_wconf 86' lang='lat' dir='ltr'><strong>armorum.</strong></span> <span class='ocrx_word' id='word_1_220' title='bbox 966 2657 1066 2714; x_wconf 77' lang='lat' dir='ltr'><strong>meque</strong></span> <span class='ocrx_word' id='word_1_221' title='bbox 1089 2641 1201 2700; x_wconf 82' lang='lat' dir='ltr'><strong>timoris</strong></span> 
     </span>
     <span class='ocr_line' id='line_1_27' title="bbox 180 2729 1263 2805; baseline 0.004 -17"><span class='ocrx_word' id='word_1_222' title='bbox 180 2747 271 2804; x_wconf 73' lang='lat' dir='ltr'><strong>arque</strong></span> <span class='ocrx_word' id='word_1_223' title='bbox 295 2733 340 2799; x_wconf 82' lang='lat' dir='ltr'><strong>tu,</strong></span> <span class='ocrx_word' id='word_1_224' title='bbox 368 2730 501 2799; x_wconf 77' lang='lat' dir='ltr'><strong>Drance,</strong></span> <span class='ocrx_word' id='word_1_225' title='bbox 530 2730 647 2803; x_wconf 79' lang='lat' dir='ltr'><strong>quondo</strong></span> <span class='ocrx_word' id='word_1_226' title='bbox 675 2732 714 2789; x_wconf 79' lang='lat' dir='ltr'><strong>iot</strong></span> <span class='ocrx_word' id='word_1_227' title='bbox 740 2731 849 2805; x_wconf 73' lang='lat' dir='ltr'><strong>strepis</strong></span> <span class='ocrx_word' id='word_1_228' title='bbox 876 2747 994 2789; x_wconf 82' lang='lat' dir='ltr'><strong>aceruos</strong></span> <span class='ocrx_word' id='word_1_229' title='bbox 1023 2729 1263 2792; x_wconf 73' lang='lat' dir='ltr'><strong>Teucrormueso</strong></span> 
     </span>
     <span class='ocr_line' id='line_1_28' title="bbox 179 2819 1200 2894; baseline 0 -17"><span class='ocrx_word' id='word_1_230' title='bbox 179 2823 232 2878; x_wconf 84' lang='lat' dir='ltr'><strong>tua</strong></span> <span class='ocrx_word' id='word_1_231' title='bbox 254 2820 357 2878; x_wconf 75' lang='lat' dir='ltr'><strong>dextra</strong></span> <span class='ocrx_word' id='word_1_232' title='bbox 380 2819 460 2878; x_wconf 82' lang='lat' dir='ltr'><strong>dedit</strong></span> <span class='ocrx_word' id='word_1_233' title='bbox 471 2819 643 2893; x_wconf 76' lang='lat' dir='ltr'><strong>passimque</strong></span> <span class='ocrx_word' id='word_1_234' title='bbox 662 2821 790 2893; x_wconf 79' lang='lat' dir='ltr'><strong>tropaeis</strong></span> <span class='ocrx_word' id='word_1_235' title='bbox 812 2819 938 2893; x_wconf 69' lang='lat' dir='ltr'><strong>maionis</strong></span> <span class='ocrx_word' id='word_1_236' title='bbox 962 2836 1062 2894; x_wconf 69' lang='lat' dir='ltr'><strong>apros:</strong></span> <span class='ocrx_word' id='word_1_237' title='bbox 1085 2835 1200 2894; x_wconf 83' lang='lat' dir='ltr'><strong>accusa,</strong></span> 
     </span>
     <span class='ocr_line' id='line_1_29' title="bbox 178 2907 1200 2987; baseline 0.002 -21"><span class='ocrx_word' id='word_1_238' title='bbox 178 2907 293 2984; x_wconf 90' lang='lat' dir='ltr'><strong>inquit,</strong></span> <span class='ocrx_word' id='word_1_239' title='bbox 315 2908 454 2967; x_wconf 80' lang='lat' dir='ltr'><strong>timorem</strong></span> <span class='ocrx_word' id='word_1_240' title='bbox 476 2927 590 2983; x_wconf 91' lang='lat' dir='ltr'><strong>meum,</strong></span> <span class='ocrx_word' id='word_1_241' title='bbox 613 2908 665 2968; x_wconf 88' lang='lat' dir='ltr'><strong>sed</strong></span> <span class='ocrx_word' id='word_1_242' title='bbox 687 2911 722 2967; x_wconf 92' lang='lat' dir='ltr'><strong>tu</strong></span> <span class='ocrx_word' id='word_1_243' title='bbox 741 2909 835 2983; x_wconf 87' lang='lat' dir='ltr'><strong>solus,</strong></span> <span class='ocrx_word' id='word_1_244' title='bbox 858 2907 990 2967; x_wconf 83' lang='lat' dir='ltr'><strong>Drance:</strong></span> <span class='ocrx_word' id='word_1_245' title='bbox 1013 2908 1110 2987; x_wconf 83' lang='lat' dir='ltr'><strong>gloria</strong></span> <span class='ocrx_word' id='word_1_246' title='bbox 1132 2927 1200 2968; x_wconf 86' lang='lat' dir='ltr'><strong>mea</strong></span> 
     </span>
    </p>
   </div>
   <div class='ocr_carea' id='block_1_3' title="bbox 178 3077 1201 3778">
    <p class='ocr_par' dir='ltr' id='par_1_3' title="bbox 178 3077 1201 3778">
     <span class='ocr_line' id='line_1_30' title="bbox 252 3077 1200 3147; baseline 0 -15"><span class='ocrx_word' id='word_1_247' title='bbox 252 3085 267 3132; x_wconf 81' lang='lat'><strong>2</strong></span> <span class='ocrx_word' id='word_1_248' title='bbox 292 3080 405 3134; x_wconf 76' lang='lat' dir='ltr'><strong>drancio</strong></span> <span class='ocrx_word' id='word_1_249' title='bbox 425 3080 498 3147; x_wconf 82' lang='lat' dir='ltr'><strong>serre</strong></span> <span class='ocrx_word' id='word_1_250' title='bbox 517 3078 543 3132; x_wconf 99' lang='lat' dir='ltr'><strong>V</strong></span> <span class='ocrx_word' id='word_1_251' title='bbox 565 3079 698 3134; x_wconf 79' lang='lat' dir='ltr'><strong>Draneue</strong></span> <span class='ocrx_word' id='word_1_252' title='bbox 715 3080 736 3146; x_wconf 77' lang='lat' dir='ltr'><strong>f.</strong></span> <span class='ocrx_word' id='word_1_253' title='bbox 756 3078 812 3132; x_wconf 86' lang='lat' dir='ltr'><strong>ed:</strong></span> <span class='ocrx_word' id='word_1_254' title='bbox 840 3078 889 3133; x_wconf 89' lang='lat' dir='ltr'><strong>sed</strong></span> <span class='ocrx_word' id='word_1_255' title='bbox 912 3077 980 3133; x_wconf 83' lang='lat' dir='ltr'><strong>tulit</strong></span> <span class='ocrx_word' id='word_1_256' title='bbox 1001 3078 1200 3133; x_wconf 82' lang='lat' dir='ltr'><strong>vim-Drancis</strong></span> 
     </span>
     <span class='ocr_line' id='line_1_31' title="bbox 180 3149 1198 3219; baseline -0.001 -15"><span class='ocrx_word' id='word_1_257' title='bbox 180 3150 303 3216; x_wconf 84' lang='lat' dir='ltr'><strong>Turnus,</strong></span> <span class='ocrx_word' id='word_1_258' title='bbox 330 3166 416 3219; x_wconf 86' lang='lat' dir='ltr'><strong>quare</strong></span> <span class='ocrx_word' id='word_1_259' title='bbox 441 3151 553 3205; x_wconf 78' lang='lat' dir='ltr'><strong>Dranci</strong></span> <span class='ocrx_word' id='word_1_260' title='bbox 577 3152 680 3218; x_wconf 79' lang='lat' dir='ltr'><strong>inferre</strong></span> <span class='ocrx_word' id='word_1_261' title='bbox 705 3150 864 3217; x_wconf 77' lang='lat' dir='ltr'><strong>emendavi,</strong></span> <span class='ocrx_word' id='word_1_262' title='bbox 893 3149 933 3205; x_wconf 90' lang='lat' dir='ltr'><strong>sic</strong></span> <span class='ocrx_word' id='word_1_263' title='bbox 963 3151 992 3204; x_wconf 86' lang='lat' dir='ltr'><strong>et</strong></span> <span class='ocrx_word' id='word_1_264' title='bbox 1023 3156 1115 3205; x_wconf 80' lang='lat' dir='ltr'><strong>tamem</strong></span> <span class='ocrx_word' id='word_1_265' title='bbox 1143 3150 1198 3203; x_wconf 84' lang='lat' dir='ltr'><strong>vim</strong></span> 
     </span>
     <span class='ocr_line' id='line_1_32' title="bbox 180 3220 1201 3291; baseline 0 -16"><span class='ocrx_word' id='word_1_266' title='bbox 180 3237 260 3276; x_wconf 83' lang='lat' dir='ltr'><strong>suam</strong></span> <span class='ocrx_word' id='word_1_267' title='bbox 285 3221 380 3275; x_wconf 88' lang='lat' dir='ltr'><strong>habet.</strong></span> <span class='ocrx_word' id='word_1_268' title='bbox 454 3227 470 3275; x_wconf 83' lang='lat'><strong>5</strong></span> <span class='ocrx_word' id='word_1_269' title='bbox 493 3228 559 3276; x_wconf 78' lang='lat' dir='ltr'><strong>tuae</strong></span> <span class='ocrx_word' id='word_1_270' title='bbox 579 3220 605 3275; x_wconf 92' lang='lat' dir='ltr'>V</span> <span class='ocrx_word' id='word_1_271' title='bbox 627 3227 686 3275; x_wconf 79' lang='lat' dir='ltr'><strong>tum</strong></span> <span class='ocrx_word' id='word_1_272' title='bbox 708 3221 752 3275; x_wconf 86' lang='lat' dir='ltr'><strong>ed.</strong></span> <span class='ocrx_word' id='word_1_273' title='bbox 826 3226 859 3276; x_wconf 93' lang='lat'><strong>10</strong></span> <span class='ocrx_word' id='word_1_274' title='bbox 878 3238 935 3277; x_wconf 79' lang='lat' dir='ltr'><strong>mou</strong></span> <span class='ocrx_word' id='word_1_275' title='bbox 952 3224 1201 3291; x_wconf 71' lang='lat' dir='ltr'><strong>aequoreorum</strong></span> 
     </span>
     <span class='ocr_line' id='line_1_33' title="bbox 178 3291 1201 3349; baseline -0.001 -1"><span class='ocrx_word' id='word_1_276' title='bbox 178 3296 335 3349; x_wconf 71' lang='lat' dir='ltr'><strong>ulciscitur</strong></span> <span class='ocrx_word' id='word_1_277' title='bbox 357 3310 408 3348; x_wconf 80' lang='lat' dir='ltr'><strong>mec</strong></span> <span class='ocrx_word' id='word_1_278' title='bbox 427 3291 453 3345; x_wconf 89' lang='lat' dir='ltr'>V</span> <span class='ocrx_word' id='word_1_279' title='bbox 471 3294 578 3347; x_wconf 87' lang='lat' dir='ltr'><strong>temere</strong></span> <span class='ocrx_word' id='word_1_280' title='bbox 599 3294 668 3346; x_wconf 89' lang='lat' dir='ltr'><strong>mut.</strong></span> <span class='ocrx_word' id='word_1_281' title='bbox 691 3293 734 3347; x_wconf 91' lang='lat' dir='ltr'><strong>ed.</strong></span> <span class='ocrx_word' id='word_1_282' title='bbox 809 3299 841 3348; x_wconf 78' lang='lat'><strong>12</strong></span> <span class='ocrx_word' id='word_1_283' title='bbox 865 3294 999 3349; x_wconf 76' lang='lat' dir='ltr'><strong>adoemtm</strong></span> <span class='ocrx_word' id='word_1_284' title='bbox 1018 3293 1044 3347; x_wconf 99' lang='lat' dir='ltr'><strong>V</strong></span> <span class='ocrx_word' id='word_1_285' title='bbox 1067 3293 1201 3348; x_wconf 76' lang='lat' dir='ltr'><strong>adventus</strong></span> 
     </span>
     <span class='ocr_line' id='line_1_34' title="bbox 179 3363 1201 3433; baseline -0.001 -13"><span class='ocrx_word' id='word_1_286' title='bbox 179 3371 243 3420; x_wconf 79' lang='lat' dir='ltr'><strong>tuus</strong></span> <span class='ocrx_word' id='word_1_287' title='bbox 262 3365 333 3419; x_wconf 81' lang='lat' dir='ltr'><strong>edF.</strong></span> <span class='ocrx_word' id='word_1_288' title='bbox 396 3369 429 3417; x_wconf 77' lang='lat'><strong>13</strong></span> <span class='ocrx_word' id='word_1_289' title='bbox 448 3363 698 3433; x_wconf 73' lang='lat' dir='ltr'><strong>exposcathorr.</strong></span> <span class='ocrx_word' id='word_1_290' title='bbox 714 3364 758 3419; x_wconf 90' lang='lat' dir='ltr'><strong>ed.</strong></span> <span class='ocrx_word' id='word_1_291' title='bbox 821 3370 854 3419; x_wconf 87' lang='grc'><strong>16</strong></span> <span class='ocrx_word' id='word_1_292' title='bbox 873 3366 970 3420; x_wconf 84' lang='lat' dir='ltr'><strong>docebo</strong></span> <span class='ocrx_word' id='word_1_293' title='bbox 989 3364 1032 3418; x_wconf 90' lang='lat' dir='ltr'><strong>ed.</strong></span> <span class='ocrx_word' id='word_1_294' title='bbox 1093 3368 1126 3417; x_wconf 83' lang='lat'><strong>18</strong></span> <span class='ocrx_word' id='word_1_295' title='bbox 1144 3363 1201 3430; x_wconf 79' lang='lat' dir='ltr'><strong>fal·</strong></span> 
     </span>
     <span class='ocr_line' id='line_1_35' title="bbox 179 3434 1200 3504; baseline -0.003 -13"><span class='ocrx_word' id='word_1_296' title='bbox 179 3439 242 3491; x_wconf 81' lang='lat' dir='ltr'><strong>lunt</strong></span> <span class='ocrx_word' id='word_1_297' title='bbox 259 3436 285 3490; x_wconf 89' lang='lat' dir='ltr'><strong>V</strong></span> <span class='ocrx_word' id='word_1_298' title='bbox 306 3437 328 3503; x_wconf 75' lang='lat' dir='ltr'><strong>s.</strong></span> <span class='ocrx_word' id='word_1_299' title='bbox 349 3442 374 3491; x_wconf 86' lang='lat' dir='ltr'><strong>te</strong></span> <span class='ocrx_word' id='word_1_300' title='bbox 395 3436 438 3490; x_wconf 91' lang='lat' dir='ltr'><strong>ed.</strong></span> <span class='ocrx_word' id='word_1_301' title='bbox 512 3440 545 3489; x_wconf 77' lang='lat'><strong>19</strong></span> <span class='ocrx_word' id='word_1_302' title='bbox 571 3452 663 3490; x_wconf 77' lang='lat' dir='ltr'><strong>monae</strong></span> <span class='ocrx_word' id='word_1_303' title='bbox 687 3436 763 3491; x_wconf 79' lang='lat' dir='ltr'><strong>eides</strong></span> <span class='ocrx_word' id='word_1_304' title='bbox 780 3435 806 3489; x_wconf 95' lang='lat' dir='ltr'><strong>V</strong></span> <span class='ocrx_word' id='word_1_305' title='bbox 825 3436 868 3491; x_wconf 91' lang='lat' dir='ltr'><strong>ed.</strong></span> <span class='ocrx_word' id='word_1_306' title='bbox 896 3437 1058 3504; x_wconf 89' lang='lat' dir='ltr'><strong>corruptum</strong></span> <span class='ocrx_word' id='word_1_307' title='bbox 1080 3434 1200 3498; x_wconf 79' lang='lat' dir='ltr'><strong>videtur,</strong></span> 
     </span>
     <span class='ocr_line' id='line_1_36' title="bbox 179 3505 1201 3576; baseline -0.002 -15"><span class='ocrx_word' id='word_1_308' title='bbox 179 3507 297 3562; x_wconf 83' lang='lat' dir='ltr'><strong>fortasse</strong></span> <span class='ocrx_word' id='word_1_309' title='bbox 315 3525 350 3563; x_wconf 79' lang='lat' dir='ltr'><strong>me</strong></span> <span class='ocrx_word' id='word_1_310' title='bbox 367 3508 475 3574; x_wconf 81' lang='lat' dir='ltr'><strong>videus,</strong></span> <span class='ocrx_word' id='word_1_311' title='bbox 493 3507 544 3561; x_wconf 88' lang='lat' dir='ltr'><strong>sed</strong></span> <span class='ocrx_word' id='word_1_312' title='bbox 562 3522 673 3561; x_wconf 86' lang='lat' dir='ltr'><strong>erucem</strong></span> <span class='ocrx_word' id='word_1_313' title='bbox 691 3523 796 3576; x_wconf 89' lang='lat' dir='ltr'><strong>ponere</strong></span> <span class='ocrx_word' id='word_1_314' title='bbox 814 3506 910 3561; x_wconf 88' lang='lat' dir='ltr'><strong>malui.</strong></span> <span class='ocrx_word' id='word_1_315' title='bbox 989 3511 1022 3560; x_wconf 83' lang='lat'><strong>21</strong></span> <span class='ocrx_word' id='word_1_316' title='bbox 1047 3508 1157 3561; x_wconf 84' lang='lat' dir='ltr'><strong>caeleste</strong></span> <span class='ocrx_word' id='word_1_317' title='bbox 1175 3505 1201 3559; x_wconf 92' lang='lat' dir='ltr'><strong>V</strong></span> 
     </span>
     <span class='ocr_line' id='line_1_37' title="bbox 179 3577 1197 3648; baseline -0.004 -14"><span class='ocrx_word' id='word_1_318' title='bbox 179 3580 285 3635; x_wconf 84' lang='lat' dir='ltr'><strong>sceleste</strong></span> <span class='ocrx_word' id='word_1_319' title='bbox 310 3579 354 3634; x_wconf 90' lang='lat' dir='ltr'><strong>ed.</strong></span> <span class='ocrx_word' id='word_1_320' title='bbox 432 3584 465 3632; x_wconf 79' lang='lat'><strong>22</strong></span> <span class='ocrx_word' id='word_1_321' title='bbox 491 3579 539 3633; x_wconf 86' lang='lat' dir='ltr'><strong>sed</strong></span> <span class='ocrx_word' id='word_1_322' title='bbox 563 3594 620 3633; x_wconf 79' lang='lat' dir='ltr'><strong>mon</strong></span> <span class='ocrx_word' id='word_1_323' title='bbox 641 3580 699 3633; x_wconf 75' lang='lat' dir='ltr'><strong>ium</strong></span> <span class='ocrx_word' id='word_1_324' title='bbox 720 3578 746 3632; x_wconf 93' lang='lat' dir='ltr'><strong>V</strong></span> <span class='ocrx_word' id='word_1_325' title='bbox 770 3585 796 3633; x_wconf 84' lang='lat' dir='ltr'><strong>et</strong></span> <span class='ocrx_word' id='word_1_326' title='bbox 817 3596 844 3633; x_wconf 84' lang='lat' dir='ltr'><strong>m</strong></span> <span class='ocrx_word' id='word_1_327' title='bbox 869 3581 888 3633; x_wconf 81' lang='lat' dir='ltr'><strong>i.</strong></span> <span class='ocrx_word' id='word_1_328' title='bbox 912 3595 963 3634; x_wconf 91' lang='lat' dir='ltr'><strong>nos</strong></span> <span class='ocrx_word' id='word_1_329' title='bbox 988 3585 1020 3633; x_wconf 82' lang='lat' dir='ltr'><strong>ut</strong></span> <span class='ocrx_word' id='word_1_330' title='bbox 1043 3596 1071 3633; x_wconf 84' lang='lat' dir='ltr'><strong>m</strong></span> <span class='ocrx_word' id='word_1_331' title='bbox 1090 3580 1109 3631; x_wconf 81' lang='lat' dir='ltr'><strong>i.</strong></span> <span class='ocrx_word' id='word_1_332' title='bbox 1129 3577 1173 3632; x_wconf 89' lang='lat' dir='ltr'><strong>ed.</strong></span> <span class='ocrx_word' id='word_1_333' title='bbox 1195 3578 1197 3648; x_wconf 74' lang='lat' dir='ltr'><strong>l</strong></span> 
     </span>
     <span class='ocr_line' id='line_1_38' title="bbox 178 3649 1200 3707; baseline -0.002 -1"><span class='ocrx_word' id='word_1_334' title='bbox 178 3653 290 3706; x_wconf 78' lang='lat' dir='ltr'><strong>solitmn</strong></span> <span class='ocrx_word' id='word_1_335' title='bbox 307 3649 334 3705; x_wconf 92' lang='lat' dir='ltr'><strong>V</strong></span> <span class='ocrx_word' id='word_1_336' title='bbox 355 3652 443 3706; x_wconf 80' lang='lat' dir='ltr'><strong>solum</strong></span> <span class='ocrx_word' id='word_1_337' title='bbox 464 3649 535 3705; x_wconf 83' lang='lat' dir='ltr'><strong>edF.</strong></span> <span class='ocrx_word' id='word_1_338' title='bbox 609 3655 644 3704; x_wconf 81' lang='lat'><strong>24</strong></span> <span class='ocrx_word' id='word_1_339' title='bbox 660 3649 796 3705; x_wconf 79' lang='lat' dir='ltr'><strong>turbaeV</strong></span> <span class='ocrx_word' id='word_1_340' title='bbox 814 3651 942 3707; x_wconf 79' lang='lat' dir='ltr'><strong>tuborum</strong></span> <span class='ocrx_word' id='word_1_341' title='bbox 962 3650 1005 3705; x_wconf 90' lang='lat' dir='ltr'><strong>ed.</strong></span> <span class='ocrx_word' id='word_1_342' title='bbox 1079 3654 1111 3702; x_wconf 74' lang='lat'><strong>27</strong></span> <span class='ocrx_word' id='word_1_343' title='bbox 1136 3650 1200 3704; x_wconf 75' lang='lat' dir='ltr'><strong>des·</strong></span> 
     </span>
     <span class='ocr_line' id='line_1_39' title="bbox 179 3720 692 3778; baseline 0 -1"><span class='ocrx_word' id='word_1_344' title='bbox 179 3730 238 3778; x_wconf 81' lang='lat' dir='ltr'><strong>tera</strong></span> <span class='ocrx_word' id='word_1_345' title='bbox 252 3721 286 3777; x_wconf 92' lang='lat' dir='ltr'><strong>V.</strong></span> <span class='ocrx_word' id='word_1_346' title='bbox 359 3726 393 3775; x_wconf 79' lang='lat'><strong>28</strong></span> <span class='ocrx_word' id='word_1_347' title='bbox 412 3722 485 3776; x_wconf 80' lang='lat' dir='ltr'><strong>solus</strong></span> <span class='ocrx_word' id='word_1_348' title='bbox 498 3720 525 3776; x_wconf 92' lang='lat' dir='ltr'><strong>V</strong></span> <span class='ocrx_word' id='word_1_349' title='bbox 541 3722 629 3776; x_wconf 80' lang='lat' dir='ltr'><strong>schem</strong></span> <span class='ocrx_word' id='word_1_350' title='bbox 648 3721 692 3777; x_wconf 88' lang='lat' dir='ltr'><strong>ed.</strong></span> 
     </span>
    </p>
   </div>
   <div class='ocr_carea' id='block_1_4' title="bbox 0 0 1368 4150">
    <p class='ocr_par' dir='ltr' id='par_1_4' title="bbox 0 0 1368 4150">
     <span class='ocr_line' id='line_1_40' title="bbox 0 0 1368 4150; baseline 0 0"><span class='ocrx_word' id='word_1_351' title='bbox 0 0 1368 4150; x_wconf 95' lang='lat' dir='ltr'><strong> </strong></span> 
     </span>
    </p>
   </div>
  </div>
 </body>
</html>
