2725 4150
555 335 738 391 ARNEIDOS
756 334 783 388 X
1113 339 1177 405 321

159 506 332 577 clavamque
353 505 427 578 repit
448 505 574 578 actisque
595 505 758 563 ministrat:
787 502 895 577 virtus,
925 507 961 562 ut
988 504 1103 564 dictum
1125 508 1179 579 est,

159 595 279 653 Aeneae
312 593 503 669 describitur3
536 611 604 653 oum
636 594 716 652 enim
748 594 825 652 esset
857 611 915 652 nox
948 596 979 652 et
1009 593 1082 652 luna
1117 593 1180 654 iam

159 683 293 743 medium
316 683 432 742 caelum
454 684 612 757 tenuisset,
635 683 780 758 quoniam
801 682 834 742 in
856 685 943 742 tanta
966 700 1037 742 cura
1059 701 1180 743 somnus

160 793 231 833 enm
253 776 353 831 tenere
376 791 437 832 non
459 774 591 848 poterat,
616 771 745 831 sedebat.
792 790 858 832 ecce
887 771 997 848 duplex
1024 771 1123 846 labor,
1150 776 1181 832 et

127 881 222 923 onon
245 860 373 928 dormire
395 860 449 919 illo
472 863 606 937 tempore
629 863 660 919 et
684 861 793 920 sedere.
846 860 1006 920 accedebat
1028 861 1074 921 his
1099 861 1180 937 quod

162 951 293 1029 vigilans
316 954 346 1009 et
369 949 473 1009 sedens
495 969 555 1008 non
573 950 633 1008 fuit
652 951 766 1011 otiosus
785 950 853 1010 aliis
873 950 989 1010 dnobus
1007 950 1180 1012 muneribus

161 1040 306 1115 serviens3
335 1058 406 1098 nam
435 1042 466 1097 et
495 1039 698 1117 gubernacula
727 1038 849 1100 tenebat
878 1044 909 1099 et
936 1040 1072 1100 velorum
1098 1039 1180 1100 sinna

161 1132 225 1188 arte
244 1128 464 1190 moderabatur.
496 1128 653 1188 ordinatur
670 1146 775 1188 sensus
794 1129 849 1188 sic:
867 1129 932 1204 ipse
946 1129 1062 1189 Aeneas
1076 1129 1180 1189 sedens

161 1219 339 1294 clarumque
362 1217 441 1295 regit
463 1217 598 1294 velisque
620 1218 786 1296 ministrat3
814 1236 911 1294 neque
936 1219 1015 1277 enim
1041 1219 1181 1278 membris

115 1309 215 1368 rodat
243 1326 314 1367 cura
342 1306 480 1383 quietem.
525 1308 593 1383 ipsa
620 1308 701 1365 enim
728 1307 788 1365 fuit
811 1325 902 1366 cansa
924 1307 1085 1385 vigilandi,
1109 1328 1181 1384 quo·

160 1397 244 1456 niam
273 1395 476 1473 navigationis
507 1400 538 1455 et
567 1397 671 1455 futura
700 1395 772 1454 belli
802 1396 1003 1455 sollicitudine
1033 1397 1181 1457 distentus

161 1486 291 1545 dormire
314 1505 374 1546 non
397 1487 523 1562 poterat.
569 1489 654 1559 atace
676 1485 722 1544 itti
743 1485 837 1543 medio
859 1486 893 1543 ia
915 1487 1024 1558 spatio:
1051 1485 1182 1545 medinm

161 1576 293 1650 spatium
322 1577 353 1634 et
381 1574 472 1634 maris
501 1576 602 1651 potest
631 1592 694 1634 esse
724 1578 754 1633 et
781 1573 977 1633 interstitium
1001 1575 1081 1651 quod
1102 1575 1183 1633 inter

162 1666 228 1722 eius
251 1682 357 1723 navem
380 1667 411 1723 et
434 1665 545 1723 ceteras
568 1663 636 1722 fuit.
688 1664 791 1722 choras
819 1681 879 1722 ecce
906 1681 1031 1723 saaraaa
1058 1665 1244 1723 occurritaao

115 1772 142 1812 1⁶
162 1754 311 1812 combam:
329 1753 451 1812 comites
470 1753 547 1813 dixit
564 1752 650 1812 navis
670 1772 748 1829 quae
763 1771 830 1812 cum
843 1753 909 1830 ipso
924 1770 1040 1829 semper
1053 1753 1181 1812 fuerant.

162 1843 269 1902 chorus
292 1846 337 1902 est
359 1861 501 1902 numerus
525 1843 665 1902 collectus
690 1862 725 1900 ex
748 1841 895 1919 plurimis.
928 1841 1002 1902 dicit
1023 1842 1085 1901 iam
1103 1861 1181 1919 quae

162 1935 261 1990 essent
282 1931 315 1990 in
337 1931 403 2007 ipso
427 1933 530 1992 choro:
552 1932 710 2006 nymphae,
735 1949 809 2005 qaas
832 1932 913 1991 abac
937 1929 1047 2006 Cybebe
1074 1949 1183 1990 arcaea

160 2021 266 2080 habere
288 2022 383 2081 mans
405 2021 603 2096 nymphasque
622 2039 636 2080 e
655 2021 782 2081 navitae
800 2038 861 2080 esse
878 2022 1017 2091 iusserat,
1036 2022 1184 2081 iaaabaat

157 2113 273 2183 parata
286 2113 446 2184 aaaasqae
459 2113 605 2170 secabant.
640 2112 697 2170 hoo
715 2113 806 2187 poeta
823 2130 884 2171 non
902 2130 956 2187 pro
975 2130 1053 2171 noro
1071 2112 1183 2187 posuit,

115 2218 144 2258 ao
161 2203 197 2259 ut
220 2201 308 2275 quasi
334 2199 521 2277 incognitam
547 2200 684 2259 fabulam
710 2200 813 2260 insciis
840 2200 1002 2260 lectoribus
1025 2200 1183 2275 indicaret,

162 2287 215 2348 sed
237 2288 496 2348 commemorantis
523 2291 643 2349 functus
671 2288 770 2349 officio
797 2289 923 2366 replicat
950 2292 1041 2368 gesta.
1092 2290 1183 2366 ipsas,

162 2378 277 2455 inquit,
296 2377 361 2437 dico
381 2379 528 2455 nymphas
549 2378 588 2437 ad
605 2379 729 2438 Aenean
747 2379 862 2438 venisse
882 2397 958 2454 quas
976 2380 1073 2438 mater
1095 2378 1183 2438 deum

164 2487 200 2525 ex
226 2468 355 2527 naribus
382 2468 495 2527 fecerat
521 2467 689 2545 quibusque
711 2467 962 2528 inmortalitatem
990 2470 1183 2527 concesserat.

162 2556 310 2616 innabant
337 2556 451 2634 pariter
477 2557 644 2634 fluctusque
672 2557 825 2617 secabant:
853 2556 896 2617 sic
922 2556 1005 2634 ipsae
1032 2557 1183 2634 nymphae

116 2662 144 2703 es
163 2648 303 2705 natantes
322 2646 496 2721 veniebant,
518 2649 554 2705 ut
572 2647 657 2705 nulla
674 2647 866 2724 praecederet
884 2645 968 2705 alias.
1005 2646 1183 2719 cacciarius

164 2739 283 2794 aeratae
306 2739 443 2794 steterant
465 2735 505 2794 ad
523 2736 609 2795 litora
627 2753 753 2810 prorae:
774 2735 866 2795 litora
889 2735 1055 2812 appellavit
1077 2754 1183 2812 prorae

236 2947 253 2993 4
272 2957 333 2995 eam
352 2947 441 2995 tenere
458 2940 484 2993 R
501 2948 641 2996 contem
654 2940 680 2994 V
698 2942 785 2996 teucri
803 2939 845 2995 ed.
914 2945 947 2994 10
966 2942 1069 2996 dataro
1088 2944 1184 3010 (supra

163 3012 252 3078 recte)
270 3011 329 3066 VR.
404 3017 435 3065 11
454 3012 554 3078 satura
570 3012 622 3065 VR
645 3012 689 3066 ed.
712 3013 823 3079 saturi?
852 3012 855 3083 t
891 3013 967 3067 bellis
981 3012 1032 3066 VR
1051 3029 1120 3067 corr.
1140 3013 1184 3067 ed.

165 3088 198 3135 13
218 3084 290 3137 iater
303 3085 364 3137 istis
374 3082 426 3136 VR
443 3082 625 3138 tatastat]
640 3085 725 3138 -aam
739 3100 789 3137 nos
803 3085 834 3137 ia
848 3085 929 3138 terris
942 3084 986 3139 ed.
1042 3090 1075 3137 14
1089 3084 1184 3138 saaV.

165 3159 199 3207 17
219 3155 313 3223 cycebo
330 3154 356 3207 R
374 3155 457 3224 cyabe
470 3154 496 3208 V
515 3155 622 3224 Cybelle
641 3155 684 3209 ed.
704 3155 802 3225 Cybele
819 3155 863 3208 ed.
882 3157 954 3223 post.
1021 3161 1053 3209 21
1074 3172 1185 3209 comarc-

163 3227 280 3280 moratc‘e
293 3225 344 3279 VR
363 3242 431 3279 corr.
451 3226 494 3279 ed.
550 3232 584 3279 24
601 3228 751 3294 fluctusque
768 3226 893 3292 ferebant
911 3230 1006 3295 (snpra
1024 3229 1110 3294 recte)
1124 3225 1184 3280 VR.

165 3302 200 3350 25
226 3298 299 3365 qaod
318 3296 370 3350 VR
394 3304 459 3366 auct
483 3296 540 3351 ed:
573 3313 607 3350 ex
635 3297 869 3366 interpretatione
898 3300 1018 3366 apparet
1042 3298 1185 3351 Donatum

165 3369 239 3437 qaod
263 3368 293 3421 in
319 3367 473 3437 exemplari
498 3385 548 3422 suo
572 3368 718 3422 inventum
741 3372 802 3437 (pro
821 3375 885 3438 pact
903 3369 938 3422 of.
958 3369 1001 3423 ed.
1021 3367 1115 3432 Ribb.)
1133 3385 1184 3436 pro

166 3439 364 3493 coniunctione
381 3439 514 3494 habuisse
533 3455 621 3507 eoque
638 3456 730 3495 errore
745 3440 859 3494 ductum
874 3442 969 3494 tantas
983 3439 1106 3508 ineptias
1121 3456 1185 3493 oon-

166 3510 262 3576 flasse,
289 3511 370 3579 quasi
392 3511 535 3580 nymphae
558 3511 595 3565 ad
617 3511 703 3565 litora
725 3526 826 3580 prorae
850 3513 962 3565 aeratae
984 3512 1063 3565 navis
1083 3510 1186 3565 consti·

165 3582 275 3635 tissent.
349 3587 382 3635 26
406 3589 502 3638 cauta
522 3588 538 3636 ξ
558 3589 584 3637 ct
606 3589 685 3637 eraat
702 3583 728 3636 R
751 3590 847 3638 aerata
870 3590 909 3638 est
931 3589 1009 3638 crant
1027 3582 1053 3636 V
1075 3590 1191 3637 aeratae

166 3659 297 3709 steterant
319 3653 362 3708 ed.
393 3654 396 3723 t
426 3654 577 3724 appellavit
591 3671 662 3725 prae
675 3654 730 3711 VR
748 3672 775 3712 a.
792 3672 843 3727 per
863 3654 911 3711 ed.
928 3671 977 3725 per
997 3654 1058 3707 aa.
1070 3652 1215 3717 ab&Vh

166 3741 229 3790 app.
241 3741 348 3791 prorae
362 3741 421 3779 nos.

205 3828 263 3868 Dan,
273 3829 370 3879 interpr.
380 3832 448 3885 Vetg,
463 3836 512 3879 vol.
521 3838 554 3882 H.
1043 3835 1088 3883 Ἃ
