2725 4150
198 308 265 373 634
486 300 940 358 oonnrimnearwane.

198 473 298 533 ficium
320 472 402 532 Iovis
426 474 566 549 optatum
582 473 685 549 posset
701 469 859 548 provenire
877 467 1054 544 remedium,
1076 470 1230 546 reciperer

199 563 255 622 dea
276 561 439 639 patefactis
461 560 597 621 hiatibus
619 564 718 621 terrae
741 562 784 635 et,
808 558 952 636 quoniam
970 560 1047 617 mori
1065 560 1229 636 nonlicet,

136 653 334 715 scenos-itate
362 669 447 711 casus
475 655 599 727 excepta
630 648 742 709 inferni
770 648 890 709 sedibus
920 648 1069 726 iungeret.
1110 653 1230 709 tantum

199 743 289 814 effato
308 744 396 814 capet
411 740 516 815 qtcaco
534 739 657 799 conterit
674 739 784 799 amictu
801 738 896 797 multa
906 755 1024 812 gemens
1042 741 1069 797 et
1085 754 1117 797 se
1134 740 1229 810 aava

199 832 255 890 dea
273 830 402 889 condidit
420 829 494 889 altr:
516 847 584 888 cnm
602 828 676 889 baec
694 828 832 903 dixisset,
850 827 960 887 habitu
978 826 1031 905 qni
1048 828 1230 905 lugentibus
1260 845 1273 885 e

199 920 334 996 conpetit
363 919 508 978 concessit
537 919 570 977 in
592 918 731 992 dudum,
761 935 799 976 na
820 917 949 976 videndo
971 920 1099 976 mortam
1122 917 1229 978 fratris

198 1009 268 1085 plus
291 1011 424 1086 gemeret
447 1009 479 1067 et
500 1007 624 1067 doleret.

271 1095 390 1156 Aeneas
407 1097 499 1155 instet
516 1100 618 1155 contro
636 1095 780 1168 telonea
798 1100 931 1155 wrusoat
943 1096 1055 1169 inpone,
1069 1096 1230 1155 arboreum

199 1190 334 1245 ειεαεεο
356 1185 400 1244 sic
419 1189 533 1259 pecare
559 1186 658 1259 fotor:
687 1183 874 1261 interpositis
906 1184 1005 1244 verbis
1037 1183 1164 1244 Iunonis
1199 1188 1230 1245 et

198 1274 280 1335 Iovis
299 1276 329 1333 et
346 1275 393 1334 his
413 1293 490 1351 quae
508 1293 604 1351 usque
623 1266 662 1333 ad
679 1275 760 1333 hunc
773 1274 871 1333 locum
889 1293 925 1333 ex
938 1292 1067 1351 persona
1079 1273 1229 1334 Iuturnae
1248 1293 1274 1331 ιο

200 1365 236 1422 et'
253 1365 359 1440 poetae
384 1366 544 1423 consecuta
565 1366 637 1423 sunt
659 1364 802 1423 intercisa
824 1362 958 1423 narratio
982 1365 1041 1437 est,
1072 1362 1124 1423 sed
1147 1363 1230 1423 idem

199 1455 289 1529 poeta
309 1455 356 1513 sui
373 1472 488 1513 memor
505 1453 586 1512 radit
604 1453 643 1513 ad
661 1473 697 1513 ea
711 1473 788 1529 quae
801 1453 958 1529 paulisper
977 1450 1120 1511 omiserat
1133 1455 1230 1530 atquc

198 1543 256 1620 ita,
279 1544 329 1618 ut,
353 1541 379 1601 si
401 1542 581 1619 interposita
598 1543 666 1618 ipsa
686 1541 915 1617 subtrahantur,
934 1560 995 1600 una
1012 1541 1067 1600 fiat
1085 1541 1230 1602 dictionis

198 1630 368 1709 integritas.
421 1631 537 1691 dixerat
569 1632 680 1709 quippe
711 1632 781 1691 anta
812 1630 893 1691 Iovis
925 1630 1030 1704 verba,
1060 1632 1112 1707 qui
1144 1634 1230 1709 prior

199 1721 320 1780 locutus
338 1723 397 1795 est,
416 1713 513 1802 (788)
533 1722 609 1797 „olli
631 1720 788 1796 sublimes,
812 1720 903 1780 armis
926 1719 1094 1796 animisque
1111 1720 1230 1797 reiecti,
1249 1737 1275 1778 re

198 1810 248 1868 hic
267 1809 370 1887 gladio
388 1810 492 1886 fidens,
509 1812 559 1871 hic
578 1829 646 1871 scer
664 1813 695 1870 et
713 1810 823 1870 arduus
842 1811 940 1884 hasta,
954 1810 1108 1870 adsistunt
1122 1814 1231 1872 contra

200 1898 365 1959 certamina
382 1900 489 1960 Martis
513 1898 651 1959 anheli“:
673 1918 753 1961 nunc
776 1899 1019 1977 subiungendum
1042 1901 1088 1959 est
1108 1899 1229 1960 Aeneas

198 1988 295 2048 instat
317 1990 421 2047 contra
438 1990 592 2065 telumque
616 1992 755 2050 coruscat
776 1989 896 2067 ingens,
915 1989 1086 2063 arboreum,
1108 1992 1144 2049 ut
1166 2010 1231 2050 uua

199 2078 254 2137 fiat
267 2079 418 2138 narrantis
436 2079 573 2139 intentio.
607 2099 674 2139 cum
693 2079 768 2139 dicit
780 2080 875 2138 telum
889 2081 995 2158 ingens
1009 2081 1040 2138 et
1059 2078 1229 2155 arboreum,

199 2187 259 2227 non
277 2169 405 2243 hastam,
425 2169 476 2228 sed
495 2171 559 2228 eius
577 2171 760 2246 gestatorem
774 2168 880 2228 laudat
894 2168 948 2245 qui
965 2168 1019 2228 sub
1033 2169 1088 2227 teli
1106 2172 1229 2229 nomine
1248 2187 1276 2226 ao

199 2257 341 2333 portabat
364 2257 478 2317 arboris
501 2257 757 2335 magnitudinem,
780 2277 906 2334 cumque
923 2258 1001 2317 hanc
1020 2261 1228 2318 coruscantem

199 2347 318 2406 Aeneae
341 2348 439 2408 virtus
458 2346 546 2407 facile
570 2350 770 2407 commoveret
793 2351 823 2406 et
841 2348 959 2407 Turnus
978 2348 1156 2407 formidaret
1179 2367 1227 2408 ac-

199 2437 314 2511 cedere,
345 2436 505 2496 insistebat
534 2437 651 2496 Aeneas
685 2438 741 2496 hac
772 2436 914 2495 timidum
946 2455 1112 2513 provocans
1144 2456 1228 2497 voce.

200 2542 274 2598 qaae
293 2543 372 2584 acac
390 2527 494 2585 ἀεεεεᾱε
511 2544 596 2586 moro
614 2526 675 2585 est?
699 2530 752 2586 aet
769 2527 840 2600 qaid
858 2527 928 2595 iam,
940 2526 1049 2595 Tarae,
1063 2527 1227 2586 retractos?

136 2611 276 2688 890[noe
299 2632 401 2683 corsa,
424 2617 522 2675 saeris
545 2616 717 2674 eertoectwm
739 2620 781 2675 cst
803 2616 964 2674 conminus
987 2613 1108 2691 armus
1133 2634 1227 2691 quam
1247 2631 1275 2672 as

199 2701 264 2777 diu,
294 2703 408 2781 inquit,
439 2705 519 2781 quod
541 2704 670 2764 inminet
696 2706 789 2764 moris
812 2704 998 2782 longioribus
1022 2703 1142 2764 differs?
1172 2708 1228 2765 aut

199 2810 260 2866 quo
283 2793 315 2850 in
339 2792 457 2852 diversa
479 2793 574 2852 trahis
598 2793 725 2854 consilia
747 2792 823 2854 tua?
856 2813 953 2870 quove
980 2794 1128 2854 volvendo
1156 2814 1226 2855 con·

198 2880 312 2940 vertis?
335 2900 395 2940 non
418 2885 464 2941 ast
487 2883 620 2942 officium
638 2882 698 2942 viri
715 2883 802 2942 fortis
822 2883 959 2943 cursibus
976 2883 1067 2942 fidere
1090 2888 1133 2961 et,
1157 2902 1227 2943 cum

199 2969 237 3028 ad
261 2972 411 3029 certamen
433 2971 604 3031 istiusmodi
627 2972 791 3048 acceditur,
820 2992 923 3050 pugna
945 2992 1006 3031 non
1028 2972 1156 3049 pedibus
1182 2977 1229 3033 est

198 3059 337 3137 gerenda,
357 3059 408 3118 sed
427 3060 551 3137 gladiis:
569 3061 624 3120 fiat
637 3061 699 3119 iam
717 3063 884 3122 comminus
898 3061 980 3139 quod
996 3065 1094 3121 metus
1107 3065 1227 3122 ratione
1246 3078 1272 3117 so

272 3201 285 3247 1
312 3195 446 3262 reciperer
469 3195 521 3250 dea
541 3193 567 3248 V
590 3197 708 3264 scopere
730 3195 781 3252 ΗΟ
803 3197 847 3250 ed.
873 3197 952 3252 deam
978 3197 1022 3251 ed.
1104 3203 1120 3250 2
1142 3204 1227 3266 pater

197 3267 281 3331 factis
298 3265 324 3319 V
342 3282 411 3320 corr.
431 3265 459 3318 H
478 3266 520 3320 ed.
599 3268 742 3334 tiescrrsi
756 3267 782 3321 V
801 3269 865 3323 -rsis
883 3268 927 3322 cd.
1001 3273 1017 3320 6
1040 3270 1172 3324 εωιεεεεεῗε
1193 3270 1226 3324 in

197 3339 223 3403 tt.
240 3336 265 3389 V
284 3354 311 3391 sc
329 3338 398 3392 tecit
416 3353 450 3391 ac
467 3338 506 3391 ad
522 3340 550 3406 fl.
570 3341 702 3394 coacessit
720 3339 763 3395 ed.
824 3345 858 3394 13
877 3341 941 3409 ipsa
959 3356 1013 3393 om.
1029 3339 1072 3394 ed.
1100 3339 1103 3411 l
1130 3341 1182 3407 fiat
1200 3340 1226 3394 V

197 3409 234 3462 sit
253 3408 295 3463 ed.
353 3413 386 3462 15
405 3408 559 3463 sublimeV
579 3409 666 3480 (locus
680 3427 767 3479 supra
780 3410 878 3479 deest).
935 3415 968 3464 19
987 3413 1162 3466 sanationis
1180 3412 1225 3466 ed.

198 3484 231 3531 21
252 3496 364 3548 comque
380 3479 406 3532 V
426 3497 511 3549 quam
530 3481 573 3534 cd.
606 3481 609 3552 l
644 3488 832 3538 conseantcm
845 3482 871 3537 V
885 3482 929 3536 ed.
949 3484 1059 3538 -aatisl
1079 3499 1117 3537 an
1135 3489 1225 3538 -anct

193 3555 228 3606 23
242 3549 410 3610 tabrc'dumV
423 3553 560 3609 tumidam
574 3553 617 3607 od.
673 3559 709 3607 24
721 3554 791 3608 tout
799 3553 833 3608 V.
889 3559 924 3608 25
936 3556 1132 3609 aon—amin
1145 3555 1226 3608 deest

182 3625 214 3682 in
233 3625 266 3700 V,
288 3627 340 3685 scd
363 3625 536 3701 explicatur.
608 3629 644 3681 ‘lb
661 3624 780 3681 ramtsV
800 3627 894 3680 mortu
911 3625 954 3680 ed.
983 3625 990 3696 l
1014 3626 1135 3682 iaceatis
1158 3629 1225 3694 post

174 3701 281 3772 differs
299 3704 434 3764 inseruit
455 3704 501 3763 ed.
578 3706 613 3758 ‘l‘l
636 3696 781 3756 diocrsuV
806 3696 921 3749 measa
936 3695 982 3746 eu.
1097 3734 1100 3738 »
