2725 4150
542 332 726 389 nummos
740 333 806 390 vni
1122 336 1187 403 125

166 522 222 578 que
250 508 276 562 te
304 520 424 577 elonque
454 504 521 562 laea
549 504 739 561 miserantem
764 503 948 561 incommodo
977 508 1079 563 oestro
1107 506 1230 577 fonteio

165 599 256 663 tener,
285 610 463 666 qoooemqee
489 592 550 651 eolo
571 592 790 665 pulcherrimos
817 593 892 652 eois:
919 611 980 668 quo
1007 596 1187 669 tecumque

165 684 211 743 bis
236 682 444 759 accipiendum
467 684 525 755 est,
548 684 583 741 ut
605 682 646 741 sit
669 700 730 757 quo
753 684 783 740 te
806 700 932 757 eumque
954 681 1024 740 lacu
1048 683 1131 741 tenes
1156 686 1187 743 et

165 791 355 849 quocumque
378 772 461 830 fonte
484 771 659 846 contineris3
683 770 735 829 sed
761 770 869 829 horum
897 770 1025 829 alterum
1052 771 1091 829 ad
1120 771 1185 832 eius

133 884 147 924 s
165 863 312 940 originem
334 862 474 938 pertinet,
497 861 625 919 alterum
647 858 686 917 ad
708 860 829 919 exitum
860 876 973 932 semper
990 860 1097 919 honore
1113 878 1184 930 meo,

163 969 278 1024 semper
305 951 483 1009 celebrabere
510 950 610 1009 derb:
632 950 709 1024 sive,
731 948 845 1025 inquit,
868 948 907 1007 ad
929 949 1077 1027 originem
1100 952 1185 1009 tuam

164 1059 282 1114 venero,
305 1039 421 1099 sirete
444 1039 477 1097 in
499 1038 568 1097 aliis
591 1037 664 1097 loeis
688 1040 868 1097 constitutus
892 1041 1047 1098 exeuntem
1065 1057 1185 1115 repper-

165 1149 216 1189 ero
235 1129 283 1190 vel
301 1127 455 1188 eonditum
472 1128 549 1200 lacu,
567 1126 722 1187 celebrabo
740 1130 771 1185 te
790 1127 877 1187 donis
890 1145 1009 1204 semper
1026 1131 1056 1187 et
1070 1147 1186 1205 semper

164 1217 318 1279 honorabo
340 1216 521 1276 muneribus.
568 1235 684 1293 semper
706 1215 894 1292 duplicatum
916 1218 1037 1294 plenam
1059 1218 1185 1294 praesti·

120 1331 146 1370 ro
162 1312 266 1368 torum
278 1306 454 1367 memoriam
472 1308 629 1365 monstrat.
661 1306 730 1365 fons
748 1309 779 1366 et
796 1306 880 1365 laous
899 1324 958 1365 non
977 1311 1050 1366 sunt
1068 1308 1185 1367 eademz

163 1398 231 1457 fons
262 1400 308 1456 est
336 1397 390 1455 ubi
419 1398 465 1455 eet
494 1414 590 1472 aquae
619 1396 757 1468 initium,
786 1396 870 1455 laous
897 1395 950 1453 ubi
979 1395 1072 1455 fontis
1104 1415 1185 1472 aqua

164 1487 326 1564 colligitur.
358 1486 415 1545 hoe
434 1505 505 1563 ergo
523 1485 639 1543 numini
658 1484 798 1562 spondet:
821 1484 1001 1560 ubicumque
1018 1487 1059 1557 te,
1075 1485 1185 1561 inquit,

162 1576 320 1649 invenero,
341 1576 404 1634 sive
422 1578 593 1634 nascentem
611 1594 646 1633 ex
665 1576 748 1633 fonte
767 1574 830 1633 sive
850 1574 881 1631 in
900 1576 1008 1651 stagno
1027 1574 1185 1633 collectum

163 1665 226 1725 sive
249 1665 391 1724 fluentem
413 1684 468 1740 per
488 1664 598 1723 liberos
620 1665 731 1737 exitus,
753 1662 918 1723 venerabor
939 1666 969 1722 te
992 1681 1046 1740 pro
1069 1662 1184 1722 meritis

119 1774 145 1815 ια
163 1756 226 1813 tuis
249 1758 279 1813 et
302 1773 418 1830 semper
441 1754 562 1812 offeram
584 1754 665 1813 vota.
711 1771 827 1829 semper
849 1754 941 1812 etiam
962 1751 1039 1811 illud
1066 1751 1186 1811 ridetur

163 1844 340 1922 significare,
358 1844 472 1921 iugiter
484 1842 647 1901 inferendis
664 1842 837 1902 muneribus
855 1842 992 1901 buturum
1010 1842 1185 1917 obnoxium

164 1934 263 1992 solent
286 1932 396 2010 quippe
419 1932 540 1991 liberari
563 1950 640 1990 nexu
663 1933 717 2007 qui
735 1932 826 1991 semel
843 1934 1027 2008 promittunt
1045 1934 1076 1991 et
1094 1932 1184 1991 semel

163 2025 235 2083 vota
271 2023 454 2100 persolvunt.
510 2022 641 2096 menieer
676 2021 876 2095 Hesperidum
906 2023 1017 2094 florias
1048 2026 1185 2096 reprobor

164 2130 325 2186 oqoorwm:
347 2113 485 2190 corniger
506 2112 582 2186 ideo,
606 2112 678 2188 quia
700 2130 928 2187 nonnumquam
949 2111 1074 2171 flumina
1092 2111 1185 2171 seissa

118 2221 146 2260 ro
162 2201 196 2258 in
219 2201 314 2277 partis
332 2203 488 2278 tamquam
510 2203 543 2259 in
565 2219 677 2260 eornua
696 2199 881 2260 dividuntur.
913 2200 1113 2278 Hesperidum
1130 2201 1184 2258 flu-

164 2290 241 2363 vius,
260 2289 366 2367 dignus
384 2291 437 2366 qui
455 2310 510 2366 per
527 2290 650 2349 Italiam
667 2290 751 2350 fluas.
788 2292 932 2366 regnator
950 2309 1106 2366 aquarum,
1124 2308 1184 2347 non

166 2397 288 2436 suarum
310 2380 530 2456 tantummode,
549 2379 601 2438 sed
625 2381 760 2438 omnium
781 2378 948 2437 fluminum.
979 2380 1035 2438 hoe
1058 2377 1183 2437 dicendo

164 2467 262 2527 voluit
275 2470 352 2528 huno
365 2470 467 2529 studio
481 2469 634 2528 laudantis
644 2468 791 2528 universis
806 2467 944 2527 amnibus
954 2487 1017 2527 esse
1027 2468 1183 2543 potiorem.

164 2557 247 2616 adsis
269 2576 285 2617 o
308 2562 437 2617 teretem:
467 2558 547 2618 adsis
577 2557 692 2617 nisibus
722 2557 809 2631 meis,
838 2558 895 2616 hoe
925 2559 971 2615 est
994 2558 1078 2615 aetus
1100 2574 1183 2613 meos

118 2664 144 2705 rs
162 2665 222 2705 non
245 2647 364 2708 deseras
388 2651 466 2724 peto.
503 2652 529 2706 et
546 2647 687 2720 penedes
708 2651 761 2705 teo
783 2647 888 2705 moreio
909 2647 1024 2717 firmes:
1046 2643 1183 2721 placidus

162 2739 271 2812 mente,
289 2737 427 2813 placidus
445 2737 576 2810 flumine,
594 2738 718 2812 propter
735 2735 931 2794 inminentem
950 2733 1183 2812 navigationem.

162 2827 205 2884 sie
226 2831 368 2885 memorat
387 2827 576 2900 oemleesqeee
599 2827 665 2899 tepet
687 2825 722 2883 de
748 2825 840 2883 classe
866 2825 984 2884 biremis
1008 2825 1226 2898 ronioioqueso

162 2919 253 2987 optat,
286 2917 378 2974 seeies
413 2916 503 2974 simol
537 2916 658 2975 instruit
694 2915 801 2973 armis:
836 2932 949 2992 magna
984 2914 1116 2975 brevitas
1152 2917 1183 2974 et

162 3004 288 3079 pulehru
305 3005 337 3063 in
355 3004 502 3064 brevitate
523 3004 693 3080 descriptio.
734 3004 820 3062 navis
839 3003 932 3081 elegit
950 3004 1038 3078 duas,
1059 3005 1114 3063 has
1137 3004 1181 3062 in·

117 3110 144 3150 so
162 3093 255 3152 struit
281 3095 372 3153 remis
400 3097 430 3153 et
458 3096 545 3170 aptas
577 3094 713 3154 cursibus
741 3095 876 3170 praestat
903 3096 933 3153 et
961 3095 1059 3152 armat
1086 3093 1182 3152 socios

163 3201 237 3258 quos
256 3182 356 3242 fuerat
374 3185 559 3259 portaturus.
589 3183 655 3242 ideo
671 3182 764 3260 elegit
776 3181 907 3258 biremis,
921 3184 1064 3258 quoniam
1078 3183 1183 3240 eontra

235 3377 250 3424 1
270 3373 333 3426 toea
350 3371 381 3425 in
398 3370 532 3425 lemmate
551 3372 628 3426 loeus
646 3369 677 3424 in
694 3370 847 3439 interpr.V
864 3371 941 3425 leores
958 3368 1109 3436 utrobique
1128 3367 1181 3435 ed,

162 3442 212 3496 sed
234 3442 498 3511 interpretationem
521 3443 585 3497 loeo
607 3458 723 3510 poscere
745 3443 834 3510 patet.
908 3442 1119 3496 leonstitetum
1138 3439 1181 3497 ed.

161 3520 195 3568 21
215 3516 285 3582 eoae
302 3515 346 3569 ed.
402 3521 436 3569 24
454 3513 602 3570 tooturoV
621 3514 732 3568 tandem
750 3514 793 3568 ed.
821 3514 824 3585 t
851 3511 998 3568 nisibesV
1015 3511 1120 3566 visibus
1138 3510 1181 3564 ed.

160 3587 257 3640 usibus
285 3586 328 3640 ed.
352 3589 424 3656 post.
504 3591 538 3640 25
564 3592 590 3640 et
612 3585 724 3654 placide
751 3585 822 3639 Don.
848 3584 950 3652 legisse
974 3586 1080 3638 temere
1106 3599 1180 3650 susp.

160 3656 300 3726 Hoppius.
328 3657 332 3724 l
360 3659 459 3713 menie
472 3657 498 3711 V
516 3659 633 3712 numine
652 3657 696 3711 ed.
715 3659 745 3711 et
763 3655 846 3724 Verg.
865 3654 939 3709 libri
1012 3660 1046 3708 31
1065 3655 1119 3723 qao
1131 3653 1181 3708 VO

160 3728 294 3798 qseomodo
311 3728 339 3782 H
357 3729 414 3784 ed:
438 3728 514 3783 hune
536 3744 656 3783 errorem
677 3727 709 3782 in
726 3725 934 3799 posterioribus
947 3725 1037 3783 tibris
1050 3740 1198 3796 persaepe
