2725 4150
534 314 775 370 musmosrx
1098 319 1164 385 209

143 484 291 544 sidiarum
318 502 429 562 genera
451 483 565 543 decimo
588 482 638 543 vix
665 501 744 542 anno
772 483 906 543 obtinere
933 485 1107 560 valuerunt,
1135 487 1166 545 et

142 574 214 647 hoc,
248 575 321 649 quia
349 573 512 633 intervenit
540 591 612 633 casu
635 591 715 632 mors
741 572 891 649 Hectoris,
923 575 977 649 qui
1006 592 1056 633 eos
1085 592 1164 634 uuus

143 661 261 722 tamdiu
288 663 438 739 inpedivit
465 666 495 722 et
522 661 650 722 distulit.
691 681 727 721 ex
753 681 882 739 persona
909 663 1004 741 igitur
1025 663 1165 723 Hectoris

144 751 229 811 cuius
248 752 312 811 vite
328 753 430 812 tenuit
442 751 572 811 Teucros
591 755 739 828 quantum
758 770 827 812 suos
845 752 963 826 refecit,
982 771 1049 811 oum
1067 755 1165 811 osten·

109 855 124 896 s
144 840 191 900 dit
212 840 347 917 potuisse
370 841 516 901 Troianos
538 840 686 901 maturius
713 845 786 901 tunc
812 842 992 918 penitusque
1020 841 1165 919 superari,

143 932 171 990 si
188 930 302 990 Hector
318 930 397 989 inter
412 930 502 989 initia
520 930 689 990 defecisset!
712 949 791 990 uuus
808 931 889 1001 odeo,
908 931 1010 990 ruelcbr
1026 931 1166 1006 quouiaur

138 1037 217 1092 pars
240 1024 307 1079 acta
333 1020 392 1079 dici
419 1025 474 1079 esi:
503 1039 539 1078 ex
566 1038 601 1079 eo
629 1020 711 1098 qnod
741 1019 876 1097 quolibet
905 1039 1012 1098 genere
1042 1020 1165 1099 navigia

144 1109 267 1169 Troiani
289 1109 497 1186 perdiderant,
524 1108 602 1169 dixit
623 1109 711 1168 illum
734 1108 813 1168 diem
841 1111 964 1185 festum,
993 1109 1073 1186 quod
1100 1111 1164 1170 eius

143 1216 214 1275 pers
236 1201 355 1258 tantam
373 1199 520 1258 laetitiam
539 1200 713 1276 peperisset.
750 1199 827 1271 quob
848 1203 987 1272 superest,
1007 1200 1076 1258 laeti
1095 1200 1165 1258 berre

97 1309 125 1347 ro
141 1289 231 1362 pestis
254 1305 376 1361 corpora
393 1290 480 1347 rebus
493 1292 664 1361 procurate,
687 1288 759 1358 ciri,
783 1291 810 1347 et
823 1305 957 1362 pupucm
975 1293 1089 1360 specie
1108 1306 1165 1361 pa·

142 1378 223 1436 ruri:
245 1396 351 1452 unum,
373 1376 487 1454 inquit,
510 1376 681 1437 iaciendum
698 1378 807 1452 restat,
829 1379 877 1452 ut,
901 1378 973 1454 quia
991 1378 1091 1437 omnia
1109 1398 1164 1455 pro

143 1466 301 1526 voluntate
314 1469 525 1543 provenerunt,
542 1465 684 1526 reficiatis
703 1468 803 1526 vestra
822 1485 948 1542 corpora
966 1485 1035 1525 cum
1052 1466 1163 1544 gaudio

143 1556 209 1631 spei
231 1554 363 1615 melioris
390 1557 420 1615 et
447 1555 562 1616 animos
589 1559 704 1616 vestros
732 1557 892 1616 inminenti
918 1558 981 1614 ium
1008 1555 1165 1614 certamini

143 1645 338 1722 praeparetis.

97 1753 124 1792 rs
215 1734 335 1793 Interea
365 1734 487 1808 ufiiuru
519 1735 647 1793 excubiis
677 1735 809 1793 obsidere
833 1737 938 1808 portas
970 1751 1044 1794 cura
1075 1734 1164 1793 datur
1175 1744 1226 1794 160

142 1823 285 1897 Messapo
313 1827 340 1881 ei
360 1824 477 1882 moenia
499 1824 612 1899 sinpere
629 1825 773 1895 fiammis:
795 1824 991 1884 recedendum
1010 1823 1164 1901 paulisper

142 1912 245 1972 fuerat
270 1911 496 1971 reficiendorum
522 1931 680 1989 corporum
708 1931 812 1972 causa:
841 1912 945 1972 debuit
971 1932 1039 1973 cum
1064 1931 1163 1973 neces·

144 2002 224 2060 saria
252 2000 447 2079 dispositione
475 2001 601 2077 discedi,
632 2022 669 2060 ne
698 2001 801 2080 aliquo
829 2021 901 2062 casu
928 2002 1089 2062 evaderent
1111 2002 1164 2081 qui

142 2090 324 2151 tenebantur
345 2092 464 2151 inclusi.
509 2092 581 2152 data
604 2094 651 2151 est
673 2093 771 2171 igitur
796 2093 934 2170 Messapo
962 2112 1034 2153 cura
1060 2094 1163 2153 huius-

97 2200 125 2239 so
142 2180 239 2256 modi,
266 2182 302 2239 ut
328 2180 471 2259 vigilibus
499 2184 529 2240 et
555 2180 670 2259 vigiliis
698 2182 860 2243 custodiret
886 2185 991 2259 portas
1014 2184 1044 2241 et
1066 2183 1163 2242 omnis

143 2270 342 2329 Troianorum
351 2269 523 2330 observaret
532 2288 677 2348 egressus,
687 2290 787 2331 muros
797 2290 868 2331 vero
882 2274 1016 2350 cingeret
1026 2272 1163 2331 flammis.

142 2360 251 2436 incipit
264 2360 359 2418 dicere
374 2360 459 2435 quali
472 2358 668 2436 dispositione
687 2361 770 2420 iussn
788 2361 982 2420 curabantur:
998 2362 1042 2420 bis
1055 2365 1163 2433 septem

142 2448 254 2507 Rutulo
280 2466 381 2508 muros
408 2450 459 2521 qui
488 2450 579 2507 milite
605 2453 720 2508 seruerit
746 2450 858 2524 deiecti,
886 2454 933 2508 ast
958 2450 1025 2508 iilos
1052 2451 1163 2507 cerberei

143 2554 282 2611 quemque
312 2538 403 2597 secuti
429 2539 577 2611 purpurei
608 2539 705 2597 cristis
732 2539 852 2597 iuceues
879 2555 1009 2611 auroque
1036 2539 1162 2596 corusci:

96 2627 242 2699 scelecti,
260 2628 374 2704 inquit,
392 2627 512 2686 fuerant
526 2626 767 2704 quattuordecim
784 2627 837 2704 qui
855 2627 986 2686 centenis
1004 2625 1160 2687 iuvenibus

142 2719 241 2776 essent
257 2716 423 2793 praepositi
440 2715 581 2776 instructi
598 2718 690 2776 armis
709 2718 740 2775 et
756 2718 790 2775 in
806 2716 871 2793 ipso
891 2735 1041 2776 armorum
1054 2714 1163 2775 habitu

142 2805 216 2865 satis
239 2824 387 2882 superque
409 2805 568 2883 perspicui.
615 2805 773 2865 ordinatur
796 2824 898 2865 sensus
922 2807 978 2865 sic:
1006 2805 1094 2865 electi
1115 2805 1160 2865 bis

142 2897 256 2971 septem
279 2897 332 2970 qui
349 2895 463 2953 Rutulo
486 2896 583 2955 milite
606 2897 727 2955 servent
748 2913 858 2954 muros.
894 2895 1064 2955 discurreret
1081 2896 1162 2955 sori-

142 2988 248 3057 curque
266 2985 357 3043 sices:
379 2983 422 3043 sic
445 2985 524 3043 enim
542 2984 655 3063 vigiliis
679 2982 848 3045 exercendis
873 2983 975 3043 durari
998 2984 1161 3059 consuevit,

95 3090 123 3130 so
142 3073 212 3132 dum
235 3073 368 3134 vicissim
386 3073 541 3151 vigilando
564 3076 661 3133 noctis
683 3072 863 3152 transigitur
881 3076 1008 3150 tempus.
1044 3075 1161 3147 fusique

136 3180 193 3237 per
210 3162 330 3221 herbam
347 3162 500 3237 indulserit
517 3164 585 3222 cino
609 3168 635 3221 eb
652 3167 769 3222 vertuni
791 3167 921 3222 mutuas
948 3180 1052 3222 aereos:
1078 3162 1223 3222 velut165

141 3251 177 3311 de
195 3253 395 3329 prosperitate
414 3253 509 3313 securi
526 3271 586 3311 non
603 3252 770 3312 reficiendis
789 3250 972 3327 corporibus,
992 3254 1028 3310 ut
1042 3252 1160 3310 Turnus

139 3340 350 3415 mandaverat,
378 3340 430 3400 sed
458 3341 615 3401 onerandis
643 3343 712 3402 vino
741 3345 833 3418 atque
856 3339 1015 3400 obruendis
1039 3359 1160 3416 operam

213 3498 247 3547 10
262 3496 361 3562 parati
377 3493 422 3548 ed.
484 3499 516 3547 11
536 3499 568 3548 ut
585 3495 652 3561 quia
665 3492 692 3547 V
709 3500 741 3548 ut
759 3494 796 3547 ad
814 3494 944 3559 reficiatis
961 3495 1100 3561 transpos.
1116 3493 1158 3546 ed.

141 3572 174 3621 14
195 3568 373 3634 praeparatis
390 3564 416 3618 V
434 3582 504 3620 corr.
524 3565 567 3641 ed.
642 3570 674 3618 16
693 3567 804 3633 flamma
820 3563 854 3629 V,
873 3564 923 3618 sed
941 3564 1016 3618 infra
1034 3566 1162 3635 paurum,

140 3637 217 3706 qnod
235 3635 318 3705 Verg.
337 3636 405 3690 libri
423 3636 536 3691 habent.
605 3640 639 3691 18
659 3636 796 3693 discedere
815 3635 861 3693 ed.
927 3642 965 3691 ‘it
984 3638 1109 3701 uouit,
1123 3634 1182 3711 ssd

137 3710 167 3761 in
183 3710 297 3773 interpr,
310 3708 420 3763 Rutulo
437 3707 525 3778 Ved,
545 3710 624 3781 quod
645 3710 719 3768 Don.
738 3710 849 3786 legisse
867 3712 933 3768 iam
947 3710 1095 3780 iiopp'iue
1108 3703 1202 3758 <xum

171 3811 230 3848 Dor,
239 3810 334 3859 mrem
346 3815 412 3865 Vetg.
429 3818 474 3858 roi,
485 3820 518 3861 Π.
1005 3826 1051 3876 Ἃ
