2725 4150
207 354 273 420 384
489 349 630 406 DONATI
647 343 818 406 INTERPR.
832 349 941 407 VERG.

206 521 351 580 attulerat
368 520 594 597 detrimentum
616 521 748 597 perierat
765 516 846 580 enim
863 519 895 578 in
918 537 978 596 quo
1001 536 1071 596 pars
1093 517 1228 580 maxima

205 609 350 670 victoriae
364 609 425 669 init
443 611 474 668 et
487 628 643 686 perquem
660 609 694 668 in
711 627 824 688 magna
841 606 999 687 pugnandi
1017 607 1228 685 desperatione

205 718 276 776 pars
303 699 422 759 diversa
449 717 513 759 esse
537 701 680 774 potuerat
707 700 738 757 et
764 699 820 776 qui
845 699 990 758 maiorem
1012 700 1133 775 partem
1154 696 1228 759 belli

205 789 319 848 valeret
340 786 456 865 inplere
477 786 604 847 iacebat.
645 785 758 847 Orodes
782 787 877 848 altus:
900 786 1077 864 aliqnando,
1098 787 1158 848 hoo
1180 792 1228 849 est

206 875 352 938 sublimis.
398 876 455 937 alti
482 876 661 955 significatio
690 875 810 954 plenam
836 878 919 937 tenet
941 876 1073 951 laudem,
1096 871 1227 954 denique
1255 897 1266 939 s

205 966 237 1025 in
251 966 340 1026 laude
357 966 441 1026 urbis
458 965 572 1026 Romae
591 965 797 1044 exprimenda,
820 984 889 1025 oum
906 965 984 1024 nihil
1001 964 1112 1026 fortius
1135 970 1226 1044 poeta

205 1056 399 1132 repperisset,
441 1056 486 1115 ait
521 1047 571 1138 (1,
592 1047 625 1137 7)
666 1057 781 1133 „atque
812 1055 892 1115 altae
925 1055 1045 1115 moenia
1079 1054 1226 1116 Romam

206 1145 320 1204 laetum
352 1148 453 1206 autem
484 1144 645 1204 clamorem
676 1145 750 1204 socii
782 1143 908 1220 dabant,
939 1143 1019 1221 quod
1050 1142 1099 1205 vir
1121 1147 1226 1206 tantae

205 1234 393 1294 fortitudinis
423 1233 497 1311 pede
527 1236 619 1312 atque
648 1234 738 1293 hasta
764 1233 905 1294 Mezentii
931 1233 1132 1311 premebatur.
1177 1234 1227 1295 tue

145 1327 304 1385 '140aatem
325 1323 480 1397 aperans:
506 1340 566 1382 aon
592 1339 651 1392 me,
675 1324 847 1400 natamque
869 1339 912 1391 es,
940 1324 1033 1383 realta
1060 1323 1153 1383 vator
1173 1340 1227 1384 nee
1243 1342 1266 1384 rr

206 1412 324 1487 dayam
351 1412 506 1481 laetabere,
534 1416 561 1471 te
584 1429 695 1487 qaoque
715 1414 782 1485 fata
800 1415 989 1486 prospectaret
1013 1413 1109 1486 paria
1140 1416 1227 1488 atque

206 1502 307 1562 eadem
334 1518 402 1560 moa
431 1519 507 1561 arva
536 1503 660 1561 mette:
691 1501 919 1579 qualiscumque
948 1519 992 1576 es,
1023 1501 1143 1578 inquit,
1168 1501 1226 1563 boa

206 1593 251 1650 est
288 1591 481 1669 quantumvis
517 1592 548 1649 te
585 1588 732 1650 arbitrare
762 1590 974 1666 fortissimum,
1005 1591 1111 1650 mortis
1140 1609 1225 1651 mese

205 1699 266 1739 non
289 1679 396 1740 evades
420 1680 566 1739 ultionem
588 1697 643 1740 nec
665 1681 724 1740 erit
741 1680 825 1758 longi
847 1679 991 1758 temporis
1013 1679 1135 1740 laetitia
1155 1681 1225 1757 tua3

205 1788 277 1828 nam
298 1770 329 1829 te
353 1786 472 1846 qnoque
495 1768 651 1830 confestim
679 1768 824 1830 videbunt
850 1770 911 1830 ista
934 1786 1008 1830 arva
1030 1770 1225 1846 prostratum.
1242 1786 1265 1828 ιι

205 1859 261 1918 hoo
278 1857 346 1917 ideo
364 1859 497 1934 positum
511 1860 565 1933 est,
584 1860 728 1936 quoniam
746 1857 887 1918 dicuntur
905 1858 1041 1918 divinare
1053 1857 1224 1920 morientes.

206 1946 333 2023 denique
365 1946 551 2024 expirantem
581 1947 714 2008 ostendit
743 1949 818 2008 haee
848 1948 984 2008 loentum
1015 1949 1046 2007 et
1077 1946 1226 2009 eiusmodi

206 2036 287 2097 diota
314 2035 455 2114 probavit
482 2038 579 2098 exitus
609 2057 722 2115 rerum3
752 2039 863 2115 quippe
893 2037 1012 2097 Aeneae
1038 2055 1134 2097 manu
1155 2056 1226 2099 mox

204 2128 403 2206 interemptus
422 2125 571 2186 oooubuit
608 2128 649 2187 ad
668 2144 752 2203 qaam
770 2127 925 2187 subridens
947 2128 1041 2186 rateto
1058 2128 1225 2187 Merendae

204 2215 267 2276 ira:
294 2216 456 2275 Mezentius
489 2234 558 2275 oum
587 2216 662 2276 haee
694 2216 884 2291 exaudisset*
903 2218 1000 2276 iratus
1028 2218 1074 2276 est
1101 2218 1226 2295 propter
1241 2234 1265 2275 rr

205 2304 366 2365 maledicta
388 2308 420 2364 et
441 2304 576 2380 subrisit,
600 2305 672 2381 quia
690 2305 919 2382 proferebantur
941 2305 979 2365 ab
1002 2323 1037 2364 eo
1061 2306 1115 2383 qui
1137 2323 1226 2367 snum

206 2396 322 2454 videret
338 2394 503 2454 interitum.
541 2393 693 2453 subridere
711 2413 771 2453 non
789 2396 911 2472 plenum
929 2394 1053 2455 ridentis
1073 2395 1225 2456 adfeotnm

206 2484 404 2560 demonstrat3
431 2484 632 2560 nequeenim
660 2482 820 2562 gaudentis
848 2503 911 2544 esse
938 2485 1039 2562 potuit
1060 2485 1141 2545 risus
1163 2484 1224 2545 illo.

204 2573 285 2631 idem
307 2573 483 2649 Mezentius,
506 2573 579 2648 quia
601 2572 773 2633 laetabatur
795 2572 918 2634 viatoris
940 2576 1025 2648 voto,
1052 2590 1147 2645 nane,
1171 2574 1224 2649 ait,

204 2678 328 2731 morere,
353 2666 400 2721 ost
417 2662 452 2722 de
469 2678 515 2722 me
533 2661 634 2721 divam
648 2667 736 2736 pater
754 2667 839 2736 atqae
861 2663 1011 2722 homiaem
1030 2679 1083 2723 rea
1104 2664 1226 2724 viderit:
1241 2677 1265 2721 ιι

204 2750 339 2827 interim,
365 2749 479 2828 inquit,
508 2754 543 2811 tu
570 2770 685 2811 morere
712 2771 766 2812 neo
790 2770 874 2812 eures
902 2752 1030 2813 ulterius
1053 2750 1128 2829 quid
1150 2753 1226 2813 mibi

205 2839 342 2917 Iuppiter
372 2839 507 2900 infensus
538 2842 707 2917 praeparet.
761 2843 813 2902 hoe
844 2842 943 2902 diceas
975 2842 1075 2902 ederit
1105 2859 1226 2919 corpore

205 2930 307 2989 teitan:
337 2948 406 2990 oum
433 2930 490 2989 hoo
520 2929 645 3006 diceret,
674 2930 778 2991 eduxit
803 2932 899 2991 telum
926 2951 942 2991 e
969 2949 1091 3008 corpore
1117 2932 1225 3009 hostis,

145 3031 196 3080 ‘145
207 3020 351 3096 quoniam
373 3019 437 3079 eius
459 3019 625 3095 perfecerat
647 3038 759 3079 nenena
799 3021 850 3079 olli
872 3021 951 3081 dara
973 3022 1054 3094 qaas
1077 3022 1176 3082 oasim
1198 3026 1225 3082 et

204 3108 319 3181 ferreas
353 3112 436 3183 aaa
470 3125 604 3177 serenas,
640 3110 674 3168 in
708 3112 857 3169 aeteram
893 3109 1072 3169 elaadaatar
1108 3110 1225 3171 duram
1241 3125 1264 3167 a

205 3201 329 3257 nortem:
363 3196 447 3257 illius
479 3198 580 3258 oeulos
612 3197 726 3258 ferreus
759 3215 880 3258 somnus
912 3197 1039 3276 urgebat
1075 3202 1105 3259 et
1137 3201 1224 3278 quies

206 3304 309 3362 saeva,
327 3304 387 3345 non
405 3288 532 3348 ventum
549 3287 662 3347 iterum
685 3289 740 3347 aut
761 3287 871 3346 iterum
888 3304 1056 3363 recessura,
1075 3287 1127 3347 sed
1146 3308 1224 3367 qnae

278 3458 526 3528 tdeeperatr'orrem
539 3456 573 3511 V.
646 3456 797 3512 tadeeraa
815 3456 858 3511 ed.
927 3456 1069 3512 4iaoebat
1087 3474 1141 3514 om.
1156 3458 1223 3532 ed!

205 3531 254 3585 boe
272 3528 350 3585 eetV
367 3530 470 3585 diriter
487 3529 531 3583 ed.
588 3535 621 3585 lt
639 3528 845 3585 eradicantur
858 3527 901 3582 ed.
958 3532 992 3582 20
1011 3529 1162 3586 audivisset
1178 3529 1223 3586 ed

195 3606 232 3655 21
251 3601 332 3674 quod
340 3601 537 3675 proferebatur
554 3601 597 3655 ed.
653 3606 688 3655 23
701 3604 873 3670 mque-24
886 3605 948 3655 voto
965 3617 1019 3654 om.
1035 3600 1078 3654 ed.
1130 3607 1165 3656 24
1182 3603 1225 3658 art

183 3690 243 3731 om.
265 3676 311 3733 ed.
370 3681 408 3734 25
428 3682 469 3737 eet
486 3692 539 3750 pro
558 3672 651 3734 astV.
706 3676 742 3727 tt
761 3670 927 3744 quoniam
947 3688 1000 3739 qao
1017 3671 1064 3725 ed.
1115 3676 1150 3727 8⁰
1168 3672 1226 3739 (er-

171 3763 242 3809 reos
259 3751 354 3824 (inda
373 3756 467 3827 recte)
484 3753 521 3813 V.
