2725 4150
565 322 793 379 musmosx
1123 327 1188 394 347

169 492 308 561 Lances,
326 509 404 565 pers
425 492 529 566 inanes
551 492 631 562 betti,
654 493 727 552 sinit
748 493 883 568 aomina:
905 511 959 552 nee
981 491 1113 554 Lausum
1131 497 1189 555 ter·

168 582 232 641 ruit
253 581 340 642 istius
363 580 462 641 caedis
485 581 653 659 exemplum
676 585 731 641 aut
758 580 887 661 agminis
914 581 1093 658 multitudo,
1119 584 1189 644 licet

169 669 326 731 cecidisset
348 671 395 730 vir
416 672 520 730 tantm
545 670 746 746 fortitudinis,
767 673 800 731 iu
823 672 906 732 cuius
929 671 1028 732 salute
1050 691 1121 750 pars
1143 673 1189 732 in·

170 778 243 838 gens
266 760 366 819 fuerat
387 758 459 818 belli
481 760 539 820 hoc
557 763 602 820 set
619 761 774 822 securitas.
801 761 920 835 aenens
937 759 1085 821 Abantem
1102 778 1190 836 eppo·

136 864 151 903 a
169 851 260 908 wana
276 849 428 918 interemit,
442 866 564 923 menae
580 850 746 924 menone
762 867 931 924 moresque:
948 848 1066 912 Lausus
1080 850 1191 912 occidit

169 938 330 1013 Abantem,
351 937 407 1013 qui
422 957 543 1016 pugnae
561 941 718 1016 tamquam
737 938 812 998 obex
830 941 987 1016 oppositus
1004 939 1189 1017 inpedimen-

169 1029 271 1086 torum
289 1045 381 1086 nexus
399 1027 521 1088 tenebat
543 1029 574 1086 et
595 1046 704 1088 moras.
741 1032 865 1105 propter
881 1027 1070 1089 deiciendum
1086 1030 1189 1106 istum,

171 1117 224 1194 qui
246 1134 344 1176 moras
363 1118 395 1175 at
410 1115 615 1193 inpedimenta
633 1116 806 1194 praestabat
823 1137 861 1178 ne
879 1119 970 1178 ceteri
988 1119 1190 1195 caederentur,

170 1205 247 1264 dixit
269 1206 393 1284 agmina
413 1207 639 1286 praetermissa,
661 1206 721 1267 isto
745 1211 847 1268 autem
870 1208 967 1268 occiso
995 1209 1130 1285 patuisse
1157 1207 1189 1268 in

123 1310 151 1349 ιο
169 1298 282 1355 ceteros
315 1293 398 1355 riam
434 1297 464 1354 et
497 1295 594 1357 omnis
630 1315 784 1356 morarum
814 1296 909 1357 nodos
941 1296 1031 1358 unius
1063 1297 1191 1359 interitu

169 1385 340 1444 dissolutos.
399 1384 528 1461 danique
561 1385 698 1462 sequitur
732 1386 872 1445 sternitur
903 1383 1054 1447 Arcadiae
1079 1388 1189 1460 protes,

168 1476 340 1532 sternentur
352 1474 474 1534 Etnrsci
492 1478 519 1533 ct
534 1491 595 1544 eos,
613 1492 631 1534 o
646 1473 739 1534 Grais
756 1475 905 1548 tnpcreen
923 1492 1054 1549 corpore,
1070 1477 1252 1536 Tenortmto

167 1582 238 1622 cum
266 1562 434 1623 Arcadibus
464 1565 555 1640 atque
584 1564 721 1625 Etruscis
754 1563 964 1624 sternebantur
995 1567 1026 1624 et
1057 1564 1190 1639 Troiani,

169 1651 223 1728 qui
249 1651 368 1712 Iliensis
395 1651 467 1712 belli
496 1652 685 1714 calamitates
713 1657 879 1714 evaserant.
924 1654 1045 1728 eamne
1071 1671 1190 1714 concer-

122 1760 151 1799 ss
168 1745 240 1800 nent
262 1741 440 1816 mneside
462 1746 489 1800 et
509 1743 624 1802 eiribns
646 1744 762 1816 nanis:
791 1761 966 1803 concurrere
995 1748 1042 1804 est
1069 1743 1190 1823 agmina

169 1830 315 1890 currendo
343 1832 480 1906 miscere,
508 1831 582 1892 item
611 1850 786 1892 concurrere
815 1834 862 1893 est
887 1851 1023 1911 pugnare
1046 1833 1189 1893 adversus

169 1921 264 1979 alium
287 1923 319 1980 et
339 1920 406 1998 pati
426 1924 623 1999 pugnantem.
654 1923 687 1980 in
709 1920 807 1996 nullo,
828 1921 943 1999 inquit,
965 1922 1066 1983 iuerat
1082 1925 1190 1998 metus,

170 2011 315 2088 quoniam
336 2011 369 2069 in
393 2009 570 2070 exercitibus
592 2010 652 2070 fuit
674 2011 810 2089 aequalis
833 2012 929 2072 virtue
954 2014 985 2072 et
1006 2013 1050 2072 in·
1062 2011 1188 2074 ducibus

168 2100 315 2160 fortitudo
335 2100 508 2161 consimilis.
554 2102 674 2161 extremi
696 2102 864 2162 addensent
885 2103 977 2163 ecies:
1006 2101 1060 2179 qui
1085 2102 1118 2163 in
1141 2123 1188 2162 ex·

120 2211 150 2251 ao
167 2193 265 2250 memo
296 2190 424 2267 agminis
454 2191 576 2251 fuerant
605 2190 773 2251 densabant
801 2209 878 2269 sese;
908 2192 962 2269 qui
994 2191 1074 2252 enim
1106 2191 1189 2252 douai

168 2278 360 2339 constiterint
376 2279 484 2340 melius
502 2280 562 2339 tuti
580 2282 661 2341 sunt
691 2290 746 2340 nec
762 2282 850 2340 tnrbe
866 2282 976 2340 moeni
993 2282 1052 2341 tete
1068 2299 1190 2342 manns·

168 2386 224 2442 qne
241 2369 322 2440 sinit:
339 2371 427 2429 tanta
444 2370 504 2429 tuit
520 2369 724 2429 multitudinis
743 2371 934 2447 constipatio,
951 2373 988 2430 ut
1005 2389 1060 2430 nec
1082 2388 1188 2430 manus

168 2459 330 2534 quisquam
356 2476 411 2517 nec
436 2459 499 2518 tela
525 2478 645 2519 movere
672 2459 830 2535 potuisset.
879 2460 947 2519 binc
968 2459 1072 2519 Pallas
1098 2461 1190 2519 instat

169 2551 196 2606 et
217 2550 313 2621 erest,
335 2548 404 2607 dinc
425 2552 527 2608 contre
548 2548 673 2608 Lensns
694 2565 748 2608 nec
769 2549 893 2608 nnltnnn
920 2548 1067 2621 discrepet
1092 2552 1189 2608 aetas:

119 2658 149 2698 aa
167 2637 265 2696 instat
283 2640 314 2696 et
335 2639 424 2715 urget
451 2640 482 2697 et
508 2636 547 2696 ad
569 2637 740 2697 Pallantem
767 2636 896 2714 pertinet
923 2642 954 2697 et
981 2636 1020 2697 ad
1042 2636 1188 2713 Lausum3

167 2745 280 2803 magna
303 2728 404 2785 autem
431 2725 510 2785 libra
537 2727 652 2787 aetates
680 2745 783 2785 eorum
811 2725 981 2802 descripsit:
1007 2726 1105 2804 primo
1127 2746 1188 2786 non

168 2814 246 2874 dixit
269 2816 337 2892 quis
360 2818 437 2892 quot
458 2818 536 2876 esset
558 2835 719 2891 annorum,
742 2816 885 2893 quoniam
902 2814 1014 2876 natalis
1033 2816 1188 2893 utriusque

242 3009 256 3057 1
284 3020 334 3059 nec
360 3004 582 3059 nenchorr.
607 3023 628 3059 r.
655 3021 685 3058 n.
709 3003 855 3060 tennnV.
940 3004 1071 3060 toirlt
1095 3003 1188 3060 oisV:

166 3066 222 3129 hoc
253 3074 315 3130 loco
343 3075 482 3143 quomodo
506 3075 576 3131 Dou.
599 3074 685 3131 verba
710 3077 813 3144 poetae
841 3078 891 3129 aut
917 3075 1020 3145 legerit
1046 3078 1097 3130 aut
1124 3092 1189 3131 con·

167 3146 292 3201 iunxerit
323 3148 373 3200 aut
399 3146 571 3202 intellexerit
598 3163 643 3202 me
665 3146 744 3201 nulla
767 3147 928 3201 coniectura
950 3148 1063 3217 assequi
1085 3148 1189 3217 fateorg

167 3234 228 3272 rem
246 3234 303 3272 uon
321 3218 465 3286 expedivit
479 3218 580 3288 Hoppe
598 3236 626 3287 p.
641 3223 666 3274 3.
722 3224 738 3273 b
756 3219 893 3274 interemit
905 3218 957 3272 VR
974 3220 1108 3275 interimit
1122 3219 1186 3292 ed(

166 3290 326 3358 nedumque
339 3289 398 3345 VR.
420 3288 423 3362 t
443 3306 586 3359 mennae
599 3290 625 3343 It
640 3305 694 3344 om.
704 3289 731 3344 V
744 3306 900 3359 mnenone
913 3290 957 3345 ed.
972 3293 1002 3345 et
1014 3290 1098 3360 Verssg.
1113 3290 1187 3345 libri.

167 3367 184 3416 8
211 3360 551 3417 norasVItm.eted.
581 3368 584 3432 Ι
613 3361 862 3417 nceVltnced.
943 3362 1189 3431 11eentqneV1t

166 3433 267 3487 deinde
292 3432 335 3487 ed.
410 3438 443 3487 12
466 3449 582 3503 corpora
600 3432 653 3487 VR
672 3439 786 3502 pectora
811 3433 855 3489 ed.
931 3438 964 3488 13
984 3434 1115 3489 arcadias
1128 3433 1187 3489 VR.

168 3509 204 3559 14
230 3510 370 3559 manent
395 3503 428 3558 V.
509 3510 542 3559 1‘1
570 3510 658 3560 neotus
685 3522 769 3574 anna
796 3504 840 3560 ed.
921 3509 953 3558 19
981 3505 1137 3561 addensem
1162 3505 1189 3559 V

166 3575 329 3631 addensent
350 3574 376 3628 lt
399 3576 519 3631 tenent
540 3575 583 3630 ed.
657 3581 692 3630 20
716 3593 772 3632 sese
791 3576 843 3630 VR
867 3594 896 3633 ee
920 3576 964 3630 ed.
1037 3582 1072 3631 23
1090 3577 1189 3632 Pelles

165 3648 232 3702 nine
255 3646 298 3701 ed.
372 3652 406 3701 at
426 3648 489 3716 ants
505 3648 579 3717 qnod
591 3646 643 3701 Vlt
661 3664 686 3719 q.
701 3654 767 3720 qnot
783 3664 838 3704 nus
856 3650 920 3721 qun
938 3646 1097 3717 amad&
1117 3651 1211 3700 assam

166 3717 209 3772 ed,
235 3718 244 3786 i
268 3719 400 3785 numiam
417 3717 465 3772 VB
481 3736 568 3789 qnam
588 3720 632 3778 ed.
