2725 4150
201 362 266 430 356
485 358 625 415 DONATI
642 358 813 415 INTERPR.
828 358 935 415 Vuae.

200 529 297 607 iugali
318 529 462 608 religione
483 529 635 589 ooniunoti
653 530 741 589 tenta
758 527 892 589 extiterit
909 527 963 589 vis.
997 530 1131 608 nitergo
1150 527 1217 606 quis

200 621 335 696 speraret
356 619 443 678 noete
464 635 526 677 una
548 619 579 678 et
595 619 703 695 primu,
722 619 783 694 qua
801 617 841 679 ad
859 617 1099 679 ooniunotionem
1115 617 1235 681 marri»

200 709 295 767 monii
317 706 526 784 perficiendam
548 707 664 767 dulcior
686 707 772 768 nulla
794 710 853 782 est,
876 707 972 768 soelue
993 707 1026 767 in
1043 709 1173 785 sponsos
1190 709 1220 767 et

199 796 322 857 iuvenes
344 795 496 875 virginum
518 815 612 856 manu
634 797 768 874 conpleri
794 795 950 873 potuisse?
988 797 1056 874 quis
1080 797 1139 857 hoo
1160 814 1219 856 non

201 886 285 947 nefas
313 884 464 964 appellet?
494 887 562 963 quis
591 887 656 946 sine
686 885 846 964 gemitibus
876 886 989 945 referat
1014 888 1063 946 tot
1088 886 1219 947 valentis
1246 903 1256 945 e

200 977 300 1036 aetate
317 975 453 1035 femineis
470 974 600 1052 turpiter
616 976 812 1052 interemptos
831 973 962 1050 insidiis,
980 975 1120 1052 deeeptos
1139 994 1218 1036 reve-

200 1064 298 1125 rentia
319 1064 448 1125 thalami
474 1067 505 1124 et
532 1065 748 1124 circumventos
775 1063 851 1124 illio
866 1063 919 1123 ubi
941 1083 1057 1125 amores
1079 1063 1139 1141 pii,
1162 1083 1220 1125 non

163 1193 165 1198 ,
201 1151 271 1214 odia
293 1154 457 1215 execranda
478 1152 658 1214 vertuntrr?
708 1170 783 1228 qaae
811 1151 921 1214 Clonus
942 1153 1106 1229 urgues
1131 1154 1220 1215 mado

200 1243 365 1304 creaverat
382 1260 471 1304 auro:
489 1243 641 1304 eaelatura
658 1261 767 1302 nomen
786 1245 831 1303 est
849 1242 933 1318 artis,
951 1262 1030 1321 quae
1047 1241 1111 1302 illio
1128 1244 1220 1304 inter-

200 1330 284 1393 venit
305 1332 358 1392 ubi
380 1330 549 1392 substantia
571 1331 669 1391 minor
692 1335 750 1408 est,
772 1335 810 1391 ut
831 1331 1022 1392 latitudinem
1044 1350 1106 1392 non
1124 1333 1222 1395 mults
1237 1349 1259 1391 u

201 1423 329 1498 speeies,
356 1421 408 1482 sed
430 1421 577 1498 producta
598 1423 632 1481 in
653 1422 820 1482 tenuiorem
847 1422 993 1482 laminam
1019 1421 1141 1482 vestiat.
1190 1423 1222 1483 iu

201 1510 301 1571 balteo
323 1512 383 1571 isto
406 1512 502 1589 regali
525 1511 695 1571 caelaturae
718 1510 1001 1586 opusoeourrebat,
1020 1511 1072 1572 sed
1089 1511 1221 1588 plurimo

201 1621 238 1660 ex
260 1619 348 1676 auro,
368 1619 430 1659 non
453 1600 539 1659 utin
556 1601 624 1660 aliis
642 1599 781 1679 operibus
800 1619 836 1659 ex
853 1619 947 1677 parvo
965 1600 1107 1678 perfecta.
1140 1599 1222 1661 deni·

202 1709 259 1766 que
272 1691 340 1767 ipsa
353 1689 455 1748 Turno
474 1688 579 1749 extitit
594 1708 685 1750 eausa
702 1690 853 1767 rapiendi,
872 1689 952 1767 quod
970 1691 1035 1749 arte
1053 1691 1223 1766 praestaret

140 1791 192 1840 500
202 1782 232 1838 et
249 1779 387 1857 pondere
420 1796 475 1854 qao
492 1796 573 1838 nuno
587 1779 709 1839 Tamus
726 1782 794 1839 ooot
810 1780 902 1854 spolio
919 1779 1082 1854 gaudetque
1096 1779 1222 1853 potius:
1238 1793 1260 1837 u

200 1868 301 1928 nocta
321 1884 404 1927 mens
425 1868 576 1928 bominum
597 1869 655 1943 fati
676 1869 819 1943 sortisque
840 1870 960 1941 futurae
983 1872 1010 1927 et
1026 1885 1147 1929 sorore
1163 1885 1222 1929 me

202 1957 273 2015 dum
300 1958 388 2017 retes
416 1957 535 2017 sublata
562 1958 713 2017 secundis:
741 1958 811 2032 hoo,
840 1955 954 2035 inquit,
977 1957 1096 2018 Turnus
1124 1956 1222 2036 spolio

203 2045 407 2107 arbitrabatur
429 2046 545 2107 iactum
568 2065 599 2108 se
622 2064 686 2108 esse
709 2046 874 2126 gloriosum
893 2049 924 2107 et
942 2046 1114 2108 laetabatur
1132 2066 1170 2108 ex
1187 2065 1221 2108 eo

201 2136 326 2213 ignarus
343 2154 416 2195 suae
434 2137 524 2196 sortis
543 2137 662 2212 otiati,
681 2137 763 2214 quod
781 2138 843 2196 iem
860 2138 1017 2215 urgeretur
1034 2136 1067 2195 in
1085 2140 1222 2212 mortem,

202 2244 270 2284 eum
286 2224 319 2285 in
337 2224 424 2286 rebus
443 2224 580 2285 secundis
600 2229 630 2286 et
648 2228 681 2285 in
699 2225 893 2285 altitudinem
910 2232 1085 2303 prosperam
1098 2229 1221 2304 repente
1238 2240 1260 2282 ro

201 2313 328 2375 sublatis
356 2314 492 2375 debuerit
517 2314 631 2375 servari
657 2316 764 2376 modus
792 2317 823 2374 et
850 2316 992 2375 adversae
1020 2319 1140 2393 quoque
1162 2315 1221 2376 ior·

201 2407 292 2463 tunae
326 2403 509 2464 considerari
542 2405 685 2464 eondioio.
743 2404 845 2463 Turno
879 2408 992 2478 oopus
1025 2406 1093 2464 erit,
1113 2421 1221 2481 magno

202 2510 268 2552 eum
290 2494 433 2567 optaverit
454 2497 580 2567 emptum
602 2494 745 2552 iutodam
761 2493 904 2553 Pallanta
922 2497 948 2552 et
966 2511 1031 2553 euro
1049 2494 1148 2567 spolia
1164 2495 1222 2554 teto

140 2582 333 2655 subtilemque
355 2582 461 2641 oderit:
483 2581 634 2660 gaudebat
650 2583 684 2642 in
701 2584 853 2659 praesenti
871 2582 968 2642 futuri
986 2584 1104 2643 nesoius
1123 2584 1222 2644 exitus

202 2672 263 2746 sui,
286 2689 346 2730 non
369 2671 520 2749 prosperis
542 2670 605 2731 suis
628 2670 730 2748 rebus,
753 2672 805 2732 sed
826 2671 896 2731 inde
914 2673 1011 2751 magIs
1029 2672 1109 2731 unde
1128 2672 1222 2733 laeta·
1237 2684 1259 2729 ss

201 2758 293 2820 batur
315 2759 457 2821 adversis.
488 2760 619 2822 faciebat
640 2762 721 2821 hune
743 2760 853 2821 mentis
876 2781 1004 2822 errorem
1027 2761 1222 2838 inprudentia

201 2849 382 2909 futurorum.
436 2852 567 2910 ueterum
597 2849 764 2911 inminebat
794 2852 856 2911 iam
891 2854 1010 2927 tempus
1046 2869 1116 2927 quo.
1142 2850 1222 2912 idem

201 2938 321 2999 Turnus
348 2938 519 3000 Pallantem
548 2941 707 3017 optaturus
738 2943 816 3001 esset
843 2942 1023 3000 ineolumem
1052 2940 1221 3019 sumptibus

275 3110 437 3179 treligiom'
449 3108 483 3164 V.
509 3109 513 3181 Ι
540 3111 614 3166 tanti
625 3109 659 3164 V.
688 3108 691 3182 l
719 3111 767 3179 qui
784 3110 970 3179 speroreWR
989 3110 1033 3165 ed.
1106 3115 1221 3181 tepon-

202 3180 288 3235 aaeV
306 3197 384 3235 -eam
402 3180 445 3235 ed.
500 3188 721 3236 4marrameom
741 3182 794 3236 lere
807 3181 850 3235 ed.
907 3184 1000 3236 deine
1013 3182 1223 3253 gemitibueVlt

201 3254 307 3306 temere
325 3253 395 3305 mut.
410 3252 453 3306 ed.
527 3257 543 3306 8
561 3257 705 3307 amaretur
717 3197 769 3306 ia
786 3254 920 3308 sinadam
938 3254 982 3307 ed.
1008 3253 1012 3323 Ι
1039 3252 1175 3309 oionusV
1192 3254 1223 3309 in

203 3325 290 3379 bonus
308 3339 377 3378 oorr.
391 3322 417 3376 R
434 3322 479 3376 rel
497 3340 519 3379 r.
588 3328 604 3377 9
623 3324 758 3378 reborat
770 3322 804 3379 V.
874 3326 1016 3380 ruminor
1034 3330 1074 3379 eet
1091 3324 1117 3377 a
1134 3327 1223 3381 mino·

202 3412 259 3449 rem
271 3394 297 3448 V
315 3396 388 3450 inest
403 3395 494 3450 minor
511 3394 555 3448 ed.
630 3400 663 3448 12
681 3395 770 3465 regali
783 3393 834 3448 VR
851 3413 874 3451 r.
890 3402 916 3450 et
933 3396 976 3451 ed.
998 3396 1002 3467 l
1027 3394 1223 3453 commerotV

203 3465 312 3521 orco-R
334 3482 417 3521 eono-
435 3465 478 3519 ed.
497 3466 654 3522 occurrebat
671 3481 730 3519 noe.
804 3472 837 3520 13
860 3468 927 3521 aliis
944 3483 997 3521 om.
1017 3467 1060 3521 ed.
1090 3467 1093 3539 l
1123 3470 1223 3525 reseca

203 3537 255 3591 VR
273 3537 316 3592 ed.
338 3536 461 3606 perfecta
478 3552 529 3591 noe
552 3539 591 3606 (re
613 3552 665 3606 pro
687 3553 737 3605 per
757 3537 792 3591 of.
812 3541 838 3605 9,
853 3542 904 3591 391
923 3539 935 3592 i
953 3554 1003 3606 pro
1022 3540 1040 3606 f
1054 3537 1088 3592 of.
1108 3542 1135 3607 8,
1151 3541 1222 3666 179.

195 3606 719 3683 17eublate'eV.11terrueom.edF.
775 3613 809 3663 18
827 3626 861 3664 ex
879 3610 990 3665 omed.
1045 3614 1078 3664 19
1092 3610 1176 3677 fortir
1216 3652 1222 3666 .

184 3686 224 3735 20
242 3700 309 3741 eum
326 3682 378 3739 VR
397 3701 478 3758 poem
496 3681 542 3740 ed.
597 3686 634 3739 21
651 3696 761 3738 mare
774 3680 885 3736 moderor
902 3681 949 3734 ed.
998 3685 1038 3733 ‘t‘t
1053 3683 1224 3740 eumaem

179 3753 233 3811 VR
249 3756 294 3814 ed.
315 3775 390 3817 corr.
407 3778 431 3819 r.
455 3760 459 3837 l
479 3758 613 3820 caedicio
624 3755 681 3815 vu
700 3770 781 3813 mern
798 3752 844 3808 ed.
895 3756 935 3805 ‘ib
946 3748 1123 3803 tenuem
1133 3765 1239 3802 eona,
