2725 4150
560 332 801 388 luminosus
1125 337 1189 403 221

171 503 222 578 plo
246 501 460 561 salutationem
482 502 580 561 dicere
607 519 780 578 possumus,
807 522 867 562 non
895 520 961 560 eam
988 504 1108 561 tantum
1131 522 1192 579 qua

170 590 331 650 matutinis
354 591 435 650 horis
458 590 505 650 uti
527 591 735 652 consuevimus
757 611 861 651 verum
884 591 975 650 etiam
993 591 1078 650 illam
1102 612 1191 669 quem

171 681 315 739 abeuntes
343 680 540 756 relinquimus
571 679 760 740 remansun's.
808 682 841 739 in
876 699 967 740 causa
1000 681 1193 741 lacrimarum
1231 720 1233 725 -

171 769 291 845 matris,
314 769 340 828 si
363 768 455 828 ctiam
476 769 597 828 flentem
620 772 766 843 cerneret,
789 770 845 829 hoc
863 771 930 829 vult
947 769 1115 845 ostendere,
1133 771 1192 829 itu·

140 873 239 917 arum
257 877 289 919 se
307 876 368 917 non
386 877 463 934 esse3
481 860 599 919 vincere
613 858 693 918 enim
711 877 777 917 eam
796 877 914 919 necesse
932 862 1011 919 esset
1031 879 1107 937 quae
1126 879 1191 919 cru·

171 948 270 1008 oiatns
293 966 362 1007 suos
385 948 487 1008 effusis
509 947 628 1008 fletibus
647 948 835 1024 adprobaret.
876 948 934 1008 hoc
951 967 1058 1027 genere
1077 951 1192 1025 quanta

170 1036 260 1097 factis
280 1037 498 1096 commendatio
517 1040 575 1112 est,
594 1056 663 1096 oum
681 1037 835 1097 subtiliter
851 1036 961 1097 dicitur
981 1041 1017 1097 ut
1034 1040 1070 1097 tu
1088 1039 1191 1099 videas

170 1130 288 1203 patrem
306 1128 405 1201 tuum,
428 1145 483 1204 ego
503 1145 570 1185 sum
592 1129 720 1185 matrem
742 1128 1001 1205 religiosissimam
1019 1128 1191 1188 relicturusl

171 1220 203 1275 ai
225 1219 269 1285 ta,
293 1232 356 1285 oro,
380 1216 476 1275 solare
493 1216 609 1289 inopem
627 1220 654 1274 et
670 1233 808 1274 saecarre
825 1217 956 1276 relictae:
977 1218 1098 1294 inopem
1117 1217 1193 1276 dixit
1202 1228 1254 1279 290

125 1320 152 1359 ro
169 1323 231 1363 non
249 1305 420 1364 substantia
436 1304 596 1365 familiaris
614 1306 658 1364 rei
676 1305 862 1379 exhaustam,
880 1306 932 1364 sed
946 1305 1069 1366 minoris
1089 1308 1191 1382 animi,

171 1395 315 1470 quoniam
337 1394 495 1454 constabat
516 1394 602 1454 illam
624 1394 792 1454 absentiam
815 1394 859 1453 fili
881 1413 978 1471 aequo
997 1397 1096 1455 animo
1115 1397 1191 1456 ferre

169 1503 230 1544 non
257 1501 350 1559 posse
399 1484 455 1543 hoc
478 1484 521 1542 ita
548 1503 611 1543 esse
639 1483 724 1543 aliud
746 1502 866 1560 quoque
888 1484 998 1562 probat
1022 1485 1191 1562 exemplum

170 1591 231 1648 quo
250 1572 428 1633 dictumest
451 1565 496 1653 (4,
507 1567 587 1653 300)
610 1574 730 1648 „secut
752 1574 838 1650 inops
863 1572 987 1632 animi“.
1024 1592 1095 1652 ergo
1113 1575 1190 1649 fove,

169 1663 280 1738 inquit,
298 1664 397 1721 mente
415 1664 537 1738 inopem
555 1662 707 1737 feminam,
726 1663 794 1722 love
813 1661 970 1738 desertam,
987 1663 1098 1723 habeat
1113 1663 1190 1723 sola-

124 1767 150 1808 15
169 1751 250 1811 cium
267 1753 356 1810 tuum
384 1752 414 1810 et
442 1751 608 1811 absentiam
634 1752 680 1811 fili
707 1770 767 1810 non
794 1753 914 1812 sentiat.
955 1753 1041 1823 heac,
1057 1753 1122 1811 siae
1145 1770 1191 1811 me

168 1857 251 1913 spera
272 1842 351 1914 ferre
373 1841 429 1910 iai,
453 1841 608 1900 cadeatior
629 1841 676 1900 ido
699 1842 732 1899 ia
750 1859 838 1900 eccas
856 1842 965 1900 mana:
988 1861 1125 1901 securum
1143 1861 1190 1900 me

150 1929 260 1988 cedde
274 1928 311 1988 de
324 1929 460 2006 partibas
474 1930 590 2005 matris,
609 1949 664 2007 ego
682 1931 779 1990 omnis
798 1949 884 1990 casus
898 1930 1066 2008 intrepidus
1081 1933 1189 2007 petam.

168 2037 310 2093 pereussa
331 2023 425 2079 mente
447 2019 588 2079 dederant
607 2019 807 2080 Dardanidae
830 2021 982 2091 dammas,
1007 2026 1075 2081 cate
1096 2022 1192 2081 araris

162 2110 289 2183 pulcher
305 2109 406 2178 Iolao,
425 2113 511 2181 ctare
529 2110 663 2168 animam
675 2110 796 2182 patriae
809 2112 928 2170 strinxit
941 2112 1062 2184 pietatis
1079 2112 1191 2186 imopo:

122 2214 149 2254 ao
167 2198 240 2258 licet
258 2198 335 2257 moti
353 2201 451 2258 essent
470 2217 572 2259 omncs
590 2199 732 2274 loquente
746 2199 888 2275 Euryalo,
907 2201 974 2277 plus
991 2204 1091 2261 tamen
1105 2200 1190 2261 Iulus

168 2306 327 2365 percussus
351 2290 408 2364 e'st3
431 2308 502 2347 nam
524 2287 588 2347 eius
611 2288 745 2347 animum
767 2289 933 2367 exagitavit
948 2290 1075 2365 Euryali
1094 2308 1189 2348 exem-

168 2379 253 2454 plum
281 2379 312 2436 et
339 2376 480 2437 accedens
508 2379 616 2437 caritas
643 2378 753 2454 patris,
786 2377 928 2454 quoniam
956 2378 1063 2438 similis
1091 2378 1190 2436 fuerat

168 2484 260 2526 causa
274 2468 305 2525 et
319 2464 355 2525 de
372 2465 546 2541 parentibus
566 2466 722 2545 agebam.
759 2467 869 2544 quippe
889 2467 1018 2525 alterum
1037 2465 1190 2526 cruciabat

168 2556 265 2633 patris
280 2555 425 2631 absentia,
446 2556 573 2614 alterum
586 2556 727 2616 movebat
740 2556 821 2631 quod
834 2556 926 2615 talem
944 2558 1071 2613 matrem
1088 2555 1190 2614 fuerat

122 2658 148 2699 aa
166 2645 337 2704 relicturus.
373 2649 435 2703 tara
456 2646 500 2704 cic
522 2647 644 2717 effatur:
666 2645 821 2705 videamus
844 2644 906 2703 Iuli
927 2662 1116 2721 responsum,
1140 2644 1251 2705 cui295

168 2735 284 2794 dictum
302 2736 348 2794 cst
365 2737 422 2809 „at
434 2737 483 2808 tu,
502 2753 567 2809 oro,
585 2735 683 2794 solare
700 2734 821 2809 inopem
840 2736 870 2793 ot
888 2752 1025 2793 succurre
1043 2733 1188 2793 relictae“

168 2828 199 2883 et
221 2823 323 2899 „hanc
345 2821 409 2883 sine
431 2843 479 2883 me
502 2841 586 2901 spem
608 2824 685 2883 ferre
709 2825 769 2898 tui,
792 2822 951 2882 audentior
972 2823 1023 2882 ibo
1045 2824 1078 2882 in
1102 2841 1189 2883 casus

168 2911 296 2973 omnis“.
332 2912 442 2986 sponde
455 2913 547 2987 dipao
560 2913 619 2971 tais
631 2913 797 2987 iapeatidas
811 2913 911 2971 amaia
924 2914 1045 2987 coeptis;
1063 2930 1189 2986 comque

168 2995 223 3061 erit
239 3003 299 3060 ista
316 3001 389 3060 midi
404 3003 534 3075 peaetric
551 3019 712 3075 nomenque
731 2999 859 3061 Creusae
881 3002 976 3061 sedam
994 3003 1120 3075 defuerit
1136 3019 1189 3062 aec

123 3104 149 3143 ³⁰
162 3095 288 3165 parterm
308 3092 408 3165 pratia
429 3092 516 3150 tolera
531 3109 630 3166 parca
647 3095 759 3161 maaet,
783 3108 870 3150 casas
887 3092 1000 3164 factam
1018 3092 1189 3165 parcamque

167 3184 341 3254 sequenter:
363 3180 507 3256 quicquid
525 3181 597 3256 scis,
620 3181 677 3255 ait,
701 3181 857 3240 convenire
875 3180 990 3239 meritis
1009 3182 1083 3255 tuis,
1106 3180 1187 3255 quic·

241 3375 255 3422 1
275 3368 364 3423 dicere
377 3367 403 3421 V
417 3368 461 3422 cd.
480 3368 602 3423 discere?
623 3367 626 3440 l
647 3385 730 3437 quara
743 3367 770 3422 V
788 3386 842 3438 qao
861 3368 904 3423 ed.
960 3374 976 3421 2
994 3367 1065 3423 atV
1082 3370 1125 3423 ati
1143 3368 1187 3423 ed.

167 3446 183 3494 3
207 3440 334 3495 habentes
355 3440 516 3509 reliquimur
534 3438 559 3491 V
578 3455 646 3493 corr.
664 3440 708 3493 ed.
739 3440 742 3511 l
775 3442 807 3494 irc
830 3457 883 3494 om.
905 3439 948 3493 ed.
1021 3446 1038 3494 4
1061 3439 1187 3495 etiamV

167 3529 228 3567 eam
251 3511 295 3565 ed.
369 3516 402 3565 10
422 3512 582 3566 adauctam
598 3510 623 3563 V
642 3510 685 3565 ed.
706 3517 771 3565 aa?
845 3517 878 3565 13
897 3511 970 3581 qaod
987 3511 1091 3566 dictam
1110 3510 1187 3567 eotV

167 3582 365 3652 preceded.
426 3588 460 3636 14
477 3580 614 3637 habeatV
633 3588 665 3637 at
681 3583 707 3635 h.
727 3582 770 3636 ed.
834 3587 867 3637 18
884 3582 1196 3654 permua1e1.„eea

162 3670 312 3724 pertusae
328 3654 357 3707 in
371 3653 489 3776 (interpr.
507 3651 537 3709 V.
613 3658 647 3709 19
667 3661 751 3728 atque
772 3655 881 3713 omli.
953 3660 992 3711 ‘lt
1017 3654 1143 3725 spondeo
1166 3651 1214 3703 aa.

162 3732 196 3776 31
213 3730 338 3789 reptatur
355 3739 396 3778 e.

1018 3834 1077 3891 112*
