2725 4150
181 328 245 396 104
462 326 914 384 consummantium.

177 515 254 573 quae
287 494 425 573 superius
456 496 536 557 dieta
566 497 644 557 sunt
686 496 842 556 Teutonico
871 498 932 556 ritu
960 497 1039 557 soliti
1068 500 1201 571 torquem

177 587 302 645 cateias:
336 585 369 645 hi
400 604 501 646 omnes
538 584 653 646 imitati
684 585 835 646 Teutonas
871 585 1035 646 mittebant
1070 584 1201 647 telorum

177 675 291 750 speeies
322 694 400 753 quae
427 674 539 735 cateias
569 674 754 735 dicebantur.
804 676 932 749 leumiim
967 676 1034 751 oseis
1070 677 1202 749 amnon

177 769 283 838 raptus
306 765 467 824 denubere
493 769 602 824 corten:
628 768 663 824 ut
691 763 730 823 ad
757 763 854 824 vicem
880 765 1037 843 galenum
1063 766 1202 844 tegerent

178 855 293 931 capita,
317 872 399 914 mare
423 871 477 913 suo
500 854 634 932 tegmina
657 852 693 912 da
717 852 831 914 suberis
856 853 966 914 cortice
988 853 1201 930 procurabant
1235 870 1247 911 e

177 948 352 1017 aerataeque
368 942 479 1002 micant
491 944 603 1017 peltae:
624 962 679 1020 pro
703 943 797 1003 santis
818 944 914 1020 peltas
936 942 1109 1004 habuerunt
1132 962 1201 1003 aere

177 1032 330 1112 fulgentis.
374 1032 464 1091 micat
486 1048 590 1092 aucus
612 1033 706 1092 cusis:
727 1032 899 1092 iuuandum
921 1052 982 1092 non
1005 1034 1052 1092 est
1074 1052 1110 1093 ex
1132 1053 1201 1094 aere

177 1121 269 1181 fuisse
283 1119 427 1200 gladium,
442 1122 586 1197 quoniam
603 1124 634 1181 et
651 1121 684 1180 iu
703 1122 809 1199 quinto
823 1121 901 1181 libra
916 1113 1012 1204 (274)
1027 1123 1072 1181 ait
1090 1140 1202 1199 „aerea

178 1209 268 1285 quem
295 1208 426 1269 oblicum
452 1211 520 1270 rota
547 1209 706 1287 transiit“;
736 1211 833 1271 fertur
859 1209 939 1270 enim
968 1213 1083 1271 veteres
1111 1229 1201 1289 saepe

177 1317 244 1358 aare
268 1316 338 1358 usos
362 1317 417 1375 pro
440 1300 528 1359 ferro.
1220 1317 1247 1357 io

115 1398 167 1448 ‘145
247 1388 291 1446 m
316 1392 343 1447 te
368 1392 517 1448 montosae
542 1389 647 1448 misere
668 1388 704 1448 im
727 1389 845 1462 proelia
867 1389 995 1459 Nersae,
1024 1389 1131 1464 Ufens,
1154 1389 1202 1450 iu·

176 1477 288 1552 siquem
309 1479 396 1551 fama
414 1482 440 1536 et
456 1477 591 1551 felicibus
613 1478 720 1548 armis,
743 1478 866 1537 bomiela
882 1479 1044 1552 proauum
1064 1479 1113 1538 cui
1128 1496 1202 1554 ociis

177 1567 356 1640 adsuetoque
375 1566 465 1626 multo
485 1570 594 1626 acuatu
613 1584 773 1636 memorum,
795 1568 880 1627 duem
897 1564 1063 1641 Aequicula
1078 1568 1201 1642 olacbis.

177 1658 287 1716 armati
309 1661 419 1716 terram
441 1660 572 1715 exerceat
592 1673 761 1730 semperque
782 1657 905 1716 recmtis
928 1660 1095 1716 eouoeetore
1117 1657 1203 1718 imtat

171 1746 306 1818 praedas
328 1750 355 1804 et
376 1746 472 1805 oioem
489 1749 589 1818 rapto:
610 1744 706 1806 Ufens
725 1764 846 1823 quoque
863 1745 999 1823 partibus
1018 1745 1114 1805 Turni
1132 1765 1202 1807 cen·
1221 1760 1246 1802 n

176 1837 311 1894 senserat
333 1835 415 1894 fama
437 1834 579 1912 insignis,
602 1834 694 1894 armis
717 1837 819 1895 autem
842 1853 959 1912 semper
983 1834 1120 1895 felicibus
1143 1836 1202 1896 hoc

177 1926 224 1983 est
250 1924 381 1983 invictis
426 1923 498 1983 huic
520 1942 593 2002 gens
616 1924 676 1984 fuit
699 1943 815 2001 semper
841 1924 929 1984 bellis
957 1923 1076 1984 intenta
1102 1944 1202 2002 neque

176 2031 321 2089 umquam
342 2013 447 2072 vivens
471 2012 508 2072 de
530 2031 599 2090 sun,
621 2015 727 2091 utpote
747 2032 825 2091 quae
844 2032 906 2072 non
924 2014 1124 2075 delectaretur
1140 2014 1202 2076 nisi

176 2121 256 2162 nova
277 2101 398 2178 praeda.

115 2202 166 2251 750
250 2191 329 2266 Quia
352 2195 379 2251 et
395 2192 558 2251 Marruuia
580 2193 659 2251 acuit
681 2192 717 2251 ‹le
734 2197 817 2267 ceute
834 2193 970 2252 sacerdos
987 2193 1093 2266 froude
1111 2210 1202 2268 super
1220 2208 1248 2249 ao

174 2281 292 2355 ualeam
315 2285 341 2340 ct
362 2280 442 2355 felici
464 2285 594 2355 mmptus
616 2282 708 2351 oliuu,
735 2280 881 2355 Archippi
905 2283 983 2355 mois
1008 2282 1116 2351 missu,
1139 2282 1202 2357 for·

177 2370 308 2429 tissimus
327 2370 445 2439 Umbro,
463 2371 579 2443 misereo
594 2371 695 2444 ymeri
713 2374 740 2429 et
754 2372 884 2445 oronites
897 2371 1081 2444 spirantibus
1098 2371 1202 2446 tumis

115 2468 315 2535 'leospamere
333 2460 383 2531 oui
401 2477 517 2519 somuos
540 2462 684 2531 oautuque
705 2476 854 2532 mauume
875 2460 985 2519 solebat
1001 2460 1202 2534 mulcebatque

176 2549 241 2608 iras
273 2553 300 2607 et
329 2566 445 2608 morsus
477 2552 540 2607 orte
572 2548 701 2607 levabat:
740 2551 864 2608 venerat
896 2549 988 2607 etiam
1018 2548 1131 2609 Umbro
1164 2570 1201 2609 sx

176 2637 349 2698 Marruviae
380 2637 518 2714 partibus
551 2637 702 2713 sacerdos,
738 2637 896 2698 redimitus
929 2638 1011 2696 oleae
1043 2638 1200 2700 frondibus
1220 2653 1247 2694 aa

176 2727 334 2803 tamquam
352 2725 388 2785 de
408 2728 490 2803 pacis
510 2727 572 2786 otio
591 2729 621 2785 et
639 2726 862 2803 tranquillitate
882 2745 1010 2787 securus.
1044 2728 1094 2787 hia
1112 2730 1201 2787 tanta

176 2814 302 2875 scientia
324 2815 438 2891 floruit,
461 2820 496 2875 ut
518 2815 706 2892 serpentibus
729 2817 874 2876 insereret
891 2834 1042 2892 somnum,
1065 2816 1202 2893 placaret

177 2905 348 2983 saevientis,
366 2907 486 2965 annuet
500 2904 645 2982 quiequid
662 2905 817 2966 venenatis
836 2905 983 2967 morsibus
1000 2906 1201 2984 adpetisseut3

176 2993 223 3053 his
241 2993 418 3052 medebatur
435 2995 485 3055 vel
503 2997 594 3054 cantu
611 2996 661 3055 vel
678 2995 826 3056 manibus.
863 2996 943 3055 hune
961 2998 1064 3055 autem
1082 2997 1201 3056 consta·

176 3083 230 3142 bat
242 3083 339 3142 missu
352 3084 469 3143 venisse
487 3085 566 3162 regis
582 3083 743 3162 Archippi3
759 3085 819 3144 fuit
836 3083 902 3162 ipse
919 3087 1039 3162 praeter
1056 3084 1201 3145 scientiae
1220 3099 1248 3140 ao

250 3296 265 3344 2
307 3290 395 3345 ateium
411 3287 446 3343 V.
519 3289 593 3342 4ool
610 3287 735 3344 uicemV
753 3291 810 3344 loco
829 3289 872 3344 ed.
952 3291 1091 3345 ‘lmieout
1108 3306 1202 3346 aereos

176 3362 251 3417 euna
296 3403 302 3415 .
366 3365 382 3414 8
401 3360 599 3430 quoniam-9
616 3361 731 3415 transiit
753 3377 807 3416 om.
827 3360 871 3415 ed.
937 3366 970 3415 10
990 3378 1085 3416 aereus
1102 3377 1133 3416 os
1145 3378 1202 3431 pro

176 3434 250 3500 ferro
269 3432 294 3486 V
318 3448 410 3488 aneos
427 3448 481 3501 pro
502 3433 577 3499 ferro
598 3431 726 3486 babuisse
744 3430 798 3486 ΟΠ
822 3447 852 3487 os
866 3448 919 3501 mo
936 3433 1010 3499 ferro
1028 3433 1155 3488 babuisse
1172 3432 1201 3487 H

176 3521 224 3558 aes
236 3520 291 3573 pro
308 3505 329 3571 f.
344 3506 369 3558 le.
389 3504 433 3559 ed.
507 3509 539 3557 11
559 3504 672 3558 Numae
695 3502 739 3559 ed.
817 3509 852 3557 14
874 3504 973 3573 iuyuot
994 3519 1045 3571 pro
1068 3505 1148 3559 iuuat
1165 3502 1200 3559 V.

165 3580 208 3625 17
221 3576 293 3630 but'e
308 3575 335 3629 V
347 3577 418 3631 baec
435 3574 479 3630 ad.
537 3578 570 3628 25
589 3575 733 3629 marociae
750 3577 847 3643 (supra
865 3575 904 3642 rr)
920 3573 953 3629 V.
975 3574 978 3645 l
998 3575 1153 3643 redemptus
1165 3573 1200 3632 V.

152 3646 195 3765 {ti
206 3645 338 3764 {smera
355 3647 561 3776 {immitteret
578 3646 623 3703 ed.
645 3648 651 3721 l
669 3644 832 3719 plasmati
853 3661 887 3700 ae
902 3646 942 3714 ul.
958 3645 1004 3699 ed.
1065 3651 1100 3700 ⁴28
1118 3663 1201 3702 uua·

138 3724 159 3760 r
249 3724 282 3771 et
297 3735 320 3773 c.
345 3736 363 3775 e
386 3765 391 3775 .
