2725 4150
447 321 451 329 .
550 278 735 334 Aanamos
753 277 793 332 XI
1116 281 1181 348 471

162 449 335 507 mactatam.
381 453 445 518 aut,
472 449 501 507 sl
526 451 611 523 foma
636 451 744 517 meet,
768 447 795 506 εἰ
817 450 932 506 tonilum
955 450 1069 520 pectore
1094 449 1185 507 robeor

163 538 302 610 concipis,
323 539 389 612 aut,
408 537 435 598 si
452 537 601 598 erubescis
620 536 723 596 cedere
741 538 772 595 et
791 538 821 595 te
840 537 888 596 tui
905 534 1035 595 nominis
1049 536 1186 614 exagitat

163 627 245 685 fama
267 628 446 702 tantumque
474 627 507 685 in
528 629 559 685 te
582 627 678 686 bonae
701 624 854 686 existimas
878 643 1031 703 superesse
1052 624 1184 702 virtutis,

163 721 189 774 ct
211 717 238 774 si
260 716 332 775 adeo
355 716 462 775 dotalis
477 715 565 792 'rapio
591 716 673 776 cordi
695 719 749 786 est,
777 717 808 775 et
830 714 857 776 si
879 716 1000 774 tantum
1026 713 1110 774 cordi
1131 716 1185 775 tuo

133 805 271 882 eregalis
300 804 434 884 coniugii
460 805 610 884 cupiditas
637 804 698 866 fixa
725 806 784 880 est,
812 806 849 863 ut
875 804 967 864 avelli
993 823 1054 863 non
1079 805 1185 882 possit,

163 895 240 953 uude
267 899 353 967 atquc
379 895 538 954 adoneum
558 895 655 969 fidens
676 896 724 968 fer
746 897 848 968 peetus
874 894 908 953 iu
929 893 1066 953 bostem(
1081 893 1108 953 si
1131 893 1247 958 ali-8⁷0

163 1003 254 1060 quam
276 985 399 1044 virtutis
421 988 492 1044 tuae
510 983 652 1044 fiduciam
673 982 767 1062 geris,
790 983 868 1042 aude
891 985 922 1043 et
944 984 1094 1043 certamen
1117 1002 1186 1043 cum

163 1074 226 1132 solo
246 1074 326 1133 solus
345 1073 507 1152 adgredere
525 1076 617 1150 atque
635 1072 737 1152 potior
754 1074 785 1131 et
797 1073 965 1150 praestanti
983 1074 1096 1133 virtute
1116 1092 1185 1133 con·

162 1163 233 1222 fisus
256 1163 373 1222 hostem
395 1165 463 1239 pete
487 1162 612 1224 adverso
635 1161 763 1241 pectere.
797 1163 916 1222 *scilicet
937 1166 971 1221 ut
994 1163 1095 1222 Turno
1119 1181 1184 1223 eon·

118 1271 144 1310 ro
162 1253 256 1325 tcaput
271 1253 354 1327 regio
372 1253 510 1322 mulonem
529 1270 596 1323 nos,
617 1253 736 1312 animae
753 1251 838 1321 oilos,
856 1251 1012 1312 inhumato
1028 1253 1185 1327 infletaque

162 1342 261 1411 turbu,
289 1346 453 1400 stanconam
475 1343 602 1415 campis:
627 1342 793 1401 necessarie
816 1341 916 1417 posita
943 1341 976 1399 in
1001 1341 1060 1400 fine
1088 1343 1184 1402 excla-

161 1430 268 1505 matio,
296 1449 374 1507 quae
396 1432 552 1509 proposita
579 1429 752 1492 condicione
776 1431 948 1490 certaminis
972 1432 1003 1490 et
1025 1430 1094 1490 duri
1115 1434 1185 1509 post

162 1522 312 1579 certamen
342 1520 426 1579 exitii
454 1522 570 1581 teneret
598 1521 752 1581 universos
782 1519 815 1578 in
846 1519 988 1581 societate
1019 1519 1184 1581 voluntatis

162 1627 241 1668 suae.
286 1609 431 1669 hocloco
454 1629 561 1670 nornen
585 1610 680 1669 Turni
702 1612 739 1668 ut
761 1609 869 1670 abiecti
898 1611 929 1668 et
950 1607 1074 1669 humilis
1098 1609 1184 1668 debe·

118 1717 227 1757 lamus
251 1700 385 1775 accipere
412 1718 467 1775 pro
495 1699 596 1759 animo
624 1699 688 1759 eius
716 1698 770 1775 qui
795 1698 976 1776 loquebatur
1001 1700 1037 1758 ut
1063 1697 1184 1759 invidus

162 1790 192 1845 et
213 1787 396 1864 loquebatur
416 1788 521 1848 iratus.
552 1788 625 1849 talis
647 1787 741 1848 locus
755 1790 801 1848 est
817 1789 885 1848 iste¹
899 1789 997 1865 qualis
1021 1790 1067 1848 est
1089 1779 1135 1871 (2,
1148 1782 1183 1869 4)

161 1877 325 1950 „Troianas
347 1879 383 1937 ut
403 1895 474 1954 opes
493 1881 524 1937 et
541 1878 736 1938 lamentabile
753 1898 879 1957 regnum
902 1879 1033 1938 emerint
1050 1875 1184 1956 Danai“;

161 1986 231 2025 nam
250 1969 281 2026 et
297 1967 360 2026 illic
378 1986 486 2026 nomen
505 1968 604 2046 gentis
622 1966 805 2028 Graecorum
823 1987 877 2046 pro
896 1967 1030 2029 convicio
1048 1969 1183 2046 positum

161 2058 215 2115 est.
261 2056 419 2135 contingat
446 2057 531 2136 regia
560 2058 702 2118 coniunx:
736 2057 813 2118 mori
842 2077 897 2135 pro
926 2057 1094 2136 republica,
1126 2078 1182 2138 pro

116 2165 143 2203 ao
161 2145 273 2222 patria,
296 2167 351 2224 pro
374 2148 549 2224 penatibus,
571 2167 626 2226 pro
649 2147 755 2224 uxere,
782 2166 838 2226 pro
860 2147 975 2224 liberis,
997 2167 1053 2226 pro
1075 2150 1181 2227 paren·

160 2234 240 2293 tibus
264 2236 428 2313 gloriosum
450 2240 510 2313 est,
538 2238 596 2297 iste
620 2257 690 2297 vero
714 2240 745 2296 et
766 2256 926 2316 personam
948 2237 1129 2298 deformarit
1152 2240 1183 2298 et

161 2344 281 2384 causam
305 2326 438 2385 adseruit
459 2326 599 2386 idoneam
616 2347 676 2387 non
696 2345 759 2387 esse
779 2346 855 2404 quae
872 2326 979 2385 merito
997 2328 1099 2403 posset
1122 2328 1183 2385 exi·

160 2434 229 2491 gere
253 2415 399 2474 auxilium
417 2414 581 2491 publicum
611 2418 648 2476 ut
668 2415 735 2492 ille,
757 2416 869 2493 inquit,
893 2433 984 2491 quam
1003 2433 1065 2474 non
1082 2416 1183 2493 potest

159 2504 276 2581 regiam
294 2508 495 2583 consequatur
511 2524 647 2565 uxorem:
670 2505 776 2566 ducere
799 2523 923 2564 uxorem
945 2503 1074 2582 speciale
1092 2506 1181 2565 unius

115 2596 206 2652 esest
228 2597 332 2652 votum
355 2596 386 2653 et
409 2595 597 2655 commodum
619 2594 694 2655 facti
721 2594 760 2654 ad
786 2614 882 2654 unum
909 2591 1092 2673 specialiter,
1121 2613 1182 2653 non

160 2683 199 2740 ad
222 2684 368 2758 populum
386 2686 530 2761 pertinet:
553 2703 621 2745 cum
640 2683 738 2763 igitur
755 2704 815 2744 non
833 2682 969 2760 publica,
991 2682 1044 2742 sed
1061 2682 1182 2760 privata

160 2773 201 2830 sit
219 2789 322 2847 causa,
341 2791 394 2833 cur
412 2773 535 2834 dimicet
553 2775 602 2834 cui
616 2774 751 2877 periculo
769 2774 841 2833 sunt
858 2771 985 2833 adversa
1003 2774 1034 2832 et
1052 2773 1182 2833 secunda

159 2880 219 2919 non
242 2861 389 2937 prosunt?
413 2881 482 2966 nos,
504 2863 537 2923 id
559 2864 636 2923 est
627 2862 742 2922 mnoxii
759 2864 791 2922 et
809 2865 893 2922 extra
915 2861 1071 2939 negotium
1089 2861 1182 2941 positi

158 2969 310 3027 regnoque
333 2952 456 3028 proprio
478 2952 646 3013 necessarii
679 2951 797 3011 animae
820 2950 910 3027 viles,
932 2970 992 3041 non
1014 2970 1083 3012 vere
1102 2950 1181 3060 viles

232 3109 246 3155 1
269 3105 353 3159 rubor
374 3104 518 3160 Donatum
540 3104 644 3175 legisse
666 3105 801 3174 opinatur
822 3103 998 3174 Hoppiusp.
1012 3109 1075 3160 411.
1091 3110 1125 3159 le
1145 3056 1180 3161 cl.

159 3192 186 3241 p.
208 3180 250 3229 13
324 3181 339 3228 2
363 3178 524 3245 concipieset
546 3177 691 3245 assumpto
710 3192 745 3231 ex
763 3176 892 3245 sequenti
910 3174 1044 3231 lemmate
1062 3176 1126 3232 etV
1144 3176 1179 3231 cf.

159 3246 248 3312 praef.
267 3265 294 3315 p.
309 3246 391 3301 XLV
413 3247 612 3319 lembeccecV
626 3264 695 3302 corr.
711 3247 754 3303 ed.
814 3246 1006 3303 aboroed.
1020 3248 1107 3304 bonae
1120 3264 1179 3303 nos.

159 3317 295 3382 ofertV.
358 3320 448 3374 8otio
466 3319 588 3374 tcVed.
603 3336 657 3374 om.
672 3319 716 3375 ed.
730 3321 803 3404 pest.
820 3321 913 3389 potior
930 3325 956 3375 ct
973 3336 1033 3375 nos.
1095 3320 1180 3404 aad·

158 3361 356 3516 lautu
374 3390 550 3531 tila-.-
561 3396 595 3517 a
608 3389 915 3518 saturies
925 3390 976 3517 ad:
1038 3396 1079 3517 1¹?
1092 3408 1180 3518 itali}

159 3530 242 3583 Ved.
262 3533 337 3587 locres
356 3533 399 3588 ed.
417 3536 490 3602 post
509 3534 753 3602 noscf.12,593.
827 3533 1043 3589 aiodsceuitV
1063 3535 1192 3587 meamea

159 3602 258 3657 addito
277 3606 439 3661 eoistimons
460 3607 526 3675 poet
548 3622 603 3662 esec
621 3605 665 3661 ed.
739 3610 773 3662 tt
799 3604 966 3678 pcrtcutoV
996 3602 1159 3712 pereocta
1148 3612 1215 3648 ’Μ

159 3674 227 3728 edF.
300 3681 336 3730 28
354 3678 426 3734 edom
441 3676 468 3733 V
484 3678 517 3735 id
533 3686 576 3738 oct
593 3697 648 3737 nos
666 3681 736 3739 ttoru
755 3679 805 3738 ed.
