2725 4150
565 332 819 389 nnunmosvn
1158 336 1208 402 39*

180 522 230 579 ac,
253 522 291 562 ne
318 521 464 579 personae
486 521 558 562 snae
586 504 617 562 et
643 504 707 562 eius
731 502 784 580 qni
805 502 929 564 miserat
951 503 1203 581 contemplatione

180 593 289 652 ductus
317 590 446 652 Latinus
473 593 548 652 vitia
570 591 691 652 duceret
719 611 795 668 quae
819 592 1032 667 offerebantur,
1056 611 1202 652 commen-

180 682 266 742 davit
284 681 420 741 Ilioneus
442 700 502 742 non
524 684 589 741 tam
611 681 777 757 specierum
799 681 920 756 merita,
948 682 1001 742 sed
1023 701 1126 742 eorum
1149 683 1204 758 qui

178 772 226 830 his
247 771 369 831 fuerant
388 770 445 831 usi.
482 771 535 830 dat
551 770 622 845 tibi,
644 769 758 848 inquit,
775 789 828 830 rex
846 773 948 830 noster
966 790 1044 847 quae
1061 773 1203 831 menente

147 860 303 920 ofortuna
321 860 444 919 Troiani
466 859 585 937 imperii
607 859 731 919 filerunt
753 878 860 936 parva3
883 861 957 920 baec
975 862 1055 920 enim
1077 861 1142 920 sola
1166 860 1203 919 de

178 950 318 1009 incendio
355 949 431 1025 eripi
467 951 639 1025 potuerunt.
684 950 717 1007 in
746 950 860 1008 maiore
893 949 973 1008 enim
1003 950 1036 1010 vi
1068 952 1202 1009 cessante

179 1039 312 1117 eligendi
335 1037 461 1098 arbitrio
489 1037 569 1115 quod
596 1038 730 1116 potuerit
756 1037 883 1114 rapitur.
928 1059 1024 1114 parva
1046 1058 1116 1118 ergo
1139 1039 1202 1098 fue-

177 1129 253 1187 runt
275 1130 344 1186 ante
367 1127 523 1187 interitum
545 1127 667 1202 Troiae,
694 1145 773 1187 nuno
800 1147 855 1203 pro
878 1128 996 1206 magnis
1023 1129 1202 1188 offerunturz

180 1217 261 1294 quod
284 1235 412 1294 parvum
435 1216 512 1275 dixit
534 1217 626 1277 satiat
653 1217 779 1277 dicendo
801 1218 945 1294 reliquias
971 1236 1043 1277 esse.
1085 1218 1139 1278 dat
1156 1217 1202 1279 bis

135 1325 160 1365 ro
179 1307 340 1384 accipitur:
364 1306 418 1365 dat
439 1325 564 1365 mimera
582 1307 721 1366 fortunae
739 1306 848 1382 prioris
867 1326 970 1382 parva,
990 1307 1043 1366 dat
1058 1308 1202 1384 reliquias

179 1396 272 1455 lboia
294 1415 330 1454 ex
348 1394 472 1455 ardente
489 1397 634 1472 receptas.
670 1397 723 1455 boc
736 1399 824 1469 pater
836 1394 981 1454 Auebises
999 1413 1073 1455 auro
1092 1397 1265 1459 libabutelo

179 1485 221 1544 ud
240 1503 324 1554 urus,
348 1485 401 1543 boc
417 1485 534 1544 Priami
549 1489 698 1560 qestameu
721 1488 796 1558 erat,
820 1501 886 1542 cum
903 1485 973 1543 iuro
991 1486 1102 1543 uocatis
1123 1503 1203 1544 ruore

179 1574 264 1633 duret
292 1574 424 1648 populis,
467 1577 667 1648 sceptrumque
694 1590 832 1646 socerque
864 1574 958 1632 tiaras
993 1571 1203 1649 [ucacuuque

180 1663 264 1723 tuber
294 1660 418 1738 cestesJ:
453 1663 510 1722 etsi
542 1680 602 1722 non
636 1666 709 1722 sunt
739 1663 825 1737 baec,
862 1662 974 1739 inquit,
1006 1681 1117 1741 magna
1149 1683 1204 1738 per

135 1770 161 1811 ns
180 1771 224 1828 se,
247 1771 302 1828 pro
326 1753 444 1829 magnis
466 1755 569 1811 tamen
593 1753 689 1828 accipi
710 1755 897 1826 meruerunt,
923 1753 971 1812 vel
995 1753 1067 1829 quia
1088 1753 1121 1810 in
1145 1771 1203 1812 usu

178 1841 289 1901 talium
302 1841 436 1903 uirorum
453 1841 583 1901 filerunt.
610 1840 732 1900 videtur
749 1842 806 1901 hoc
824 1840 932 1901 ominis
951 1842 1052 1917 fuisse,
1071 1844 1106 1900 ut
1123 1841 1202 1919 quod

178 1932 298 1990 Aeneae
321 1933 409 2008 pater
430 1931 539 1990 babuit
561 1933 592 1990 et
614 1949 698 1990 socer
716 1932 848 2008 gestavit
865 1930 898 1989 id
915 1931 1058 1991 transiret
1076 1930 1115 1990 ad
1134 1951 1203 1990 eum

180 2022 234 2097 qui
255 2021 321 2082 loco
345 2021 440 2098 patris
464 2020 584 2080 futurus
608 2023 687 2081 esset
709 2024 740 2081 et
763 2039 855 2081 socer.
896 2023 975 2081 certe
996 2024 1111 2099 quanta
1133 2021 1202 2080 mit-

179 2112 272 2171 tentis
302 2112 403 2189 gretia
432 2110 509 2169 illud
538 2110 609 2170 dare
639 2111 722 2187 quod
752 2110 940 2170 carissimum
969 2114 999 2171 et
1027 2111 1202 2189 religiosum

134 2218 161 2257 eo
177 2198 356 2277 parentibus
385 2200 456 2259 fuiti
502 2201 583 2276 ipso,
612 2200 669 2275 ait,
698 2200 842 2260 utebatur
863 2200 1023 2274 Anchises,
1053 2220 1120 2259 cum
1144 2201 1202 2261 diis

178 2292 251 2350 vota
278 2290 474 2366 persolveret,
502 2307 537 2348 ao
564 2308 618 2366 per
644 2290 701 2350 boc
726 2289 854 2349 libenter
881 2290 978 2365 accipi
1006 2289 1094 2349 debet
1122 2289 1202 2365 quod

177 2380 239 2439 fnit
269 2379 301 2438 in
334 2378 477 2456 obsequio
504 2378 670 2438 numinum.
719 2380 797 2438 illud
828 2397 899 2439 vero
932 2378 1013 2454 quod
1048 2381 1202 2456 gestamen

177 2470 271 2528 firisse
294 2467 408 2526 Priami
438 2468 552 2527 dictum
581 2471 640 2541 est,
669 2487 707 2528 ne
737 2488 825 2528 omen
851 2468 985 2526 traheret
1013 2486 1048 2525 cx
1074 2486 1202 2543 persona

177 2556 308 2618 hominis
327 2558 406 2632 lapsi
425 2559 537 2616 eteius
561 2558 614 2633 qui
636 2558 789 2618 interisset
814 2576 881 2616 cum
908 2555 1034 2632 imperio
1058 2574 1126 2629 suo,
1150 2556 1201 2614 ad-

133 2663 159 2704 re
177 2647 257 2707 didit
279 2650 399 2723 tempus
428 2666 488 2724 quo
516 2645 668 2720 Priamus,
695 2645 808 2721 inquit,
835 2644 952 2719 floruit,
975 2639 1201 2722 †Iliadumque

177 2737 265 2796 labor
287 2738 398 2809 uestes,
421 2735 473 2794 ubi
495 2735 555 2795 suit
572 2737 669 2795 maior
687 2735 820 2813 dignitas
837 2735 870 2792 in
889 2734 1042 2810 speciebus
1061 2735 1202 2810 muneris,

176 2827 233 2885 boc
257 2827 303 2885 est
324 2825 357 2884 in
380 2828 497 2901 sceptro
521 2827 552 2883 et
573 2825 662 2884 tiara.
704 2827 914 2900 sceptrumque
933 2842 1075 2901 sacerque
1094 2826 1202 2884 tiaras:

250 3017 343 3067 ittam
360 3011 387 3066 V
405 3019 514 3068 tautum
532 3013 576 3067 ed.
602 3012 605 3084 l
634 3030 727 3067 eorum
745 3011 771 3065 V
789 3029 892 3081 quoquc
913 3013 978 3067 edd.
998 3012 1041 3067 ed.
1098 3018 1113 3066 'l
1133 3030 1202 3081 pcr-

176 3102 227 3140 cae
245 3084 272 3138 V
290 3101 384 3153 porca
402 3085 473 3139 edl'.
535 3090 551 3137 8
571 3101 626 3153 pro
643 3087 753 3154 mapue's
770 3086 924 3151 offeruntur
942 3084 968 3138 V
987 3083 1112 3153 eorrupit
1130 3083 1201 3137 ch.

178 3162 211 3210 13
235 3158 327 3211 tiaras
348 3155 412 3209 finis
435 3156 575 3209 lemmatis
598 3156 628 3209 in
647 3155 680 3209 V:
707 3156 883 3224 iliadumque
901 3157 978 3210 labor
995 3164 1079 3211 cester
1102 3153 1202 3208 addidi

177 3228 278 3284 eedem
301 3227 403 3281 ductus
426 3228 536 3282 ratione
560 3243 616 3296 qua
641 3232 665 3293 1,
679 3233 722 3281 25.
797 3233 831 3280 14
854 3245 907 3282 suo
924 3227 951 3280 V
973 3230 1042 3281 satis
1067 3226 1110 3281 ed.
1137 3232 1202 3280 suut

176 3316 228 3353 nos
267 3298 270 3369 l
302 3315 355 3367 per
376 3315 405 3353 ae
422 3298 450 3352 V
473 3300 530 3353 siut
553 3299 617 3354 add.
638 3299 681 3353 cd.
757 3304 789 3352 15
812 3304 845 3352 ut
867 3301 934 3366 quio
951 3298 978 3351 V
1002 3300 1044 3352 cel
1066 3299 1133 3365 quic
1156 3297 1199 3350 ed.

178 3377 212 3425 16
237 3370 347 3425 eiutu
368 3369 395 3422 V
422 3377 447 3424 et
470 3370 526 3425 uid.
553 3370 596 3424 ed.
628 3369 631 3441 l
665 3371 784 3425 bominis
801 3369 827 3423 V
851 3370 894 3424 ed.
925 3369 928 3440 l
962 3374 995 3423 ut
1016 3370 1088 3436 quod
1111 3366 1137 3420 V
1159 3369 1201 3422 cel

177 3442 250 3511 quod
269 3442 313 3496 ed.
370 3445 404 3494 18
423 3448 529 3509 quauta
543 3440 713 3496 uitteutesV
727 3459 770 3509 qu.
786 3441 987 3507 suituu'tteutie
1005 3439 1049 3493 ed.
1105 3443 1138 3493 25
1157 3440 1200 3493 iu-

177 3516 238 3582 quit
254 3514 352 3582 floruit
363 3512 390 3565 V
408 3514 523 3580 imperio
536 3516 582 3581 ft?
604 3515 631 3580 ft.
647 3513 741 3567 diceus
759 3512 802 3566 ed.
824 3511 909 3565 verba
927 3511 1104 3578 Iliadumque
1123 3511 1201 3566 tabor

177 3592 261 3640 vestes
278 3584 325 3638 hic
341 3583 429 3638 habet
442 3583 468 3636 V
485 3583 536 3637 nbi
550 3583 618 3652 quid
633 3584 689 3638 sibi
703 3583 790 3637 velint
804 3600 862 3637 non
873 3581 1211 3651 intellego,pra'esertim

178 3674 239 3710 cum
260 3656 379 3720 ube'fur’t
393 3657 443 3709 etc.
464 3655 503 3707 ad
520 3659 772 3729 tempusa-floruit
789 3656 940 3729 pertinere
953 3656 1111 3725 appareat,
1122 3653 1183 3707 del.
1195 3653 1230 3731 eb

165 3725 268 3774 lemme
280 3740 341 3775 eum
351 3726 578 3796 eura-pmice
586 3730 747 3790 substituit
759 3734 833 3805 edl',
844 3749 965 3790 crucem
974 3742 1132 3799 apponere
1142 3721 1248 3777 malm.
