2725 4150
218 361 283 426 612
501 356 643 413 DONATI
660 356 831 412 INTERPR.
845 356 955 413 VERG.

217 530 367 605 tegremus
381 526 463 603 quod
474 526 655 603 interposita
668 526 848 587 diviserunt:
870 526 989 587 Aeneas
1002 526 1154 586 Rutulum
1170 525 1243 588 Suc-

216 636 321 676 ronem
343 618 420 675 haut
441 616 539 676 multa
560 618 727 676 morantem
750 615 860 692 excipit
881 617 1015 676 inlatus
1038 619 1069 675 et
1091 636 1155 693 qua
1178 617 1244 677 fata

217 706 371 765 celerrima
385 705 511 765 crudum
523 705 707 784 transadigit
725 707 823 765 costas
838 708 870 764 et
883 706 973 765 cratis
987 705 1118 781 pectoris
1133 725 1243 767 ensem

217 796 267 855 hic
293 795 480 874 iungendum
504 798 551 854 est
577 813 613 853 ea
639 795 739 870 prima
765 794 880 854 ruentis
908 813 1012 873 pugna
1037 795 1104 854 loco
1133 797 1245 856 statuit

217 884 348 944 Teucros
371 886 402 944 et
425 884 483 943 erit
504 884 672 960 conpositio
694 884 808 943 directa
830 884 997 944 vorborum.
1030 885 1153 944 Turnus
1172 902 1244 958 equa
1271 901 1281 941 s

156 973 357 1035 erodendum
374 972 520 1047 Amycum
541 975 721 1046 fratremque
737 972 852 1032 Dioren
871 990 1042 1048 conpressus
1055 973 1148 1047 pedes
1165 974 1245 1034 nuru

217 1064 377 1121 uenientem
400 1062 519 1135 cuspide
542 1063 641 1136 tanqu,
668 1062 747 1121 burn
767 1080 905 1121 mucrone
926 1063 996 1136 ferit
1023 1080 1170 1135 narruque
1194 1065 1244 1123 ab

217 1152 296 1211 scisa
318 1152 444 1210 uuum
465 1152 618 1225 suspendit
640 1153 740 1225 capita
762 1156 788 1210 et
809 1152 945 1211 rorantia
967 1152 1112 1226 sanqraine
1128 1157 1245 1227 penu.-

217 1240 315 1299 multa
342 1240 390 1300 hic
418 1241 509 1299 semel
538 1240 620 1300 diota
646 1242 732 1315 sunt,
761 1240 814 1300 sed
842 1259 903 1300 non
933 1242 1025 1300 semel
1054 1240 1244 1319 accipienda,

144 1380 153 1396 ,
219 1330 329 1406 quippe
343 1330 463 1389 Turnus
478 1348 554 1407 equo
569 1329 676 1389 deiecit
687 1330 845 1406 Amycum,
859 1348 935 1407 equo
950 1329 1060 1389 deiecit
1072 1332 1103 1388 et
1117 1330 1245 1391 fratrem
1262 1351 1284 1391 u

218 1418 284 1478 eius
308 1418 435 1495 Dioren3
466 1439 538 1478 nam
564 1438 631 1478 oum
659 1418 746 1478 addit
772 1420 954 1495 fratremque
982 1418 1094 1479 Dioren
1122 1422 1154 1479 et
1183 1441 1244 1482 nan

218 1508 369 1585 significat
386 1511 488 1567 utrum
501 1508 591 1584 pedes
605 1528 645 1567 an
659 1527 749 1585 eques
763 1509 864 1583 fuerit,
878 1510 970 1568 etiam
984 1507 1096 1568 Dioren
1111 1510 1246 1570 ostendit

217 1599 338 1658 vectum
360 1597 463 1657 fuisse.
499 1616 569 1675 ergo
593 1617 670 1674 equo
695 1601 726 1657 et
748 1598 897 1657 deiectum
920 1598 967 1657 bis
994 1597 1128 1674 accipere
1156 1598 1244 1659 debe-

218 1706 298 1761 mus,
317 1686 466 1746 deiectum
484 1705 560 1764 equo
574 1687 734 1763 Amycum,
752 1686 901 1747 deiectum
919 1686 1032 1747 Dioren
1051 1706 1139 1764 equo.
1171 1689 1246 1748 ferit

219 1776 311 1835 etiam
331 1776 377 1836 bis
399 1776 648 1853 intellegendum,
671 1778 706 1834 ut
729 1778 770 1836 sit
791 1777 880 1836 illum
902 1776 973 1835 ferit
995 1777 1087 1855 longa
1110 1778 1245 1855 cuspide,
1263 1797 1286 1837 u

217 1865 306 1924 illum
327 1866 400 1924 ferit
417 1884 564 1925 mucrone.
597 1866 809 1925 ostentationis
829 1869 931 1925 autem
949 1866 1010 1925 fnit
1027 1868 1058 1924 et
1075 1867 1245 1928 incutiendi

218 1954 341 2014 terroris
366 1954 446 2030 quod
464 1973 618 2014 caesorum
639 1954 741 2031 capita
764 1955 860 2015 adhuc
878 1954 1049 2014 emittentia
1066 1957 1246 2033 sanguinem

219 2061 320 2103 secum
339 2044 457 2104 Turnus
477 2044 605 2104 vehebat
621 2045 654 2103 in
673 2063 770 2104 curru.
802 2045 851 2104 illc
870 2045 967 2105 Talon
985 2044 1163 2118 Tanainque
1180 2047 1246 2107 neci

218 2136 376 2208 fortemqrae
399 2133 565 2208 Octhcqum,
589 2135 643 2193 tris
665 2152 725 2193 anea
749 2152 916 2209 mnqressu,
945 2139 971 2193 et
991 2139 1136 2193 mustum
1157 2137 1246 2195 mittit

157 2233 209 2282 515
221 2221 325 2282 Oniten
348 2224 465 2282 nornine
489 2223 645 2282 Chuniuua
666 2225 827 2298 matrisque
842 2241 936 2298 penus
953 2224 1105 2283 Peridiae:
1127 2225 1179 2283 ille
1199 2227 1244 2284 in-
1263 2243 1288 2284 so

219 2314 287 2389 quit
305 2315 336 2371 et
353 2312 501 2371 incertum
514 2315 642 2389 putatur
659 2313 817 2389 reliquisse
835 2317 938 2373 utrum
957 2313 993 2372 de
1008 2313 1111 2372 Aenea
1130 2314 1246 2374 dictum

218 2402 358 2462 videatur
381 2421 419 2461 an
443 2402 479 2461 de
502 2403 618 2477 Turno,
648 2402 701 2461 sed
727 2421 788 2461 non
815 2406 862 2462 est
887 2402 998 2462 vitium
1020 2404 1140 2479 poetae3
1172 2423 1245 2479 nam

220 2511 255 2550 ex
275 2490 399 2569 Cethegi
417 2492 545 2566 nomine,
564 2511 653 2567 quem
672 2491 831 2551 constabat
847 2493 940 2551 fnisse
957 2491 1121 2550 Troianum
1140 2511 1244 2566 quem-

220 2599 279 2656 que
297 2580 365 2639 aliis
385 2583 500 2654 nexuit,
521 2581 652 2640 ostendit
669 2600 730 2640 non
743 2580 867 2640 Aenean
885 2600 916 2640 se
935 2580 1054 2657 dixisse,
1073 2579 1124 2642 sed
1140 2580 1244 2656 ipsum

220 2671 363 2728 Turnum.
408 2671 463 2729 tris
485 2670 581 2748 igitur
609 2689 669 2729 uno
697 2689 871 2748 congressu,
901 2672 933 2729 in
961 2671 1070 2746 quibus
1095 2667 1244 2748 Cethegus
1264 2689 1289 2730 as

219 2758 294 2833 fuit,
318 2759 481 2818 adsistente
500 2761 612 2818 virtute
631 2758 752 2835 deiecit,
774 2757 884 2818 Oniten
902 2778 985 2835 vero,
1009 2761 1065 2820 hoc
1084 2762 1130 2820 est
1143 2757 1245 2820 Onitis

220 2851 251 2907 et
268 2847 404 2907 Peridiae
422 2849 531 2924 filium,
552 2849 604 2925 qui
618 2847 744 2907 Chionio
763 2850 883 2908 nomine
902 2848 1058 2924 diceretur,
1078 2851 1245 2926 separatim

219 2936 336 2997 stravit.
365 2940 515 2996 maestum
533 2937 622 3011 dixit,
641 2936 714 3013 quia
731 2928 899 2998 incurrerat
916 2940 1012 2998 hostis
1031 2957 1153 3014 manus,
1168 2958 1244 3015 quas

219 3045 280 3085 non
297 3026 399 3102 potuit
416 3029 554 3087 evasisse.
588 3026 668 3103 quod
687 3029 733 3086 ait
749 3026 858 3101 mittit,
877 3047 937 3086 non
954 3028 993 3087 ad
1007 3025 1119 3087 Oniten
1137 3029 1245 3104 solum,

219 3116 272 3174 sed
295 3116 333 3173 ad
357 3118 453 3175 omnis
476 3117 615 3192 pertinet.
646 3117 694 3176 his
715 3119 825 3190 fratres
847 3117 943 3191 Incia
964 3118 1082 3186 rnissos,
1106 3116 1194 3194 Lycii
1215 3120 1245 3178 et
1263 3135 1289 3174 so

218 3204 369 3264 Menoetes
398 3225 433 3264 ex
459 3207 597 3281 partibus
621 3207 739 3265 Aeneae
766 3206 899 3280 fuerant,
927 3210 953 3265 et
975 3204 1125 3280 Apollinis
1148 3209 1247 3281 apris:

291 3400 307 3448 3
326 3395 492 3450 hansadicit
510 3398 606 3465 (supra
624 3397 711 3462 recte)
728 3394 761 3449 V.
836 3400 853 3447 4
870 3396 935 3449 hinc
953 3395 996 3450 ed.
1071 3400 1087 3448 ‘1
1105 3396 1245 3464 descipide

219 3483 269 3534 pro
293 3467 405 3534 cuspide
425 3466 459 3521 V.
533 3473 567 3521 10
590 3483 656 3535 equa
676 3468 773 3521 deiecit
790 3464 859 3520 etV
880 3482 932 3535 quo
950 3467 978 3520 d.
996 3473 1022 3521 et
1039 3466 1083 3521 ed.
1160 3473 1193 3521 13
1219 3475 1246 3523 et

219 3538 352 3592 deiectum
372 3536 397 3589 V
419 3544 446 3592 ct
467 3539 567 3593 deiecto
591 3537 634 3592 ed.
710 3539 914 3593 neritonum
933 3539 975 3593 bis
990 3537 1016 3590 V
1032 3538 1100 3605 ferit
1117 3539 1159 3594 bis
1177 3556 1244 3608 qua-

220 3625 270 3675 que
293 3607 335 3662 ed.
415 3615 447 3663 16
465 3609 620 3676 suitVed.
638 3610 661 3676 f.
678 3615 705 3664 et
722 3625 781 3663 nos.
859 3614 894 3663 20
916 3611 1026 3665 nomine
1049 3611 1189 3666 abundum
1216 3613 1245 3667 et

219 3678 294 3731 infra
312 3679 419 3733 chionia
433 3680 459 3734 V
473 3682 594 3736 ecbiorria
610 3680 762 3749 utrobique
778 3680 822 3734 ed.
878 3684 912 3734 30
931 3688 956 3736 et
970 3682 1110 3738 Merraetes
1128 3699 1183 3738 om.
1198 3683 1243 3739 ed.

214 3754 247 3804 31
268 3749 408 3823 appetuni
424 3752 513 3809 sacris
526 3750 562 3806 V.
