2725 4150
101 359 103 362 ’
170 338 237 404 484
455 335 596 392 ΒΟΝΑΤΙ
612 335 782 391 INTERPR.
796 335 904 395 VERG.

168 505 288 566 finitum
307 507 453 583 appareat
470 508 502 565 et
514 509 661 581 quantum
680 504 777 565 adhuc
795 506 926 582 supersit
943 507 1105 567 nesciatur.
1137 507 1197 570 boc

168 597 200 654 et
221 595 401 674 generalitas
428 597 576 672 praestat,
605 594 761 655 dicebatur
788 595 901 673 quippe
927 595 1029 657 venire
1051 596 1196 673 Teucros,

167 685 269 744 uenire
293 684 461 760 Tyrrhenos
490 687 521 744 et
547 702 607 743 non
635 684 743 744 saltem
770 685 818 744 vel
846 683 1022 746 aestimatus
1048 705 1195 749 numerus

166 773 365 849 referebatur3
394 791 465 832 nam
487 772 514 833 si
536 774 578 832 sic
601 775 775 850 poneretur:
803 772 1031 850 descenderunt,
1057 775 1195 852 inpleve-

166 866 248 938 runt,
265 863 322 922 hoc
341 862 438 922 solum
455 865 615 939 putaretur
628 863 709 939 quod
723 863 817 922 oculis
835 862 1017 925 subiacebat.
1050 866 1194 940 extemplo
1221 881 1232 922 s

166 953 277 1011 turbati
299 952 394 1011 antrat
416 969 612 1026 conaassaqae
633 952 714 1026 calpe'
732 956 852 1026 pectora
870 956 897 1013 ct
914 957 1044 1013 arrectae
1062 955 1194 1015 stimulis

166 1041 240 1100 baut
259 1041 396 1100 audreas
417 1042 496 1100 trae:
517 1042 689 1118 insperatus
707 1041 829 1101 nuntius
849 1044 971 1103 cunctos
994 1044 1079 1102 motu
1104 1043 1192 1105 var-io

166 1130 344 1207 diversoque
357 1129 505 1205 turbavit,
524 1132 628 1190 statim
645 1129 757 1208 quippe
776 1130 902 1190 confusa
919 1134 991 1191 aunt
1009 1133 1102 1208 atque
1123 1151 1192 1193 con·

166 1237 254 1279 cussa
283 1219 368 1298 uulgi
398 1221 520 1296 pectora
549 1221 703 1297 terrorque
733 1221 797 1296 ipse
827 1221 956 1298 sumpsit
985 1224 1191 1298 augmentum

165 1325 310 1368 concussa
337 1311 420 1384 sunt,
441 1308 555 1385 inquit,
583 1310 669 1387 vulgi
691 1312 826 1386 pectora3
852 1309 920 1386 plus
948 1312 995 1370 est
1017 1311 1097 1369 enim
1122 1330 1191 1372 con·
1208 1327 1229 1368 u

165 1397 228 1457 cuti
258 1417 351 1476 quam
382 1397 508 1457 turbari.
554 1401 584 1458 et
616 1401 749 1458 arrectae
779 1399 910 1458 stimulis
941 1400 1018 1460 haut
1045 1399 1190 1461 mollibus

164 1487 237 1564 irae,
256 1488 425 1547 animorum
444 1488 631 1562 perturbatio
646 1491 677 1547 et
691 1489 846 1549 concussio
860 1490 1016 1566 pectorum
1029 1487 1076 1549 ira
1090 1491 1189 1551 omnis

165 1577 350 1636 accenderat.
392 1594 478 1636 arma
499 1594 593 1635 mana
615 1577 722 1650 trepidi
739 1580 877 1650 poscant,
901 1578 1081 1638 videbantur
1105 1597 1190 1641 mma

163 1684 299 1742 poscere,
328 1664 381 1725 sed
402 1666 459 1726 hoc
486 1679 547 1724 non
574 1664 638 1724 sine
664 1665 864 1742 trepidatione
892 1667 1052 1728 faciebant.
1088 1670 1190 1741 fremit

164 1773 252 1814 arma
274 1757 422 1824 tarentas,
448 1753 556 1814 fidncia
578 1750 745 1815 iuventutis
768 1755 907 1815 nonnulli
929 1756 1131 1834 ducebantur,
1153 1760 1189 1819 ut
1205 1776 1226 1819 a

164 1843 276 1904 armari
298 1843 518 1903 contenderent.
563 1845 634 1915 fleat
654 1845 759 1903 maesti
780 1849 969 1920 mussantque
988 1850 1106 1919 patres:
1134 1847 1188 1908 hos

164 1933 244 1992 enim
271 1933 367 1992 maior
393 1932 575 2010 reipublicae
603 1932 776 1993 sollicitudo
803 1934 948 2012 tangebat
977 1937 1030 2012 qui
1054 1935 1188 2012 potiores

162 2023 195 2081 in
214 2023 338 2083 civitate
352 2023 473 2083 fuerant
490 2025 522 2082 et
535 2022 643 2100 quibus
656 2023 717 2083 fuit
730 2042 825 2102 genus
844 2042 879 2085 ac
894 2024 1064 2087 substantia
1077 2027 1188 2102 potior.

161 2112 274 2172 fiebant
296 2112 362 2188 isti,
394 2113 537 2191 quoniam
559 2131 613 2189 pro
636 2113 701 2171 loco
725 2131 780 2173 suo
802 2114 861 2190 ipsi
889 2115 1030 2192 periculis
1057 2116 1188 2191 proximi

100 2202 292 2277 raafuerant,
309 2202 370 2277 ipsi
388 2202 583 2262 detinentis.
615 2203 661 2262 bic
677 2203 807 2277 audique
825 2204 935 2263 clamor
948 2205 1084 2264 dascusa
1102 2206 1188 2265 cario
1203 2223 1228 2266 a

161 2309 288 2366 mappas
306 2308 337 2351 se
355 2292 428 2350 tollat
444 2293 477 2350 tra
491 2308 598 2351 caras:
617 2291 767 2351 dissensus
780 2293 883 2353 uarius
898 2293 959 2352 fuit
971 2292 1003 2352 in
1019 2293 1074 2353 illo
1089 2297 1188 2366 coetu,

163 2382 306 2456 quoniam
320 2380 431 2440 diversi
444 2383 551 2457 utpote
568 2383 601 2440 in
618 2380 749 2439 maxima
767 2382 960 2441 multitudine
978 2381 1103 2444 diuersis
1123 2386 1187 2444 ani·

161 2490 280 2530 morum
298 2469 429 2530 aestibus
448 2470 654 2544 movebantur,
668 2489 723 2529 nec
738 2472 840 2529 mutus
854 2470 906 2530 ille
920 2475 973 2531 aut
986 2474 1051 2532 siue
1064 2472 1188 2534 fletibus

161 2562 283 2634 patrum
300 2559 401 2618 fuerat
418 2578 548 2634 maeror,
567 2560 619 2619 sed
637 2578 672 2618 ex
685 2559 789 2618 Latini
807 2558 895 2619 domo
915 2562 1028 2620 clamor
1046 2580 1081 2621 ac
1097 2580 1187 2623 voces

161 2648 368 2708 referebantur
386 2649 425 2707 ad
444 2648 568 2708 caelum.
600 2649 673 2707 baert
695 2666 777 2708 secas
796 2652 881 2723 atque
900 2650 957 2708 alto
980 2652 1013 2708 ta
1032 2651 1095 2710 laco
1119 2669 1188 2711 eam
1204 2670 1227 2712 ss

161 2738 236 2810 forte
254 2742 386 2797 catervae
404 2738 555 2797 consedere
574 2738 675 2797 actam
689 2738 837 2812 piscosove
856 2756 942 2798 arurae
955 2740 1094 2800 Padusae
1113 2741 1189 2801 dant

160 2828 289 2886 sortitam
310 2828 396 2886 raact
414 2844 470 2901 per
492 2830 599 2901 stapaa
621 2827 756 2900 larqaacta
779 2828 875 2901 cycni:
902 2828 983 2887 facta
1007 2832 1052 2889 est
1075 2848 1187 2908 conpa-

160 2916 240 2977 ratio
269 2918 373 2977 avium
399 2916 584 2975 minutarum
611 2918 641 2973 et
668 2915 822 2992 potiorum
851 2918 1012 2976 secundum
1042 2921 1188 2980 naturam

161 3024 249 3066 suam
272 3005 497 3082 descriptarum.
537 3005 667 3064 minores
693 3006 803 3081 quippe
827 3008 991 3083 separatim
1014 3027 1045 3067 se
1066 3007 1099 3066 in
1123 3008 1188 3070 luci

162 3096 281 3157 arbores
310 3097 474 3173 congerunt
501 3098 592 3171 atque
619 3093 682 3153 illic
706 3096 856 3172 strepunt3
887 3114 1007 3172 cycnos,
1036 3099 1089 3173 qui
1112 3102 1188 3160 sunt
1204 3115 1228 3157 se

232 3300 480 3370 erepereoatarv
498 3302 607 3368 referet.
627 3317 678 3355 nos
696 3302 824 3370 reperiet.
844 3301 888 3355 ed
962 3309 977 3356 6
997 3309 1124 3371 arreptae
1143 3306 1186 3374 (et

160 3372 245 3440 infra)
272 3372 315 3426 ed.
395 3377 411 3426 9
436 3389 499 3427 cum
522 3374 560 3427 sit
579 3372 605 3425 V
629 3375 745 3441 sumpsit
769 3388 820 3427 nos
847 3374 942 3428 iunxit
968 3374 1011 3429 ed.
1037 3375 1187 3433 sabiaaait

161 3443 204 3499 ed.
230 3446 302 3513 post.
384 3450 418 3498 16
445 3446 551 3498 armari
573 3442 599 3495 V
626 3446 666 3499 -ti
693 3444 735 3498 ed.
766 3444 770 3516 Ι
804 3445 853 3499 boc
878 3446 950 3499 eadm
975 3447 1063 3500 maior
1083 3444 1109 3498 V
1133 3448 1186 3505 aaa

160 3532 174 3571 e
208 3534 242 3571 m.
269 3532 320 3569 nos
346 3516 413 3570 baec
437 3531 459 3570 c.
484 3516 602 3571 maiores
628 3516 671 3570 ed.
760 3520 793 3569 19
821 3518 951 3585 pacatam
974 3516 1000 3570 V
1025 3534 1109 3586 qaam
1137 3518 1183 3575 ed.

161 3590 195 3641 20
213 3589 327 3655 fuerunt
344 3588 400 3656 ipsi
417 3585 443 3640 V
461 3593 548 3641 essent
565 3594 645 3656 atque
663 3586 707 3641 ed.
785 3592 818 3640 22
917 3589 974 3642 iam
990 3587 1016 3641 V
1034 3605 1118 3657 qaam
1137 3589 1183 3645 ed.

161 3663 195 3711 23
229 3665 400 3785 macnengar
433 3658 476 3712 ed.
568 3664 601 3713 25
632 3658 821 3726 referebantur
904 3659 947 3714 ed.
980 3660 1183 3727 efferebantur?

156 3736 193 3786 30
211 3732 373 3788 arboreo.
