2725 4150
549 321 734 378 AENamos
749 320 800 376 VII
1141 324 1183 389 41

162 513 234 571 ergo
262 493 366 552 oculos
393 490 520 552 Latinus
547 491 655 550 babuit
681 494 712 550 et
742 491 837 551 solam
868 493 980 550 terram
1010 491 1188 550 intuebatur

161 602 223 642 non
246 581 439 642 considerans
462 581 530 658 quis
549 582 604 640 aut
622 599 700 657 quae
719 580 891 657 obtulisset3
909 600 969 640 non
989 582 1069 640 enim
1086 600 1187 660 regem

161 671 249 732 rebus
270 671 407 731 omnibus
425 670 642 730 redundantem
660 673 818 730 moverant
835 689 967 744 munera,
982 689 1072 747 quem
1087 671 1189 746 potior

161 779 254 821 causa
280 760 313 819 in
341 761 432 820 aliam
461 761 588 820 duxerat
613 763 740 836 partem.
786 758 940 838 cogitabat
965 759 1076 836 quippe
1104 778 1188 837 spem

129 867 142 907 s
161 849 382 911 coniunctionis
404 850 510 909 unicae
531 849 612 908 filiae
635 851 666 908 et
689 848 752 909 eius
774 868 850 924 quae
868 851 938 924 post
956 848 1100 908 orbitates
1119 850 1187 926 plu·

160 941 254 999 rimas
287 939 352 999 sola
382 941 538 1016 supererat
569 939 642 998 seni.
699 937 907 998 considerabat
938 941 1079 1015 portenta
1111 957 1187 1015 quae

160 1028 282 1088 viderat
307 1028 340 1087 in
367 1029 501 1088 examine
529 1047 634 1104 apum,
661 1028 694 1086 in
718 1029 816 1104 capite
840 1046 959 1104 quoque
981 1029 1076 1104 ipsius
1098 1027 1188 1103 filiae,

162 1118 243 1194 quod
265 1118 405 1178 innoxius
427 1117 507 1195 ignis
529 1117 695 1193 invaserat,
717 1118 854 1177 flammas
877 1135 999 1178 errasse.
1035 1116 1188 1177 tractabat

162 1207 241 1268 vatis
265 1226 386 1284 quoque
410 1208 604 1281 sententiam,
627 1207 681 1283 qui
704 1206 821 1266 dixerat
843 1209 1022 1281 „externum
1039 1207 1187 1267 cernimus

116 1314 142 1352 10
162 1296 325 1357 adventare
352 1296 452 1355 virum
479 1298 510 1355 et
526 1295 629 1372 partis
650 1298 753 1373 petere
777 1315 884 1373 agmen
908 1296 1026 1355 easdem
1049 1296 1187 1373 partibus

162 1405 197 1446 ex
219 1385 315 1445 isdem
339 1388 370 1444 et
392 1404 510 1444 summa
530 1384 713 1445 dominarier
731 1384 825 1444 aroe.“
861 1403 922 1443 non
940 1385 1039 1444 minus
1058 1404 1187 1445 commo·

161 1476 274 1535 nebant
295 1474 391 1552 patris
415 1474 515 1533 Fauni
536 1493 694 1551 responsa,
717 1473 770 1550 qui
792 1474 941 1533 cecinerat
964 1493 1023 1549 „ne
1048 1477 1116 1551 pete
1139 1494 1187 1534 co·

162 1564 263 1624 nubiis
292 1567 398 1624 natam
420 1564 533 1624 sociare
562 1562 694 1638 Latinis,
717 1581 735 1622 o
757 1583 826 1623 mea
852 1563 1021 1641 progenies,
1044 1563 1187 1623 thalamis

162 1674 222 1714 neu
251 1653 337 1713 crede
366 1654 495 1730 paratis,
524 1655 639 1712 externi
667 1654 790 1712 venient
819 1652 933 1730 generi,
962 1653 1014 1728 qui
1041 1653 1187 1730 sanguine

118 1761 144 1799 rs
162 1747 300 1802 nostrum
317 1761 425 1802 nomen
445 1742 478 1800 in
497 1745 579 1802 astra
597 1740 723 1802 ferant.“
759 1743 875 1801 interea
894 1761 961 1802 cum
978 1743 1011 1800 in
1029 1761 1090 1800 uno
1109 1745 1187 1801 esset

162 1833 265 1892 vultus
296 1833 418 1906 obtutu,
448 1851 517 1890 cum
546 1832 644 1898 solum
673 1832 882 1891 tantummodo
911 1833 1090 1906 intueretur,
1118 1850 1186 1890 oum

162 1923 309 1982 tractaret
331 1922 519 1981 commodum
541 1921 635 1994 filiae,
658 1940 726 1980 cum
746 1924 887 1998 portenta
906 1940 941 1980 ac
958 1940 1102 1998 responsa
1120 1941 1187 1998 per·

162 2011 318 2089 penderet,
347 2010 553 2070 arbitrabatur
588 2011 666 2069 banc
695 2011 780 2069 tilam
805 2012 879 2085 fatis
906 2015 1026 2070 estmoe
1055 2012 1093 2071 ab
1121 2012 1249 2070 sedeate

159 2103 324 2175 profectura
350 2101 491 2173 portendt
519 2118 659 2176 penarum
686 2102 869 2175 paribusque
900 2102 932 2160 ic
964 2119 1057 2176 regna
1087 2103 1188 2161 cocart

116 2206 144 2244 ao
162 2192 318 2264 auspiciis,
341 2191 410 2249 tcto
427 2191 596 2264 progentem
616 2190 721 2249 cincto
738 2191 873 2263 suturam
892 2192 1037 2265 acceptam
1055 2195 1081 2251 ct
1098 2195 1188 2250 totum

162 2298 237 2354 ocae
259 2281 374 2339 viribus
396 2284 513 2352 occupet
534 2280 640 2338 orbeca
689 2279 789 2338 omnia
812 2300 888 2356 quae
912 2281 1081 2339 cecinerant
1101 2284 1187 2340 vates

162 2373 193 2429 et
216 2388 294 2445 quae
318 2368 478 2428 condolens
499 2369 696 2444 responderat
718 2368 839 2428 Faunus
867 2369 1063 2428 occurrebant
1084 2368 1188 2428 Latini

160 2457 344 2518 tractatibus
367 2477 421 2517 nec
443 2458 542 2516 inanis
566 2457 647 2534 apud
670 2478 739 2518 eum
761 2459 910 2518 sententia
927 2457 988 2516 fuit
1005 2458 1106 2534 ipsum
1124 2476 1187 2518 esse

162 2550 332 2623 externum,
361 2547 462 2623 ipsum
490 2566 644 2626 generum,
674 2549 775 2624 ipsum
802 2548 854 2623 qui
880 2566 928 2606 res
950 2546 1046 2606 Italas
1068 2547 1188 2607 florenti

118 2652 143 2691 as
161 2637 306 2716 progenie
335 2638 367 2695 in
396 2636 540 2696 maiorem
568 2657 728 2696 numerum
756 2638 864 2696 fuisset
893 2639 1048 2711 aucturus,
1071 2654 1187 2713 posses·

162 2745 249 2787 surus
287 2745 407 2803 quoque
444 2726 523 2785 orbis
555 2726 716 2803 imperium
748 2727 880 2803 corporis
913 2726 1004 2785 simul
1035 2727 1188 2803 animique

161 2818 285 2875 virtute.
321 2815 439 2874 tandm
462 2816 555 2874 lactas
579 2817 635 2875 ait:
661 2833 753 2892 supra
772 2816 847 2875 dixit
865 2814 994 2875 obducto
1013 2835 1080 2875 eum
1098 2817 1189 2877 vultu

162 2906 270 2979 fuisse,
298 2923 368 2964 cum
397 2903 556 2982 cogitaret,
584 2903 691 2963 dehine
713 2907 827 2980 tumen,
850 2924 918 2964 cum
941 2907 1060 2983 optatos
1085 2925 1120 2966 aa
1144 2926 1187 2966 se·

162 2995 277 3055 cundos
300 2994 398 3053 exitus
420 2995 611 3070 repperisset,
635 2994 767 3054 ostendit
788 2995 903 3054 laetum
924 2996 1087 3071 protulisse
1111 3015 1187 3072 quae

119 3098 144 3137 ⁸⁰
162 3083 311 3144 volvendo
339 3084 526 3143 discusserat.
571 3083 695 3143 tandem
723 3083 803 3160 quod
830 3086 888 3160 ait,
910 3086 1091 3144 monstravit
1117 3104 1187 3143 eum

162 3174 215 3233 diu
247 3173 280 3233 in
311 3173 491 3232 tractatibus
522 3173 720 3249 inmoratum3
750 3175 783 3232 in
814 3192 905 3233 causa
934 3174 1014 3233 enim
1043 3173 1100 3232 tali
1127 3192 1187 3233 non

162 3262 284 3323 deberet
306 3263 434 3321 inveniri
456 3280 683 3339 praeproperus.
726 3264 824 3323 laetus
848 3263 929 3339 ideo,
952 3264 1023 3340 quia
1046 3262 1189 3339 sperabat

237 3503 378 3573 tquiaV
396 3506 445 3573 qui
463 3504 506 3558 ed.
568 3504 712 3560 'ludebat
729 3504 755 3560 V
774 3505 817 3559 ed.
880 3508 914 3557 20
932 3504 997 3558 becio
1014 3501 1040 3555 V
1059 3504 1123 3559 bico
1142 3504 1185 3558 ed.

165 3581 199 3629 22
222 3575 396 3645 responderet
412 3575 438 3629 V
462 3576 556 3629 -dcrat
583 3593 633 3629 nos
663 3578 764 3632 -dc'ssct
785 3576 830 3631 ed.
902 3580 937 3630 23
959 3574 1187 3631 trementem

166 3663 233 3701 corr.
253 3647 295 3699 ed,
366 3651 403 3699 26
418 3648 575 3717 propensos
596 3651 703 3709 maiore
725 3647 919 3711 uucaerumV
946 3648 1083 3723 progenie
1103 3649 1216 3702 cautere

155 3731 265 3767 '‘W‘’
280 3715 350 3767 ‘iffi
425 3723 463 3771 32
472 3736 689 3796 praeproperos
707 3725 735 3784 V
757 3744 848 3786 -rous
867 3724 919 3783 ed.
