2725 4150
558 335 800 391 nuunmosrx
1123 339 1189 406 205

168 502 261 564 sunt?
297 504 367 563 huic
394 522 430 563 ex
457 504 574 564 occulto
600 504 757 582 respondit
784 504 884 564 dicens
910 509 951 564 iot
971 505 1069 575 milia,
1091 511 1190 580 pentes

168 610 256 652 arma
277 593 379 666 ferum
394 593 507 652 Italae:
529 594 609 653 huuc
631 594 731 654 locum
753 613 820 654 cum
843 595 1086 672 pronuntiamus,
1105 613 1189 672 sepa·

167 702 234 742 rare
267 681 407 742 debemus
438 685 487 742 tot
514 683 613 758 milia,
645 701 784 760 separare
814 685 931 762 gentes,
962 702 999 742 ue
1029 684 1190 744 coniuncta

167 772 277 831 vitium
303 772 431 847 faciant,
458 772 485 831 si
507 771 641 833 dicamus
667 775 716 832 tot
743 773 830 832 milia
857 776 973 851 gentes,
1001 773 1190 850 separatione

136 878 238 920 overo
261 860 344 920 facta
366 879 427 920 non
450 862 541 920 semel
562 862 771 940 intellegamus
794 863 928 938 positum
949 864 1009 936 tot,
1031 864 1067 921 ut
1085 863 1125 922 sit
1142 865 1190 923 tot

167 949 266 1024 milia,
289 952 337 1009 tot
354 952 458 1028 gentes
477 969 561 1011 arma
579 951 689 1011 ferunt.
726 951 807 1028 quod
824 952 925 1029 ipsum
942 953 986 1011 sio
1003 951 1191 1031 intellegitur

167 1039 306 1117 posuisse
330 1043 422 1116 atque
445 1039 568 1116 dixisse,
590 1042 626 1100 ut
649 1039 799 1100 adsereret
816 1059 848 1101 se
870 1059 925 1100 neo
947 1040 1024 1100 illud
1046 1044 1189 1118 metuere,

168 1128 252 1207 quod
274 1147 342 1188 cum
366 1128 486 1188 auxiliis
504 1129 623 1188 Aeneas
645 1128 823 1206 sperabatur
846 1148 909 1189 esse
931 1133 1085 1193 ventums.
1119 1131 1189 1192 hine

166 1217 279 1278 trmsit
309 1217 348 1278 ad
375 1218 469 1277 aliam
495 1219 716 1295 -quaestionem3
746 1220 848 1296 potuit
876 1218 956 1278 euim
987 1218 1047 1279 diei
1076 1221 1189 1280 frustra

122 1324 149 1364 ro
168 1306 375 1366 contendimus
407 1309 512 1367 contra
543 1326 593 1367 eos
626 1307 679 1384 qui
708 1308 766 1368 diis
796 1311 826 1368 et
851 1309 924 1368 fatis
951 1308 1122 1370 volentibus
1150 1309 1189 1369 ad

166 1396 293 1456 Italiam
316 1398 471 1456 venerunt
507 1396 553 1457 ait
573 1398 639 1474 ipse
665 1397 710 1455 nil
731 1414 777 1456 me
799 1398 909 1471 fetalia
936 1401 1055 1468 terreni,
1080 1399 1107 1458 si
1130 1417 1190 1472 quc

167 1486 297 1560 Phrypes
318 1502 396 1559 pree
422 1502 454 1545 ee
480 1487 604 1556 iccium,
633 1501 778 1560 responsa
806 1487 941 1546 deorum:
969 1506 1024 1546 nec
1050 1487 1106 1546 illa
1132 1508 1189 1563 mc,

166 1575 281 1651 inquit,
302 1577 418 1634 terrent
440 1574 563 1635 deorum
584 1576 729 1652 respousa
747 1595 824 1652 quae
847 1595 915 1636 cum
932 1576 1066 1635 fatorum
1084 1576 1188 1636 volun-

166 1666 232 1724 tate
254 1683 286 1723 se
308 1663 452 1724 meruisse
475 1664 658 1743 confingunt.
694 1664 829 1744 Phryges
847 1684 902 1744 pro
922 1666 1054 1726 convicio
1073 1667 1189 1741 posuit:

121 1768 148 1808 rs
166 1772 229 1812 non
242 1754 322 1813 enim
335 1754 437 1831 potuit
453 1754 549 1814 hostis
563 1772 634 1813 suos
647 1755 712 1814 sine
725 1754 838 1815 iniuria
856 1756 1019 1815 nominare.
1051 1758 1100 1814 sai
1116 1756 1189 1828 faiis
1200 1763 1250 1813 135

172 1843 334 1918 Venerique
360 1843 463 1902 damn
489 1847 543 1913 est,
571 1844 685 1918 ieiipere
708 1844 785 1917 quod
807 1862 883 1903 arca
906 1845 1014 1917 fertilis
1035 1842 1189 1904 Aesoniae

168 1931 274 1991 Troes:
296 1932 395 1991 noluit
414 1931 499 1992 ineo
518 1951 722 2009 perseverare,
746 1932 826 2009 quod
845 1933 881 1992 de
898 1933 1048 2010 responsis
1068 1937 1098 1994 et
1116 1933 1188 1994 fatis

167 2021 292 2081 Troiani
313 2023 525 2096 mentirentur,
547 2021 600 2082 sed
622 2022 696 2082 haec
719 2042 774 2100 pro
797 2023 876 2083 veris
899 2023 1037 2084 conlocat
1059 2026 1090 2084 et
1111 2025 1188 2084 tam·

167 2129 261 2186 quam
278 2130 351 2170 vera
373 2110 518 2172 dissolvit.
555 2131 617 2172 nou
634 2113 704 2188 hoo,
722 2115 835 2190 inquit,
853 2114 952 2173 solum
970 2113 1088 2189 adsero,
1108 2114 1189 2191 quod

120 2214 148 2255 ao
167 2200 291 2259 liciani
313 2203 509 2276 mentiantur,
537 2202 637 2261 soluta
659 2203 722 2261 iam
745 2205 827 2277 sunt,
850 2204 908 2263 etsi
930 2223 1002 2262 vera
1022 2203 1188 2263 iactanturt

166 2289 333 2367 tetigerunt
354 2290 490 2366 Italiam,
513 2290 588 2366 quid
616 2290 745 2369 amplius
773 2291 943 2369 quaerunt?
981 2293 1054 2352 satis
1077 2293 1189 2352 Veneri

168 2379 283 2438 facturn
310 2381 356 2438 est
383 2383 413 2439 et
439 2380 561 2438 illorum
588 2381 654 2440 fata
677 2382 816 2458 conpleta
839 2384 917 2440 sunt.
955 2381 1047 2440 aliam
1069 2384 1188 2457 partem

167 2467 373 2545 dispositionis
397 2470 530 2528 fatorum
551 2488 821 2547 responsorumque
839 2469 1021 2545 divinorum,
1045 2469 1188 2546 quoniam

168 2558 319 2616 destruere
341 2577 402 2618 non
420 2558 554 2635 valebat,
578 2560 692 2635 omisit,
715 2560 829 2618 scilicet
846 2560 927 2635 quod
948 2558 1009 2619 illis
1033 2562 1063 2617 et
1085 2559 1187 2618 venire

120 2660 148 2700 as
166 2646 200 2704 in
222 2645 344 2705 Italiam
367 2648 452 2705 etin
475 2666 510 2707 ea
532 2667 656 2726 regnare
679 2646 843 2710 deberetur.
879 2647 989 2706 idcirco
1013 2646 1090 2707 dixit
1108 2651 1188 2707 uerte

168 2734 331 2795 debebatur
353 2736 492 2796 Troianis
519 2737 620 2797 videre
647 2737 784 2810 Italiam,
811 2737 925 2796 factum
952 2739 1084 2812 constat,
1110 2736 1188 2798 nihil

167 2824 230 2883 iam
256 2828 376 2902 praeter
398 2845 500 2886 eorum
523 2826 649 2885 exilium
670 2828 816 2902 superest.
855 2830 926 2885 sani
947 2830 974 2885 ci
995 2844 1062 2886 mea
1086 2830 1188 2887 contra

166 2915 234 2986 faia
255 2915 342 2973 miti:
371 2915 458 2990 fatis,
484 2915 597 2992 inquit,
619 2914 741 2975 illorum
765 2934 883 2993 oppono
912 2916 1004 2975 etiam
1031 2917 1094 2992 ipse
1122 2916 1188 2975 fata

166 3021 246 3062 mea:
269 3022 330 3062 nou
353 3004 433 3063 enim
455 3004 527 3064 solia
550 3006 622 3064 licet
643 3004 761 3065 habere.
797 3006 897 3064 fatum
919 3005 978 3063 luit
999 3006 1134 3081 ipsorum
1152 3007 1188 3064 ut

121 3106 148 3145 eo
166 3095 263 3151 terras
276 3091 384 3152 Italias
397 3087 564 3172 tangerent,
581 3094 677 3155 habeo
697 3095 806 3171 etipse
826 3093 957 3153 debitam
974 3094 1048 3153 meis
1067 3094 1187 3153 virtuti·

166 3180 222 3241 bus
238 3184 369 3257 partem,
387 3184 467 3255 ferro
483 3184 654 3244 sceleratam
670 3184 820 3243 excindere
835 3187 949 3257 pentem
966 3184 1085 3257 conicpe
1097 3200 1188 3258 prae-

165 3274 264 3344 repta:
282 3271 441 3348 effundam,
459 3272 569 3350 inquit,
588 3274 798 3333 sceleratorum
817 3272 992 3351 sanguinem
1005 3272 1187 3349 repetiturus

240 3445 273 3494 13
292 3441 497 3496 demumVed
512 3443 624 3498 deorum
638 3459 697 3497 nos
740 3413 782 3497 '15
801 3449 856 3497 siat
872 3459 923 3511 pro
942 3441 1070 3497 sat.Don
1084 3440 1187 3511 legisse

165 3514 272 3566 temere
300 3529 375 3581 susp
399 3513 536 3582 Hoppius
622 3518 657 3567 20
689 3514 736 3568 sed
768 3516 835 3568 aute
860 3515 951 3569 soleta
982 3512 1113 3581 iuter-pol.
1112 3460 1186 3568 glad

166 3588 199 3636 21
219 3584 290 3638 satia
302 3583 328 3637 V
345 3585 414 3651 faiae
432 3585 475 3639 ed.
497 3585 500 3657 l
523 3601 649 3639 venerare
645 3584 688 3638 'V
708 3586 806 3641 Veneri
824 3602 874 3639 uos
894 3586 1044 3654 Venerique
1061 3586 1130 3639 dori,
1146 3584 1197 3636 ed

166 3657 353 3778 {amad
363 3661 398 3709 ²⁶
410 3656 551 3715 mmm
567 3659 675 3715 temere
693 3660 766 3716 mut
781 3659 828 3717 ee
889 3664 925 3715 eo
944 3658 1047 3715 testeos
1061 3658 1104 3710 ne
1117 3661 1153 3720 e
1152 3658 1219 3704 res

310 3740 326 3777 θ
