2725 4150
559 335 810 391 anuumosvu
1153 339 1194 406 91

174 505 284 584 quibus
308 504 385 564 caeli
407 504 544 581 pertibus
567 507 773 579 morarentur,
796 504 872 564 dixit
895 506 925 564 et
948 505 1068 582 quando
1087 505 1198 568 existet

172 597 239 672 ipse
252 613 332 670 mos,
350 593 506 673 subiungit
519 595 612 654 etiam
629 593 722 654 moris
740 593 836 671 ipsius
849 595 950 654 ritum.
982 599 1052 654 suat
1062 597 1198 670 qemiaae

173 684 242 744 beili
260 688 377 758 portae,
400 685 444 742 eie
465 685 582 743 nomiae
604 684 720 742 diurni:
742 682 833 759 duae,
851 683 965 761 inquit,
986 687 1093 761 portae
1116 689 1196 761 sunt,

171 775 231 834 hae
254 773 326 850 quia
348 772 420 832 belli
442 775 577 849 tempore
598 773 809 833 tantummodo
828 775 1008 849 reserantur,
1026 773 1195 849 appellatae

138 866 246 923 esunt
281 862 355 921 belli
385 864 499 939 portae.
543 862 682 937 reiiyione
718 879 823 921 sacrae
859 866 886 922 ei
920 863 1002 922 caeci
1036 863 1196 936 formidine

171 952 301 1011 Martis:
332 970 401 1011 oum
432 949 515 1011 omni
544 951 691 1030 religione
722 951 872 1011 habentur
900 953 1024 1029 propter
1050 951 1195 1012 Martium

171 1060 291 1100 numen.
330 1044 443 1102 aarum
468 1041 547 1099 aerei
564 1040 708 1100 cicadam
725 1045 830 1100 caree:
853 1040 937 1100 dedit
959 1042 1098 1103 claustris
1120 1041 1195 1118 ipsis

171 1131 318 1190 maiorem
335 1131 398 1190 vim
421 1148 440 1189 a
463 1148 585 1189 numero
609 1129 806 1208 etqualitate
827 1131 981 1190 materiae.
1020 1135 1195 1205 aeternaque

170 1221 247 1293 ferri
268 1221 390 1279 robora:
417 1219 524 1279 crescit
545 1218 589 1277 rei
606 1219 705 1296 ipsius
727 1223 936 1297 augmentum,
964 1239 1072 1281 aeneos
1095 1223 1194 1281 vectes
1205 1230 1257 1281 610

122 1324 153 1364 ιο
171 1308 260 1384 dicit,
283 1310 376 1369 etiam
404 1307 560 1368 roboribus
589 1306 693 1369 ferreis
720 1311 823 1385 portas
850 1310 933 1385 ipses
961 1310 1076 1369 clausas
1102 1313 1195 1387 atque

170 1398 315 1458 limatae
360 1415 414 1457 aec
442 1401 538 1456 cados
564 1398 680 1456 abradi
709 1397 809 1457 limiae
837 1398 950 1457 Iaaae:
980 1399 1118 1459 omnibus
1146 1400 1195 1460 his

171 1488 372 1547 claustrorum
407 1487 604 1547 fimamentis
636 1485 758 1546 additus
791 1505 852 1546 non
885 1486 968 1547 deest
998 1486 1104 1562 Ianus,
1142 1488 1195 1566 qui

170 1577 293 1655 gemina
321 1577 420 1635 fronte
446 1575 688 1652 circumspiciens
718 1577 820 1636 omnia
849 1595 909 1636 non
936 1577 1054 1652 patitur
1083 1577 1193 1637 furoris

170 1668 203 1725 et
225 1666 371 1726 scelerum
392 1664 499 1726 ianuas
521 1667 633 1724 temere
655 1664 790 1725 reserari.
835 1665 903 1735 bas,
931 1667 983 1725 adi
1011 1669 1089 1724 certa
1116 1666 1195 1725 redet

121 1769 150 1811 ro
164 1756 307 1829 patribus
320 1755 463 1814 scatentia
470 1771 605 1829 paenae
623 1754 677 1813 ubi
690 1753 828 1830 patribus
842 1773 902 1814 uno
918 1773 1062 1815 consensu
1080 1754 1193 1813 bellum

170 1843 237 1922 geri
249 1844 399 1920 placuerit
412 1845 443 1903 et
456 1845 590 1903 omnium
603 1843 697 1903 fuerit
711 1844 770 1904 fixa
789 1845 947 1919 sententie,
964 1846 1028 1918 ipse
1043 1843 1194 1919 Quirinali

169 1934 273 1992 trabea
295 1934 445 2008 cinctaque
473 1932 590 1993 Gabino
617 1933 745 2007 iaeianie
771 1938 884 1993 reserat
908 1934 1063 1993 stridentia
1088 1934 1194 1993 limina

170 2022 287 2082 coaeai:
316 2022 401 2082 cultu
426 2022 589 2082 Romuleae
616 2021 708 2083 vestis
736 2025 767 2083 et
794 2020 906 2083 Gabini
934 2022 1034 2085 cinctu
1064 2024 1192 2102 insignis

169 2112 274 2172 consul
298 2112 406 2171 harum
434 2115 592 2188 portarum
620 2115 736 2172 reserat
764 2112 853 2173 fores.
898 2113 1058 2173 stridentia
1087 2114 1194 2173 limina

118 2203 286 2278 reposuit,
309 2203 344 2260 ut
366 2202 399 2260 iu
420 2200 488 2278 ipsa
513 2220 634 2280 quoque
659 2202 862 2279 patefactione
884 2203 1043 2263 valvarum
1063 2221 1192 2281 magnus

169 2291 282 2350 stridor
294 2309 429 2351 serarum
441 2290 551 2351 missus
565 2293 677 2350 terreat
695 2290 854 2351 audientis.
881 2293 944 2365 arec
961 2295 1045 2351 coeat
1057 2310 1193 2367 marrae:

167 2381 249 2439 idem
279 2381 344 2457 ipse
374 2381 479 2441 consul
508 2398 579 2440 voce
610 2398 667 2439 sua
696 2382 785 2441 vocat
809 2399 941 2458 pugnas,
973 2381 1030 2440 hoc
1061 2383 1108 2440 est
1139 2380 1193 2440 dat

167 2470 329 2530 iuvenibus
347 2468 504 2548 pugnandi
520 2471 710 2545 potestatem.
747 2470 878 2542 sequitur
895 2473 957 2527 trra
976 2473 1069 2528 cetera
1081 2470 1192 2543 pater:

168 2578 237 2619 cum
261 2559 314 2618 ille
338 2559 519 2635 permiserit,
545 2560 681 2633 sequitur
705 2558 868 2617 multitudo
895 2559 990 2617 omnis
1016 2560 1046 2617 et
1069 2576 1191 2618 consen-

118 2662 148 2703 25
166 2668 235 2709 sum
258 2647 428 2708 commodet
453 2649 619 2724 imperatis.
659 2650 761 2725 potest
789 2650 819 2707 et
843 2646 898 2722 sic,
922 2650 958 2706 ut
978 2647 1118 2707 iuventus
1143 2665 1190 2706 ac·

167 2740 256 2813 cepta
281 2740 432 2813 potestate
460 2736 616 2815 pugnandi
643 2739 743 2796 cetera
766 2755 844 2812 quae
869 2738 940 2795 sunt
962 2735 1047 2811 belli,
1070 2739 1105 2795 ut
1127 2754 1190 2797 sese

166 2826 333 2900 rettulerit,
361 2830 512 2902 sequatur.
558 2843 700 2901 aereaque
728 2826 857 2885 adsensa
884 2826 1055 2899 conspirarit
1079 2843 1191 2886 coraaa
1200 2834 1253 2885 615

165 2934 272 2975 raaco:
296 2917 438 2976 continuo
457 2918 488 2975 et
502 2918 608 2976 cantus
621 2914 722 2974 bellici
736 2915 830 2975 aereis
845 2914 985 2974 cornibus
1001 2915 1189 2976 emittuntur.

165 3006 218 3065 boc
241 3009 268 3064 ei
290 3009 353 3064 tam
373 3004 526 3064 Aeneadis
547 3006 676 3064 indicere
697 3004 773 3063 delia
790 3003 922 3063 Latinas
938 3021 1018 3064 more
1035 3006 1191 3065 iubebatur

117 3106 147 3146 ³0
166 3095 315 3169 tristisque
332 3095 481 3154 recludere
494 3098 614 3169 portae:
636 3093 799 3153 secundum
815 3096 947 3153 veterem
964 3093 1060 3173 igitur
1077 3113 1190 3153 morem

257 3230 407 3284 taomiaa
420 3228 454 3282 V.
509 3228 682 3284 thacVae
697 3228 740 3283 ed.
757 3229 809 3283 bae
824 3244 884 3284 noe.
940 3226 1190 3297 9aaprueatamV

165 3318 280 3371 aream·
295 3300 338 3354 ed.
356 3300 360 3372 l
376 3299 507 3355 aeaeoaV
521 3317 612 3356 aereos
625 3301 669 3355 ed.
715 3306 748 3353 14
762 3306 837 3370 pcata
849 3316 901 3369 pro
915 3305 989 3354 certa
997 3298 1031 3352 V.
1076 3304 1109 3352 16
1124 3300 1189 3366 pla·

164 3372 398 3438 ruerat—faarai
415 3372 458 3427 ed.
515 3377 548 3425 18
566 3373 664 3441 patiri
676 3371 703 3424 V
717 3371 760 3425 ed.
776 3374 805 3441 (a
820 3370 994 3424 nominativo
1010 3368 1189 3438 Gabinumt).

165 3448 199 3496 21
219 3443 348 3498 stridoris
365 3459 455 3499 errore
472 3445 572 3498 missae
590 3441 616 3497 V
634 3442 688 3497 adl
705 3448 753 3498 sir.
771 3449 857 3497 terror
874 3443 988 3496 emissae
1006 3440 1068 3495 edF
1086 3441 1190 3495 uirida

163 3531 290 3569 aerarum
308 3532 343 3569 ra.
362 3531 421 3568 nos.
486 3520 520 3568 23
539 3521 597 3569 tam
615 3513 641 3567 V
659 3529 737 3582 quem
756 3513 799 3567 ed.
865 3517 898 3567 25
914 3518 1004 3581 pateat
1019 3510 1045 3563 V
1062 3513 1190 3568 omuibus

164 3585 209 3641 ed.
245 3586 249 3658 l
283 3591 315 3640 at
338 3602 391 3639 om.
412 3586 456 3641 ed.
529 3591 564 3639 26
587 3591 675 3640 cerem
695 3583 721 3638 V
744 3585 782 3640 ad
804 3590 845 3640 a?
877 3584 885 3655 l
914 3582 1096 3654 qaoaruatV
1126 3600 1201 3651 qaue

162 3664 230 3713 sant
250 3673 307 3710 noa
380 3662 418 3710 27
436 3658 586 3714 retuleram
606 3656 632 3714 V
654 3658 712 3716 ·rit
734 3675 788 3715 nos
813 3660 883 3733 (sese
905 3656 1003 3716 rarat.
1018 3655 1044 3711 i.
1057 3672 1086 3710 e.
1102 3651 1220 3718 eous&

152 3726 322 3778 aar-terrai
344 3728 450 3783 temere
467 3734 539 3788 mut.
561 3732 607 3790 ed.
631 3732 636 3809 l
657 3735 790 3808 sequitur
813 3734 860 3793 ed.
881 3732 893 3810 l
912 3727 1095 3805 ucreqaeV·
