2725 4150
206 346 271 412 164
347 294 352 306 ·
487 342 628 399 DONATI
645 342 815 397 INTERPR.
830 340 940 398 VERG.

203 513 282 571 unde
311 511 463 589 Lycaeum
491 512 593 570 ferrmt
622 510 769 586 extitisse,
799 512 884 571 cuius
915 531 951 571 ex
978 530 1061 571 more
1092 511 1227 571 cultores

204 620 290 662 sacra
307 602 472 661 reddebant
484 600 593 675 Panos,
611 602 692 660 unde
710 599 859 678 singulari
876 619 998 659 numero
1014 600 1080 658 Pan
1098 599 1227 677 dicitnr,

142 692 258 751 alchos
282 694 361 750 enim
384 689 516 750 Arcades
539 690 704 766 plurimum
727 691 917 749 venerantur.
953 706 1006 749 ccc
1022 706 1083 748 noo
1101 693 1128 749 et
1144 691 1228 748 saort

203 785 347 841 monstrat
372 797 476 839 cemus
498 777 624 853 Argileti
650 782 830 854 testaturque
856 779 951 838 locum
977 782 1003 837 et
1030 779 1118 838 tetum
1145 778 1229 838 docet

203 871 326 943 hospitis
343 868 434 944 Arpi:
456 867 638 928 monstravit
659 868 761 926 lucum
783 869 894 944 inquo
917 867 1031 928 occisus
1051 869 1097 928 est
1113 865 1226 946 Argus.
1260 881 1272 923 s

204 978 296 1034 sacer,
317 959 374 1017 hoc
396 960 443 1017 est
465 956 593 1017 crudelis
618 960 648 1016 et
669 957 825 1033 pessimus,
847 956 926 1017 unde
950 958 980 1015 et
998 956 1100 1035 „ignis
1118 954 1227 1016 sacer“

204 1042 264 1130 (ge.
280 1049 310 1122 3,
330 1038 409 1128 566)
440 1047 552 1106 dicitur
573 1046 696 1106 morbus
719 1047 773 1122 qui
794 1046 946 1105 hominem
968 1046 1136 1122 perniciose
1157 1065 1227 1122 per-

204 1136 349 1213 sequitur,
371 1135 451 1195 unde
470 1137 501 1196 et
519 1135 609 1211 „auri
628 1154 714 1196 sacra
731 1134 849 1196 fames“
868 1133 913 1215 (3,
929 1127 986 1217 57)
1004 1135 1061 1194 hoc
1080 1138 1127 1194 est
1144 1133 1227 1195 deto-

203 1224 320 1286 stauda.
357 1226 453 1285 letum
476 1228 577 1284 autem
598 1225 693 1302 ipsius
712 1224 789 1304 Argi
811 1226 842 1284 et
863 1225 918 1283 leti
936 1243 1058 1284 causam
1076 1223 1228 1284 referebat

202 1314 353 1389 Euander,
368 1314 518 1392 quomodo
532 1314 633 1392 Argus
652 1334 688 1373 ex
705 1314 824 1390 hospite
838 1314 990 1391 professus
1005 1313 1046 1373 sit
1058 1313 1227 1389 inimicum,
1246 1329 1272 1369 ro

202 1422 257 1464 nee
279 1404 405 1463 eundem
427 1402 603 1464 Euandrum
626 1402 760 1480 pudebat
786 1403 914 1480 hospitis
938 1402 1060 1462 auribus
1083 1403 1227 1463 intimare

204 1493 327 1554 alterius
355 1493 484 1569 hospitis
511 1511 626 1568 necem,
656 1494 801 1571 quoniam
826 1491 1009 1552 reddebatur
1034 1491 1110 1552 facti
1136 1492 1227 1569 ratio,

204 1582 285 1660 qnod
306 1583 412 1642 mortis
436 1601 508 1642 snae
530 1583 595 1658 ipse
624 1581 766 1641 extiterat
794 1600 884 1641 cansa
907 1584 938 1641 et
959 1581 1022 1642 vim
1048 1581 1228 1658 pertulisset

203 1673 302 1733 iustae
324 1671 448 1731 ultiouis
472 1671 527 1748 qui
548 1672 695 1730 iniustam
717 1672 879 1748 paraverat
901 1670 1086 1732 violentiam.
1132 1672 1227 1731 testa·

202 1764 255 1822 tur
285 1761 385 1821 locum
412 1760 489 1819 dixit
514 1760 722 1820 testimoninm
750 1760 893 1820 adhibens
921 1760 992 1835 loci,
1021 1762 1057 1818 ut
1083 1759 1228 1837 probaret
1247 1773 1271 1816 rs

204 1851 341 1911 scelerati
358 1850 487 1909 bominis
505 1852 635 1909 mentem
654 1849 709 1926 qui
726 1850 887 1926 hospitalis
905 1850 1051 1908 inmemor
1069 1849 1227 1928 religionis

202 1958 264 2001 non
287 1957 418 1998 amorem
444 1938 642 2015 reciprocum,
672 1937 725 1998 sed
751 1939 892 1998 hostilem
921 1939 1054 1998 animum
1082 1940 1227 2000 scelerate

203 2028 342 2106 suscepit.
386 2029 455 2088 binc
477 2028 518 2088 ad
541 2029 703 2103 Tarpeiam
724 2028 833 2098 sedem,
863 2028 901 2088 ad
924 2028 1086 2104 Tarpeium
1109 2029 1228 2089 scilicet

202 2122 349 2193 montem,
372 2121 399 2177 et
419 2117 565 2192 Capitolia
588 2119 680 2188 decit,
706 2135 799 2177 aurea
822 2135 913 2187 omre,
936 2118 969 2176 id
992 2120 1038 2177 est
1061 2136 1129 2177 cum
1149 2118 1227 2179 haec

203 2207 415 2284 scribebantur,
442 2208 512 2266 olim
538 2208 721 2265 silvestribus
743 2207 866 2267 torrida
888 2207 1000 2265 domis:
1030 2210 1117 2267 erant
1142 2209 1228 2285 tnnc,
1246 2222 1273 2264 rs

203 2296 316 2374 inquit,
345 2298 378 2354 in
401 2296 455 2355 illo
478 2297 544 2355 loco
569 2294 733 2372 Capitolia,
761 2315 822 2355 non
846 2315 950 2371 auree,
980 2315 1039 2355 non
1063 2297 1160 2372 culta,
1190 2300 1228 2357 nt

203 2404 292 2461 nunc,
315 2404 376 2444 non
393 2386 563 2463 magnifica,
587 2386 638 2444 sed
657 2385 846 2446 silvestribus
865 2384 964 2444 dumis
983 2384 1111 2447 obsessa.
1144 2387 1228 2462 qnod

204 2475 281 2534 dixit
304 2475 390 2534 duxit
413 2494 481 2533 enm
504 2474 543 2534 ad
562 2475 724 2551 Tarpeium
746 2478 878 2534 montem
901 2478 932 2533 et
951 2472 1103 2550 Capitolia
1126 2475 1228 2537 dumis

204 2564 337 2639 obsessa,
364 2564 430 2623 fieri
456 2583 518 2623 non
543 2565 644 2639 potuit
671 2566 708 2623 ut
735 2582 825 2624 senex
847 2566 877 2623 et
900 2563 953 2640 qui
976 2564 1074 2623 alieno
1098 2564 1227 2625 admini-

203 2654 271 2713 culo
301 2653 457 2728 niteretur,
489 2654 617 2713 maxime
646 2652 811 2712 inminente
841 2653 903 2711 iam
931 2671 1065 2730 vespere,
1096 2654 1156 2713 iret
1186 2655 1228 2714 ad
1246 2668 1271 2709 so

202 2744 335 2803 montem
359 2744 389 2800 et
412 2742 450 2802 ad
473 2742 539 2802 loca
557 2762 635 2818 qnae
658 2745 756 2803 sentes
776 2745 979 2820 occupassent.
1017 2761 1088 2821 ergo
1106 2744 1227 2803 intelle-

203 2832 335 2910 gendum
367 2833 413 2891 est
443 2831 586 2908 possibile
618 2830 735 2907 aliquid
766 2831 848 2908 quod
881 2831 979 2909 possit
1012 2852 1049 2890 ex
1082 2832 1227 2894 subiectis

203 2921 395 2997 conprobari,
430 2923 466 2980 ut
501 2920 697 2981 monstrando
729 2920 847 2981 duxisse
881 2941 949 2980 enm
980 2920 1128 2997 videatur,
1164 2942 1228 2983 non

204 3009 399 3085 ambulando,
429 3008 543 3071 scilicet
572 3011 607 3069 ut
628 3010 744 3070 videret
770 3011 864 3071 oculis
891 3010 997 3087 procul
1020 3030 1080 3086 quo
1103 3010 1142 3069 iri
1164 3031 1227 3072 non

142 3102 331 3178 esopotsras.
384 3100 447 3159 ium
477 3099 541 3159 trem
574 3099 675 3174 religio
699 3100 827 3173 pavidos
854 3100 979 3159 terrebat
1006 3102 1129 3173 agrestis
1156 3102 1227 3162 dira
1246 3114 1272 3155 so

205 3191 271 3260 toci,
294 3190 357 3248 iam
378 3192 440 3248 tum
462 3189 570 3248 sileam
591 3206 754 3262 saxumque
775 3191 948 3249 transducet:
971 3187 1048 3246 dixit
1069 3190 1131 3249 iam
1149 3192 1227 3269 tum,

441 3375 468 3430 V
493 3375 588 3442 ferrem
614 3376 658 3430 ed
741 3382 757 3430 2
782 3391 894 3432 omero
914 3373 940 3428 V
963 3374 1006 3429 ed.
1034 3377 1227 3433 nominatevo?

206 3456 221 3502 3
240 3451 289 3505 hoe
346 3467 364 3505 1
379 3466 403 3504 e
417 3448 512 3502 Perrh
528 3448 612 3516 etLy
613 3465 636 3502 c.
654 3449 729 3503 burm
747 3446 791 3502 ed.
852 3451 869 3499 o
888 3444 1029 3501 occwusV
1047 3449 1228 3518 {coemptus

202 3521 246 3575 ed
300 3526 335 3575 10
353 3520 485 3591 quomodo
498 3517 525 3572 V
542 3536 604 3574 mon
592 3466 666 3573 yed
721 3523 753 3573 12
772 3515 1070 3587 quoniamVproptcr
1083 3536 1166 3587 quam
1180 3521 1226 3578 ed.

189 3598 227 3645 14
244 3598 369 3651 tesiam
381 3594 474 3651 lencm
487 3591 562 3649 dicis
573 3590 600 3644 V
612 3593 718 3645 temere
731 3592 800 3644 mut.
815 3588 859 3644 ed.
921 3593 953 3642 19
972 3606 1034 3644 crem
1047 3591 1113 3645 turc
1125 3594 1228 3648 scribe-

176 3662 294 3721 bantur
310 3665 438 3740 V
457 3668 510 3727 hoc
526 3666 701 3727 scribebatur
721 3680 741 3719 o
757 3667 838 3734 poeto
854 3659 899 3716 ed
948 3662 1013 3714 ‘lt
1002 3678 1044 3716 are
1055 3661 1081 3714 V
1096 3678 1166 3715 corr
1180 3664 1226 3721 ed

164 3736 207 3785 27
223 3686 438 3809 alcputdm
366 3742 395 3800 V
410 3743 502 3804 aliud
519 3743 568 3803 ed
646 3732 828 3798 81⁸2th
851 3734 950 3790 celocem
966 3730 1013 3785 ed
1030 3731 1132 3785 sonus
