2725 4150
204 255 247 318 14
487 251 628 306 nouam
646 251 939 307 massanissae.

201 421 282 496 quod
311 439 418 498 genere
448 439 566 497 quoque
598 419 774 497 praestabat
803 423 833 480 et
861 421 1026 481 maioribus
1054 424 1160 501 regiiS,
1190 426 1227 483 ut

199 510 279 587 regis
311 509 391 569 filiae
422 510 604 569 multiformi
639 509 756 568 ratione
789 514 973 588 congrueret.
1028 529 1112 584 quem
1143 514 1226 587 repta

200 600 327 657 coniunx
359 599 484 673 adterapi
513 616 653 673 perieram
683 599 758 656 miro
787 600 968 672 properabat
999 618 1112 660 amaa:
1157 620 1225 661 eum

198 687 251 746 ille
281 688 439 764 splendore
468 690 585 765 generis
613 690 645 747 et
672 687 805 764 eorporis
834 688 1058 764 pulchritudine
1081 691 1225 767 petitores
1251 739 1252 742 η

199 778 312 836 eeteros
343 778 484 852 anteiret,
515 775 619 836 Latini
647 795 724 835 uxor
755 776 937 854 perindeque
969 779 1096 858 virginis
1128 783 1226 840 mater
1257 795 1260 832 1

198 867 292 926 talem
318 886 462 944 generum
489 867 566 925 miro
590 884 689 924 amore
713 866 855 942 cupiebat
878 867 1011 946 adiungi.
1057 869 1109 928 sed
1130 871 1225 928 uariis

192 959 331 1029 portenta
368 956 455 1013 deum
490 956 650 1014 terroribus
690 956 820 1015 obstant:
873 958 1025 1017 voluntati
1058 961 1088 1017 et
1125 959 1224 1018 studio

198 1044 318 1118 matriS,
341 1043 483 1119 nequod
506 1043 647 1120 eupiebat
667 1044 810 1121 inpleret,
833 1045 996 1106 obstabant
1016 1046 1060 1104 dii
1077 1049 1224 1122 portentis

199 1132 386 1192 evidentibus
411 1133 585 1192 nuntiantes
608 1132 682 1209 quid
704 1134 802 1213 magis
825 1137 904 1194 esset
925 1155 980 1211 pro
1003 1136 1122 1211 puellae
1146 1156 1223 1195 eom·

197 1221 343 1281 moditate
373 1221 546 1281 curandum.
591 1223 688 1283 omnis
716 1224 774 1283 iste
801 1227 950 1283 tractatus
978 1226 1070 1300 atque
1098 1225 1223 1302 originis
1243 1243 1260 1279 a

197 1310 301 1369 Latini
330 1309 491 1386 descriptio
520 1314 551 1370 et
577 1312 663 1390 regni
691 1314 788 1372 status
811 1315 934 1387 nutans,
957 1312 1126 1372 coniuratio
1150 1333 1222 1389 quo·

198 1419 255 1477 que
277 1400 372 1459 totius
395 1399 518 1476 Italiae,
540 1401 648 1461 unieae
666 1401 771 1461 Latini
792 1401 872 1460 filiae
893 1403 1058 1478 petitorum
1076 1401 1224 1462 nobilium

197 1489 286 1549 turba
315 1489 457 1548 laudibus
485 1488 604 1550 Aeneae
634 1493 808 1565 nectuntur,
837 1510 875 1549 ne
904 1490 1080 1569 ignobilem,
1111 1510 1148 1549 ne
1177 1493 1222 1550 in·

196 1598 301 1655 parem
319 1580 465 1639 ducturus
483 1597 547 1638 esse
564 1579 719 1639 videretur
731 1598 855 1639 uxorem
868 1580 916 1639 vel
930 1599 966 1639 ea
979 1625 1222 1641 ..............

197 1670 344 1745 sprevisse
363 1667 455 1728 vieini
472 1669 522 1728 vel
542 1670 635 1743 eires,
658 1668 803 1727 laudatur
820 1670 913 1729 etiam
932 1669 1002 1728 inde
1022 1669 1102 1746 quod
1119 1672 1221 1730 tantas
1242 1686 1260 1725 α

196 1777 269 1834 opes
299 1761 376 1817 esset
406 1761 608 1833 superaturus.
653 1757 687 1815 in
713 1773 774 1835 quo
801 1758 867 1835 ipso
895 1760 1015 1818 tantum
1042 1762 1149 1835 poetae
1176 1761 1221 1818 in-

196 1847 317 1924 genium
346 1846 457 1920 valuit,
489 1867 526 1905 ne
557 1849 590 1905 in
622 1846 832 1906 coniunctione
861 1848 971 1926 regalis
1001 1848 1128 1925 virginis
1157 1849 1221 1925 ipse

195 1935 314 1995 Aeneas
335 1937 452 1994 ratione
476 1935 631 2014 sanguinis
655 1935 809 1996 videretur
829 1936 961 1997 inferior.
1006 1937 1118 1998 ideireo
1141 1940 1222 1997 enim

196 2024 347 2086 aLatino
376 2043 472 2102 usque
503 2026 542 2085 ad
573 2025 737 2086 Saturnum
767 2027 884 2104 generis
912 2027 996 2105 origo
1019 2027 1144 2088 deoursa
1167 2031 1221 2103 est,

195 2117 231 2174 ut
252 2115 369 2175 Aeneas
397 2116 477 2174 idem
503 2115 614 2175 Latino
641 2117 861 2176 monstraretur
883 2116 998 2177 adfinis.
1045 2137 1063 2176 a
1091 2116 1221 2177 Saturno
1240 2135 1260 2174 a

196 2205 276 2263 enim
302 2205 439 2279 Faunus,
466 2224 485 2263 a
512 2205 618 2265 Fauno
641 2205 746 2281 Picus,
770 2225 788 2265 a
810 2206 882 2265 Piso
905 2205 1046 2282 Latinus,
1069 2227 1088 2265 a
1111 2206 1220 2267 Latino

195 2292 336 2369 Lavinia,
366 2295 440 2353 item
469 2314 504 2353 ex
532 2294 591 2353 alio
619 2295 737 2372 generis
765 2314 856 2355 eursu
878 2315 897 2354 a
921 2294 1051 2355 Saturno
1074 2296 1220 2373 Iuppiter,

196 2384 234 2442 ab
252 2384 319 2461 ipso
337 2383 454 2459 Venus,
472 2383 589 2443 Aeneas
608 2402 627 2441 a
639 2383 756 2443 Venere
778 2384 935 2461 sanguinis
954 2384 1100 2462 originem
1118 2387 1221 2460 traxit,

194 2478 230 2532 ut
262 2473 468 2533 ostenderetur
499 2492 556 2549 par
584 2473 741 2551 sanguinis
769 2475 910 2532 meritum
937 2476 967 2532 et
994 2473 1112 2533 Aeneas
1138 2475 1220 2534 inve·

195 2563 313 2621 niretnr
344 2564 445 2640 potior
477 2563 583 2622 robore
614 2562 736 2622 virtutis
769 2564 799 2621 et
831 2562 1042 2622 exercitatione
1078 2563 1220 2624 bellandi.
1239 2579 1260 2619 ar

141 2660 177 2708 60
196 2651 301 2709 lauras
329 2656 393 2710 erat
418 2653 483 2711 teeti
508 2652 602 2711 medio
625 2653 659 2709 αα
681 2652 884 2725 penetralibus
907 2653 975 2711 altis
997 2670 1086 2713 saara
1109 2670 1221 2712 comam

194 2740 355 2813 multosque
381 2744 460 2799 meta
486 2745 605 2800 servata
629 2758 684 2814 per
712 2758 819 2811 anuos,
844 2759 933 2813 quara
950 2746 1039 2815 pater
1061 2744 1219 2812 iuventam,

189 2830 309 2902 primas
331 2847 398 2888 ouon
420 2830 553 2888 ooadaet
575 2847 670 2900 arces,
693 2832 757 2903 ipse
778 2831 929 2904 ferebatur
950 2832 1063 2891 Phoebo
1086 2849 1221 2891 sacrasse

195 2918 326 2977 Latinus
361 2918 579 2991 Laurentisque
620 2921 658 2978 ab
700 2938 736 2978 ea
775 2937 880 2979 αααααα
919 2923 1057 2993 posuisse
1098 2922 1220 2980 colonis:

270 3070 436 3126 loeuereV
452 3071 495 3125 ed.
511 3087 679 3141 paterenos.
731 3078 859 3127 tumore
872 3072 898 3125 V
915 3074 991 3141 filiae
1009 3090 1076 3128 suae
1094 3073 1159 3128 add.
1175 3073 1219 3128 ed.

196 3143 340 3197 Sobataat
357 3142 400 3197 ed.
474 3143 671 3197 tooueoda‘tate
690 3142 715 3195 V
736 3145 882 3199 ooruoeodis
900 3145 945 3199 ed.
1019 3150 1051 3196 11
1071 3151 1176 3199 natans
1194 3144 1220 3197 V

194 3231 312 3284 maanus
330 3213 373 3269 ed.
395 3214 399 3286 Ι
419 3216 576 3270 coniuratio
589 3213 615 3266 V
633 3216 806 3269 continuatio
824 3215 867 3269 ed.
938 3221 971 3269 12
990 3215 1125 3270 italiaeV
1143 3217 1180 3270 It.
1195 3222 1220 3271 et

195 3285 238 3338 ed.
302 3292 336 3340 14
354 3288 419 3354 post
436 3286 478 3340 vel
495 3303 528 3340 ea
546 3285 672 3354 spatium
691 3286 853 3353 quindecim
872 3287 930 3341 fere
948 3286 1108 3340 litterarum
1127 3290 1219 3354 vacat,

194 3357 329 3440 sequitur¹
344 3358 494 3425 smaeouae
511 3358 598 3441 oieiai
612 3356 637 3409 V
655 3357 770 3426 expleas
791 3358 844 3411 sio:
869 3375 928 3413 eam
946 3374 1029 3442 quam
1043 3364 1218 3441 putarentur.

180 3426 480 3567 serretur
493 3429 545 3554 s·
569 3428 863 3555 a,
886 3427 1127 3555 resta
1144 3430 1220 3556 eo

165 3562 233 3642 od.»
292 3572 333 3619 20
353 3577 565 3630 mmtraretur
586 3571 613 3627 V
635 3572 776 3631 videretur
799 3571 845 3628 ed.
915 3576 952 3625 ‘lt
970 3587 1037 3639 pars
1055 3571 1081 3624 V
1103 3574 1217 3640 pared.

149 3628 192 3675 2⁶
213 3642 486 3701 mpemtrabe'abus
506 3645 534 3700 V
558 3649 601 3720 (et
625 3647 725 3721 infra).
801 3650 839 3701 ‘28
863 3642 940 3713 foebo
959 3659 1053 3698 saeros
1066 3643 1231 3697 latiuusV.
