2725 4150
143 293 209 360 504
428 292 881 350 oouaurmuuarauuae.

140 463 255 522 veteres
278 462 374 522 ferum
393 461 545 538 dicebant,
568 463 640 540 quia
662 462 797 522 nondum
815 462 954 522 humanis
977 463 1084 523 usibus
1104 479 1167 525 sar·

140 551 250 612 siebat.
296 552 348 612 sed
369 551 426 611 hoo
448 552 514 611 loco
537 552 667 611 ferinum
694 552 742 610 lac
770 551 909 612 debemus
937 553 1072 630 accipere
1100 555 1166 614 eius

141 639 256 701 seilicet
278 640 417 701 animalis
436 641 518 720 quod
535 643 613 700 esset
631 659 770 718 asperum
789 644 819 701 et
836 641 910 703 locis
930 642 1166 720 regionibusque

140 731 330 807 respondens.
362 731 468 789 tenuis
490 730 655 804 inmulqens
672 731 765 790 utera
784 731 891 790 lubin:
912 731 969 791 hoe
987 732 1055 792 vult
1073 735 1166 809 poeta

140 823 321 896 monstrare,
345 819 425 896 quod
448 820 539 879 etiam
559 818 591 877 in
609 820 666 878 hac
684 821 770 896 parte
789 819 908 878 Metabo
926 823 1014 880 tanta
1038 820 1165 882 alendae
1191 837 1202 880 e

140 909 220 969 filiae
239 909 401 968 difficultas
421 911 599 984 occurreret,
613 911 656 984 ut,
671 909 732 968 nisi
745 908 809 986 ipse
822 929 877 986 per
890 927 921 969 se
935 909 1028 969 labris
1042 911 1165 986 puellae

140 998 214 1058 uber
232 1017 325 1077 equae
343 1001 464 1059 servata
481 997 686 1058 moderatione
704 998 867 1074 mulsisset,
881 998 1025 1059 alimonia
1044 1000 1165 1061 adeam

139 1088 295 1163 pervenire
322 1106 383 1147 nou
405 1090 516 1164 posset.
560 1088 618 1146 hoc
644 1086 711 1146 ideo
739 1090 826 1164 pater
852 1088 999 1148 sollicitus
1023 1088 1164 1165 faciebat,

140 1178 214 1254 quia
232 1176 313 1254 quod
331 1177 392 1235 fuit
409 1180 440 1237 et
458 1176 570 1256 grande
591 1179 623 1235 et
641 1194 780 1253 asperum
798 1179 901 1236 tenera
920 1178 1017 1237 adhuc
1034 1177 1163 1240 infantis

139 1265 225 1324 labra
248 1267 395 1325 sustinere
418 1284 478 1325 non
501 1268 642 1344 poterant
664 1285 719 1325 neo
737 1266 839 1325 fauces
862 1265 1021 1326 admittere
1045 1268 1164 1345 copiam
1179 1284 1200 1324 ιο

140 1374 232 1432 quam
249 1355 421 1433 praebebat.
449 1355 613 1415 amentata
627 1354 739 1414 animal
754 1355 822 1415 ideo
836 1357 947 1433 posuit,
965 1375 1002 1416 ne
1016 1357 1049 1415 in
1063 1360 1164 1418 totum

138 1443 289 1504 videretur
312 1447 430 1524 agreste
453 1463 488 1504 ao
511 1463 542 1505 se
564 1443 693 1522 mulgeri
711 1464 772 1504 uon
789 1446 908 1505 sineret.
941 1448 1089 1522 expressit
1112 1447 1163 1508 ob·

138 1551 252 1594 sessum
279 1533 384 1594 multis
411 1533 553 1611 perieulis
579 1537 611 1593 et
637 1533 756 1593 casibus
780 1534 891 1609 fatum,
921 1553 1001 1594 nuno
1029 1535 1069 1594 ad
1096 1555 1164 1596 eam

138 1623 291 1683 acceditur
307 1627 439 1700 partem,
457 1626 493 1682 ut
506 1624 608 1701 palam
623 1623 676 1682 fiat
689 1641 776 1701 posse
790 1627 930 1682 naturam
945 1624 1163 1685 consuetudine

138 1714 331 1789 commutari;
353 1732 424 1772 nam
447 1732 516 1772 cum
538 1714 617 1772 esset
635 1712 747 1771 femina
771 1714 802 1770 et
825 1713 1023 1789 amplitudine
1043 1717 1162 1792 generis
1177 1727 1199 1770 re

137 1804 258 1879 potens,
276 1821 342 1862 eam
361 1803 495 1862 locorum
514 1800 646 1879 qualitas
666 1804 697 1861 et
714 1819 785 1861 usus
799 1800 920 1861 vivendi
938 1804 980 1862 sic
999 1803 1162 1866 solidatam

136 1891 275 1968 reddidit,
293 1895 329 1951 ut
347 1911 433 1951 omne
453 1891 533 1969 quod
551 1892 651 1949 fuerat
668 1893 742 1950 nata
756 1893 917 1967 respueret.
948 1896 1035 1966 utque
1049 1893 1162 1967 pedum

132 1981 242 2054 primis
264 1983 369 2055 infans
391 1982 514 2056 cesinia
533 1981 646 2053 plantis
668 1981 826 2049 institerat,
852 1981 948 2039 iuailo
966 1983 1090 2055 palmos
1113 2001 1162 2042 or·

136 2071 229 2130 mucii
255 2076 354 2131 acub:
382 2090 453 2130 mox
479 2074 516 2130 ut
541 2068 643 2147 potuit
672 2071 752 2129 stare
779 2069 905 2146 pedibus
933 2070 1008 2147 suis,
1035 2071 1163 2133 instruit

137 2162 314 2236 cumpater
336 2162 457 2239 portare
481 2160 561 2237 quod
583 2160 708 2235 iaceret3
735 2179 832 2237 neque
858 2160 938 2218 enim
960 2160 1022 2221 fuit
1042 2161 1076 2220 in
1098 2162 1161 2223 illis
1177 2175 1200 2216 eo

137 2249 210 2309 locis
233 2249 347 2310 femina
370 2269 447 2327 quae
470 2248 627 2327 incipienti
648 2249 751 2308 lanam
777 2251 960 2307 monstraret
982 2252 1036 2309 aut
1057 2251 1160 2311 telum.

138 2338 241 2399 docuit
267 2359 332 2399 eam
360 2342 448 2415 pater
470 2339 550 2416 quod
572 2337 737 2415 praebebat
759 2338 854 2413 locus,
884 2358 944 2398 non
969 2339 1049 2416 quod
1073 2359 1160 2401 sexus

78 2428 276 2507 bitorigebat
299 2431 330 2488 et
351 2447 479 2506 persona
498 2427 648 2487 discentis.
680 2428 850 2501 spiculoque
873 2445 907 2486 ea
929 2446 1029 2487 uenero
1043 2447 1161 2502 parone

136 2517 290 2591 suspendit
317 2522 343 2576 ei
367 2536 485 2577 arcura:
514 2520 550 2576 ut
576 2520 713 2594 portaret
739 2516 877 2575 manibus
905 2517 1018 2576 ferrum
1044 2520 1160 2580 missile

137 2610 168 2665 et
184 2608 295 2667 umeris
314 2626 418 2667 arcum
436 2609 467 2666 et
483 2607 657 2683 pharetram
674 2607 844 2665 sustineret.
874 2624 930 2679 pro
949 2608 1056 2666 crinali
1074 2627 1158 2678 onio,
1177 2619 1200 2662 re

131 2713 189 2770 pro
218 2696 321 2770 ionpoe
348 2697 470 2770 ieqmine
495 2696 595 2770 pallae
622 2696 737 2769 inuidia
763 2697 885 2754 exuuiae
908 2713 964 2769 pen
991 2696 1112 2755 dorsum
1140 2716 1160 2758 u

135 2786 240 2844 catice
252 2784 397 2857 pendent:
415 2786 454 2845 ad
472 2804 576 2844 eorum
589 2784 685 2844 vicem
699 2784 807 2862 quibus
826 2784 925 2861 aptari
941 2784 1070 2845 feminae
1089 2805 1159 2847 oon·

137 2876 262 2934 suerunt
291 2877 456 2935 venantum
484 2875 628 2934 iuvenum
654 2874 791 2934 sumebat
821 2877 974 2949 omatum3
1004 2894 1075 2933 nam
1102 2896 1158 2952 pro

137 2983 211 3022 auro
241 2963 323 3040 quod
353 2963 424 3024 addi
453 2963 604 3040 capitibus
633 2964 785 3041 virginum
815 2963 890 3022 solet
919 2982 1033 3039 proque
1064 2966 1159 3042 pallio

135 3052 255 3132 tigridis
274 3054 362 3129 pellis
380 3073 434 3130 per
452 3052 575 3113 dorsum
592 3052 775 3112 fundebatur
793 3070 811 3110 a
830 3054 949 3112 vertice.
986 3054 1042 3112 telo
1065 3072 1159 3114 monn
1177 3066 1203 3107 ω

135 3142 198 3202 iam
228 3146 291 3201 tum
322 3147 420 3202 tenero
445 3142 578 3217 puerilia
609 3142 692 3200 torsit
721 3146 747 3200 et
777 3142 905 3215 fundora
936 3144 1017 3201 tereti
1049 3144 1159 3203 eirenen

136 3235 225 3305 caput
247 3232 304 3306 opit
323 3232 453 3292 bobeno:
477 3233 597 3291 tautum
619 3231 795 3307 proficiebat
816 3230 848 3289 in
872 3250 906 3290 eo
931 3250 990 3307 quo
1012 3231 1157 3308 produce·

209 3408 224 3455 'l
242 3402 374 3470 uberaque
391 3401 418 3456 V
435 3402 502 3456 uber
520 3418 602 3471 oquae
625 3417 675 3455 nos
698 3402 835 3469 macone
853 3401 896 3455 ed.
915 3401 1001 3456 ubera
1020 3402 1063 3455 ed.
1082 3406 1156 3470 post.

136 3478 153 3526 8
169 3476 303 3543 potuisset
320 3473 364 3528 cd.
426 3478 443 3526 9
460 3474 517 3540 fuit
535 3471 657 3527 eiVed.
675 3473 697 3540 t.
717 3478 743 3527 et
760 3471 804 3527 ed.
823 3475 896 3541 poet.
959 3478 992 3526 10
1006 3480 1159 3541 potuerant

136 3544 181 3600 ed.
237 3551 269 3600 12
289 3560 323 3599 oc
340 3546 366 3600 si
378 3544 405 3599 V
422 3560 456 3599 ac
473 3561 501 3599 oc
520 3543 590 3598 edF.
647 3548 679 3597 lo
698 3544 816 3599 solidani
830 3543 873 3597 ed.
931 3549 962 3597 17
977 3545 1050 3612 qnod
1062 3546 1157 3612 fuerat

136 3624 205 3671 nota
223 3616 269 3683 (of.
285 3614 540 3684 8‚1as)Vtemere
558 3617 628 3669 mut.
643 3614 687 3670 ed.
741 3620 774 3669 18
793 3615 912 3669 anncoit
925 3614 951 3668 V
968 3618 1092 3670 onerarat
1109 3618 1155 3672 ed.

136 3694 170 3742 27
185 3687 317 3757 aptoreV
329 3704 358 3744 ee
371 3705 397 3743 o.
412 3686 456 3742 ed.
500 3691 534 3740 29
551 3685 681 3756 polleoV
697 3686 778 3755 pallo
792 3687 835 3740 ed.
879 3691 913 3740 32
927 3686 1096 3756 qnquuod
1109 3689 1155 3745 ed.
