2725 4150
560 325 744 382 racemos
762 326 788 380 x
1117 331 1183 398 369

158 496 302 571 placitas
318 495 429 565 wenti,
447 494 481 554 in
498 495 611 556 offensa
631 496 744 573 quippe
762 494 943 557 constitutus
956 515 1016 557 non
1029 478 1184 575 potuit'ad

163 584 388 646 miserationem
405 585 488 645 brevi
506 587 591 645 textu
605 583 822 662 deprecationis
838 584 960 662 adduci,
978 586 1031 647 sed
1048 586 1183 648 dicturus

163 675 266 735 fuerat
286 675 391 751 plura,
418 671 537 734 Aeneas
558 693 619 735 non
641 693 749 752 passus
777 678 862 735 actus
885 693 955 736 suos
976 675 1111 736 inmeriti
1131 677 1183 736 bo·

163 762 255 824 minis
276 763 470 840 multiloquio
494 762 607 824 diutius
630 763 758 824 detineri
785 764 915 825 occurrit
936 768 1101 826 necessario
1124 783 1184 826 ser·

131 867 253 914 amone
280 855 312 913 et
340 851 414 930 qnid
437 853 552 913 doleret
572 852 656 913 brevi
685 852 851 913 elocutione
873 856 1001 915 testatus
1028 857 1086 916 est:
1113 855 1186 940 tieret

163 943 240 1002 totta
266 942 380 1003 wdeoa
406 942 486 1003 dicta
512 943 622 1002 deboc:
645 960 761 1019 preces,
787 943 901 1020 inquit,
928 946 997 1004 tuas
1024 944 1246 1005 maledictcooo

163 1030 317 1109 superiore
340 1032 490 1092 damnasti
508 1051 562 1092 nec
583 1031 677 1092 talem
698 1034 729 1092 te
751 1031 918 1109 praebuisti
939 1031 1129 1111 iamdudum,
1149 1037 1185 1095 ut

163 1139 244 1181 nunc
264 1119 418 1198 inpetrare
437 1121 546 1182 salutis
564 1123 636 1181 tuae
654 1120 830 1182 beneficium
847 1123 998 1183 merearis.
1029 1140 1141 1184 morere
1159 1127 1186 1183 ct

162 1211 290 1285 fratrea
314 1227 353 1270 ne
379 1211 477 1270 desere
499 1211 609 1285 frater:
636 1209 738 1288 potius
766 1209 952 1270 moriendum
980 1215 1026 1272 est
1051 1212 1124 1288 tibi,
1147 1232 1185 1273 ne

115 1315 146 1356 rc
163 1301 291 1360 bouem
313 1299 431 1360 deseras
453 1299 561 1376 fratem
583 1298 669 1359 decet
691 1298 771 1359 enim
789 1303 818 1360 ei
834 1302 865 1359 te
885 1302 991 1361 mortis
1014 1305 1093 1362 sorte
1116 1321 1184 1362 con·

162 1390 335 1468 iungique
358 1388 517 1450 adversum
540 1408 588 1449 me
615 1407 690 1448 usus
714 1392 794 1449 socio
818 1390 918 1451 venire
941 1390 1077 1466 potuisti.
1123 1395 1185 1451 tum

163 1479 294 1538 aanor
307 1479 425 1538 anonae
439 1481 541 1552 peetus
552 1495 691 1538 macrone
703 1479 840 1539 rectudtt:
857 1479 961 1539 definit
976 1479 1050 1557 quid
1064 1481 1105 1541 sit
1117 1498 1184 1557 pec·

163 1571 230 1643 tus,
247 1566 281 1625 in
299 1586 374 1644 quo,
387 1568 502 1645 inquit,
526 1566 626 1627 anima
640 1569 717 1628 latet
734 1569 766 1626 et
782 1571 852 1628 tnta
870 1571 932 1643 est,
955 1587 1015 1646 qno
1033 1569 1184 1646 patefacto

163 1655 304 1735 proditur
321 1658 352 1716 et
368 1655 550 1735 interempta
563 1656 758 1717 consumitur.
790 1676 857 1717 cum
871 1656 967 1736 igitur
978 1658 1053 1719 haec
1065 1657 1184 1720 Aeneae

115 1762 145 1804 re
163 1746 301 1822 dixisset,
324 1764 442 1805 omnem
464 1745 694 1806 commotionem
716 1765 802 1807 suam
824 1749 857 1806 in
879 1748 943 1807 ictu
965 1766 1026 1824 quo
1043 1746 1185 1827 ligerum

162 1833 296 1913 perdidit
318 1834 470 1896 evidenter
492 1836 639 1913 expressit
656 1835 816 1913 aperiendo
834 1837 951 1915 ingenti
969 1837 1062 1916 plaga
1078 1840 1184 1915 pectus

163 1927 229 1985 eins
251 1923 441 2001 animamque
461 1924 622 1985 tundendo.
654 1924 729 1985 tutia
744 1943 802 2001 per
821 1942 939 2000 campos
958 1925 1060 1986 edebat
1075 1931 1185 2002 tuaac

161 2015 266 2076 caea
280 2014 460 2075 Dardanias
482 2015 617 2075 torrentia
640 2030 735 2090 apice
754 2015 801 2075 cet
820 2016 949 2077 turbinis
966 2016 1025 2077 atri
1039 2033 1119 2079 more
1136 2018 1185 2093 fa·

161 2121 247 2164 reas:
262 2106 318 2178 sie,
331 2104 445 2185 inquit,
463 2104 582 2164 Aeneae
596 2103 725 2164 furentis
739 2108 824 2165 actus
839 2108 870 2165 et
887 2109 973 2184 gesta
991 2106 1184 2184 ducebantur,

116 2210 145 2251 sc
162 2196 206 2255 sic
223 2212 278 2271 per
296 2210 416 2270 campos
435 2193 542 2254 edebat
559 2194 679 2268 funera,
702 2196 738 2253 ut
755 2194 897 2255 torrentis
921 2196 1059 2256 saeviunt
1076 2197 1184 2273 undae,

162 2286 200 2343 ut
231 2282 403 2343 turbinibus
435 2301 500 2343 mos
531 2284 590 2359 est,
622 2302 690 2343 cum
721 2284 856 2343 inmenso
887 2284 987 2344 furore
1016 2287 1183 2362 raptantur.

162 2372 282 2432 tandem
313 2376 470 2447 ermnpuat
500 2376 527 2431 et
557 2375 656 2432 cestro
686 2372 856 2447 reiteraverat
881 2371 1032 2433 Asconius
1054 2392 1133 2448 puer
1159 2379 1245 2437 etccc

161 2462 356 2536 canopeum
377 2462 496 2522 obsessa
517 2462 668 2521 iuventus:
690 2480 757 2521 eece
779 2465 927 2538 quantum
949 2461 1047 2522 valuit
1065 2462 1183 2524 Aeneae

162 2550 347 2629 praesentia,
384 2554 530 2627 quantam
559 2550 700 2611 fiduciam
732 2550 815 2610 dedit
850 2551 976 2611 obsessis
1012 2551 1096 2612 illius
1132 2552 1183 2611 ad·

117 2659 144 2700 as
162 2640 285 2701 ventus!
330 2658 391 2698 non
413 2641 474 2699 iam
496 2639 662 2717 parietibus
681 2640 867 2715 detinentur,
892 2658 952 2699 non
978 2640 1095 2701 clausos
1121 2660 1183 2701 sese

161 2730 323 2807 patiuntur
351 2729 492 2804 ulterius,
518 2730 626 2788 exeunt
653 2728 777 2788 tandem
803 2730 835 2788 et
858 2728 971 2789 relictis
995 2730 1100 2791 castris
1124 2749 1183 2790 uno

161 2820 280 2896 impetu
316 2836 417 2879 omnes
454 2819 593 2878 feruntur
628 2817 661 2877 in
696 2836 836 2894 campum
868 2817 1048 2879 arbitrantes
1079 2820 1183 2898 procul

161 2907 253 2967 dubio
272 2906 391 2967 Aeneae
415 2909 617 2985 praesentiam
643 2906 797 2966 meliorem
823 2905 919 2967 vicem
948 2908 1081 2968 obtinere
1107 2912 1182 2969 cast

161 3016 266 3057 rorum
292 3000 323 3057 et
350 3016 380 3057 se
407 2998 513 3058 melius
542 2999 625 3057 tutos
655 2997 719 3057 fore
747 2995 780 3055 in
812 2998 917 3072 aperto
950 2999 1062 3075 campi,
1092 3017 1183 3075 quam

117 3086 190 3148 cosi
211 3084 377 3163 parietibus
395 3089 570 3147 tenerentur
591 3089 622 3146 et
643 3086 734 3147 vallo.
774 3084 864 3145 huius
887 3084 944 3147 viri
965 3088 1052 3146 tanta
1073 3087 1184 3148 fiducia

162 3175 361 3251 ducebantur,
393 3178 429 3235 ut
459 3194 519 3235 non
551 3175 609 3236 soli
638 3176 760 3237 iuvenes
790 3175 846 3235 hcc
876 3175 981 3235 fecisse
1010 3177 1184 3237 viderentur

236 3370 250 3417 1
275 3365 369 3419 orante·
388 3362 414 3417 V
436 3363 547 3419 Aeaeae
571 3362 636 3417 add.
658 3363 703 3419 ed.
735 3364 738 3435 t
773 3361 924 3432 offeaeoV
949 3364 1061 3432 offensio
1085 3364 1129 3419 ed.
1152 3366 1183 3419 in

162 3435 268 3502 offenso
290 3450 341 3489 nos
364 3434 400 3488 cf.
419 3440 445 3503 a,
459 3440 520 3489 451.
594 3439 609 3487 3
633 3450 733 3490 reneca
750 3434 776 3491 V
794 3435 845 3491 Ae.
863 3452 926 3491 cero
948 3435 992 3490 ed.
1066 3440 1081 3490 't
1104 3452 1182 3505 sape·

160 3505 443 3575 ea‘creVprterted.
514 3503 754 3561 canevam
771 3506 951 3563 noeboeed.
1021 3513 1052 3561 11
1073 3507 1183 3577 quodV

161 3594 216 3648 quo
239 3576 283 3632 ed.
314 3580 317 3649 t
348 3579 403 3633 otto
420 3575 447 3632 V
466 3577 510 3632 ed.
530 3578 603 3633 socio
620 3592 680 3631 noe.
754 3577 1196 3652 lctiperuuted.1oueruea

163 3653 198 3704 18
224 3666 242 3703 a
323 3664 380 3716 pro
403 3648 544 3717 aquaeV.
625 3654 661 3707 28
686 3650 820 3710 vicemt
847 3652 1039 3728 perterret.
1119 3653 1160 3702 t&
1188 3661 1219 3698 δὲ

153 3736 205 3771 ⁰1¹1·
226 3733 267 3769 θ·
295 3719 308 3787 t
331 3724 410 3773 tum
426 3719 455 3775 V·
531 3728 567 3779 31
588 3725 683 3785 eclam
703 3726 753 3785 ed.

187 3820 246 3857 Dora
256 3821 353 3871 interpr.
365 3826 433 3879 Vere.
448 3832 497 3874 rot
508 3835 541 3876 11
1041 3839 1087 3889 Ἃ
