2725 4150
205 353 250 419 50
437 376 439 383 v
490 349 631 405 DONATI
647 350 818 405 INTERPR.
832 349 940 405 VERG.

204 519 283 578 min'e
306 517 416 577 humili
439 521 530 595 atque
552 518 750 595 inertissim03
776 538 884 578 nomen
911 519 990 577 enim
1013 537 1068 595 pro
1090 518 1226 579 convicio

204 608 315 684 posuit.
359 609 463 681 quodsi
483 626 550 668 mea
571 609 698 668 mmaina
720 625 781 666 mom
802 611 873 666 smmi
895 626 1007 683 mapsa
1030 609 1117 678 satis,
1141 608 1227 668 dabi-

205 701 262 756 iem
283 697 358 757 iamt
380 697 511 770 equidem
534 698 683 771 inperare
705 697 782 771 qaod
798 714 930 769 *msqmam
952 701 1008 756 est:
1031 697 1137 774 quodsi
1160 715 1228 776 ego,

204 787 318 864 inquit,
341 786 446 847 deficio
470 789 501 845 et
522 806 624 846 meum
645 804 757 845 numen
778 804 840 845 non
857 786 940 845 valet
957 787 1065 864 exequi
1081 786 1227 853 iniuriam

205 893 305 950 suam,
339 894 400 934 non
432 874 566 935 dubitem
597 876 749 953 inplorare
782 875 896 934 auxilia
930 894 1008 951 quae
1044 875 1227 953 ubicumque
1258 891 1270 932 s

204 968 284 1025 sunt.
330 965 401 1023 dum
423 964 498 1023 liaeo
519 966 645 1039 tractat,
666 965 784 1023 invenit
802 964 875 1041 quid
897 983 952 1040 pro
970 966 1105 1041 tempore
1126 964 1227 1026 faeere

206 1054 370 1127 debuisset,
401 1054 524 1123 dedere,
557 1053 671 1129 inquit,
703 1055 730 1113 si
757 1071 864 1128 meqmeo
892 1070 1025 1127 saperes,
1058 1055 1228 1114 Acheronta

204 1144 337 1203 movebo:
360 1141 433 1219 quia
455 1146 517 1201 non‘
538 1160 661 1219 possum
685 1142 797 1203 auxilio
816 1161 992 1218 superorum
1010 1144 1125 1220 inplere
1144 1144 1227 1220 quod

205 1232 309 1307 cupio,
333 1231 444 1290 inferos
471 1250 617 1291 moveam.
666 1234 781 1292 tractat
807 1233 839 1290 in
868 1251 927 1308 qno
956 1231 1058 1292 obesse
1086 1233 1227 1295 Troianis

204 1319 294 1379 inferi
316 1322 451 1396 possent:
477 1338 538 1379 rem
560 1321 680 1381 dabitur
704 1322 803 1396 remiis
822 1321 908 1394 (esto)
929 1322 1082 1395 probibere
1104 1322 1229 1383 Latiaris
1247 1338 1273 1379 m

143 1422 196 1474 311
204 1413 291 1482 aiqme
325 1410 438 1468 immola
468 1415 568 1470 maaet
602 1411 675 1484 satis
707 1411 841 1470 Lacinia
873 1412 1013 1486 semimari,
1050 1415 1082 1470 at
1112 1411 1229 1472 trabere

205 1503 291 1572 atque
316 1516 417 1558 moras
444 1501 534 1558 daretis
562 1500 626 1559 licei
654 1500 762 1559 addere
789 1501 884 1558 rebus.
931 1500 1086 1576 quoniam,
1115 1501 1228 1578 inquit,

204 1589 307 1648 ferunt
329 1586 474 1648 Lauiniae
497 1589 618 1665 nuptias
641 1589 762 1648 Aeneae
786 1588 888 1648 deberi
910 1589 1080 1649 volentibus
1103 1589 1177 1650 fatis
1197 1593 1229 1650 et

151 1695 153 1702 ·
206 1679 345 1738 Troianis
372 1678 508 1753 Italiam,
540 1679 567 1739 si
592 1679 667 1738 haec
691 1679 820 1738 convelli
842 1697 903 1738 non
932 1681 1071 1754 possunt,
1100 1682 1230 1755 possunt

204 1770 308 1828 tamen
338 1785 490 1826 morarum
523 1767 728 1844 inpedimento
759 1767 879 1828 differri.
924 1772 957 1827 at
983 1768 1047 1826 lieet
1074 1769 1230 1828 amborum
1247 1783 1274 1824 u

201 1857 328 1930 populos
350 1856 501 1915 excindere
524 1873 638 1930 reema:
661 1876 806 1935 magnum
828 1857 973 1917 factiosae
995 1857 1135 1916 inimicae
1159 1875 1229 1917 eon·

205 1946 320 2018 silium,
344 1963 437 2021 quae,
459 1964 528 2005 cum
550 1965 611 2005 non
632 1949 735 2022 posset
751 1965 857 2024 regum
875 1945 1063 2006 concordiam
1081 1965 1231 2024 rumpere,

205 2035 334 2113 populos
353 2034 506 2112 disposuit
523 2034 682 2112 dissipare3
700 2035 747 2096 his
766 2034 846 2095 enim
863 2035 1027 2096 commissis
1041 2038 1072 2096 et
1089 2037 1229 2098 excitetis

205 2124 238 2182 in
268 2123 452 2184 discordiam
482 2144 601 2185 neeesse
630 2126 730 2184 fuerat
760 2126 851 2185 etiam
883 2145 968 2204 reges
998 2126 1060 2186 suis
1089 2127 1229 2203 patlibus

206 2214 293 2273 neoti.
333 2214 390 2272 baa
405 2232 494 2288 perier
517 2219 602 2288 aiqae
620 2231 701 2273 socer
723 2219 824 2274 coeam
846 2215 974 2274 mercede
996 2232 1132 2274 smormm:
1154 2216 1230 2276 haec
1247 2230 1275 2270 so

205 2303 246 2362 sit
267 2321 379 2362 merces
403 2304 574 2363 coeuntium
596 2305 629 2363 in
647 2304 850 2378 adfinitatem,
872 2307 908 2363 ut
931 2323 1053 2364 suorum
1071 2305 1228 2366 funeribus

207 2393 385 2452 crucientur.
436 2395 581 2467 samyaime
609 2394 738 2452 Troiam
769 2397 794 2451 et
821 2394 931 2452 Radalo
957 2394 1103 2464 dotatore,
1131 2396 1229 2469 sirpo:

207 2481 312 2542 effusio
335 2483 491 2560 sanguinis
514 2480 649 2559 partium
675 2484 744 2559 ipsa
767 2483 820 2556 sit,
848 2482 947 2560 virgo,
976 2480 1029 2542 dos
1052 2485 1115 2542 tua.
1161 2503 1229 2544 eece

207 2574 325 2631 animus
347 2571 456 2631 iratae:
480 2571 553 2630 dnm
575 2590 675 2631 secum
697 2573 823 2645 tractat,
847 2572 885 2630 ad
908 2571 1055 2649 virginem
1073 2591 1137 2632 sese
1159 2592 1228 2633 oon·

207 2660 312 2734 vertit,
335 2659 423 2737 quasi
444 2661 512 2737 ipsa
535 2678 603 2719 cum
625 2661 765 2720 Troianis
788 2663 842 2719 aut
865 2662 1020 2736 cumipse
1043 2661 1146 2721 Aenea
1172 2664 1227 2722 ali·
1247 2673 1273 2714 2⁶

208 2748 283 2824 quid
317 2750 440 2826 egisset,
473 2750 527 2808 dos
560 2752 628 2825 tus,
659 2750 774 2826 inquit,
807 2751 1000 2810 constituitur
1030 2751 1062 2809 in
1094 2750 1251 2828 partium'

207 2837 305 2896 caede.
351 2841 378 2895 ei
398 2838 526 2898 Bellona
552 2843 651 2898 manet
673 2844 700 2898 te
718 2841 870 2913 promaba,
899 2839 1086 2900 crudelitatis
1115 2841 1229 2901 seilicet

208 2925 272 2985 dea.
318 2927 472 3002 pronubae
496 2928 637 2987 dicuntur
664 2948 742 3005 quae
767 2930 891 2987 suntin
914 2928 1055 3006 obsequio
1078 2928 1228 2991 nubentis.

145 3025 260 3076 asenec
291 3016 357 3088 fare
388 3020 504 3075 iamiam
536 3016 645 3076 Cisseis
671 3035 845 3092 praeponas
876 3018 954 3093 iqais
986 3020 1074 3078 mica
1103 3020 1229 3094 impolis:

208 3105 318 3181 solent,
349 3104 462 3182 inquit,
494 3105 694 3166 Troianorum
728 3106 856 3167 feminae
891 3108 964 3168 mali
999 3108 1106 3168 ominis
1140 3111 1228 3169 utero
1248 3119 1275 3160 ω

208 3196 326 3273 gestare
347 3193 534 3272 progeniem:
563 3195 589 3254 si
606 3193 714 3255 Cisseis
736 3195 868 3255 incendii
891 3198 976 3275 signo
995 3196 1124 3273 protulit
1143 3197 1229 3259 Pari·

208 3284 289 3358 dem,
316 3302 370 3343 cur
392 3302 452 3343 non
476 3284 631 3362 contingat
653 3284 765 3343 Veneri
787 3285 916 3344 similem
939 3285 1036 3344 filium
1057 3286 1230 3363 peperisse?

281 3459 364 3525 depo
382 3472 436 3508 om.
451 3454 494 3509 ed.
554 3455 697 3522 ldefieiet
712 3453 735 3507 V
753 3455 848 3523 deficio
867 3462 892 3509 et
909 3471 960 3509 nos
980 3472 1032 3508 om.
1049 3457 1092 3510 ed.
1149 3459 1231 3514 'lim-

206 3526 268 3592 amit
286 3542 340 3580 om.
356 3525 399 3580 ed.
450 3531 614 3595 sermenem
633 3525 676 3581 sd.
728 3524 923 3581 9mooeamV
942 3527 1005 3581 -ebo
1024 3527 1067 3581 ed.
1116 3533 1150 3581 10
1164 3545 1231 3598 pos-

192 3601 240 3645 set
263 3594 288 3645 V
305 3614 377 3651 coir.
400 3597 444 3653 ed.
521 3603 555 3653 17
578 3596 769 3654 emmorde'aV
793 3598 836 3652 ed.
911 3603 944 3652 18
967 3600 1118 3653 commissis
1134 3598 1161 3653 V
1184 3600 1230 3656 ed.

180 3675 202 3714 c.
220 3666 312 3745 ‘fed‘
327 3672 407 3735 post.
483 3676 521 3727 19
539 3689 631 3746 repom
648 3672 710 3729 saie
726 3671 845 3742 pambas
864 3668 908 3724 eu.
975 3674 1012 3722 ‘lt
1031 3669 1170 3735 1111111111
1185 3672 1234 3725 erl.

166 3730 254 3786 3182
279 3734 307 3787 V
321 3741 403 3798 secut
422 3744 467 3802 ed.
