2725 4150
554 330 783 387 munmosn
1111 335 1175 401 341

159 500 345 578 tellegendns
370 502 424 561 est
456 500 596 576 proinde,
609 501 613 508 '
626 518 696 560 oum
718 499 792 560 dioit
813 500 932 577 patrino
955 500 1052 576 laudi,
1080 506 1177 562 osten·

160 590 206 650 dit
236 591 421 649 imitatorem
453 607 484 648 se
516 591 659 666 paternae
688 588 824 665 virtutis,
856 607 917 649 non
947 589 1092 651 invidum.
1144 591 1178 650 in

159 680 247 739 istius
270 678 368 739 verbis
391 678 563 738 huiusmodi
583 678 755 739 intellectus
777 678 950 739 retinendus
969 682 1027 755 est,
1050 683 1087 740 nt
1108 698 1178 739 enm

158 787 307 846 ponamus
326 788 362 827 ex
381 769 485 845 aperto
504 767 627 828 dixisse:
648 770 737 845 pater
753 787 851 843 mens,
873 768 933 827 dux
951 771 1063 844 vester,
1081 770 1178 829 multa

129 857 240 917 abella
266 859 368 918 vestra
394 858 508 917 virtute
535 858 677 933 confecit,
704 856 852 935 gloriosus
878 859 1025 918 remeavit
1054 878 1089 917 ex
1115 877 1176 918 om·

159 947 263 1021 nibus,
286 965 339 1006 eur
361 965 431 1025 ergo
454 946 534 1006 filius
558 946 621 1006 eius
643 949 674 1006 et
696 966 775 1006 nuno
796 948 928 1024 primum
950 946 1060 1008 ductor
1079 950 1178 1008 resur

160 1037 296 1111 effeetus,
319 1037 368 1095 eni
390 1054 457 1094 oum
474 1036 609 1111 paternis
626 1035 789 1113 triumphis
807 1038 956 1097 certamen
974 1039 1021 1097 est
1037 1036 1177 1114 primum,

159 1145 220 1185 non
243 1124 349 1184 similis
371 1123 512 1184 redeam?
534 1124 609 1185 dicit
630 1126 693 1183 iam
716 1124 790 1201 quid
811 1125 892 1185 faeta
914 1144 989 1204 opus
1013 1128 1066 1187 sit:
1096 1127 1178 1199 fidite

159 1232 196 1273 ae
214 1215 355 1288 pedibas:
376 1215 653 1290 homiminibus,
675 1215 791 1290 inquit,
812 1214 928 1275 belliois
946 1233 1013 1292 spes
1031 1217 1128 1276 omnis
1144 1217 1178 1275 in

115 1322 141 1361 ro
159 1304 280 1363 dextera
303 1322 366 1363 osse
389 1322 481 1379 qnam
502 1306 534 1361 in
556 1302 684 1380 pedibus
706 1303 803 1363 debet.
838 1306 918 1378 ferro
939 1306 1105 1379 rumperida
1122 1322 1179 1379 per

158 1394 249 1452 basiis
272 1397 314 1452 esi
334 1394 401 1463 oia;
423 1410 483 1465 aaa
503 1393 607 1467 aiebas
627 1393 677 1452 ille
698 1394 797 1452 aimon
814 1394 1007 1453 densissimus
1023 1399 1107 1476 argei
1123 1396 1179 1454 bae

158 1499 211 1541 aas
234 1486 260 1540 et
281 1481 423 1541 Pallanta
449 1482 551 1541 wasia
571 1482 677 1555 patria
704 1483 767 1542 alta
791 1484 928 1555 reposcit:
955 1487 987 1541 et
1014 1501 1106 1558 nune,
1132 1485 1177 1542 in-

160 1571 239 1646 quit,
263 1570 289 1630 si
307 1570 389 1631 viam
406 1572 438 1629 in
460 1570 593 1648 patriam
611 1572 771 1647 quaeritis,
793 1573 952 1648 rumpatur
968 1571 1029 1632 ista
1051 1573 1102 1632 via
1124 1591 1178 1649 per

159 1662 293 1720 hostium
325 1659 429 1737 globos
460 1662 492 1719 et
518 1679 673 1720 caesorum
705 1662 805 1739 strage
834 1660 968 1737 perfeeto
996 1662 1056 1720 iter
1081 1660 1177 1721 virtus

114 1765 140 1806 ιε
161 1750 240 1827 quod
270 1750 355 1809 deoet
381 1748 530 1824 inveniat,
559 1749 602 1810 sie
632 1750 771 1810 convenit
798 1768 852 1809 vos
880 1748 977 1809 redire
1006 1752 1178 1810 eum'novo

160 1840 243 1913 duee,
261 1838 304 1898 sie
321 1840 436 1899 intrare
453 1840 593 1915 patriam,
611 1842 646 1899 ut
665 1838 763 1916 qualis
781 1838 858 1898 solet
874 1840 1021 1916 gloriosos
1040 1840 1178 1916 accipiat

159 1929 285 1988 aomina
307 1929 393 1987 realia
410 1932 562 2002 proram,
585 1928 704 1988 owiiaii
724 1945 864 2003 tarpeiam
881 1930 919 1989 ab
936 1928 1015 1988 hosio
1031 1929 1178 1998 mortales,
1188 1945 1240 1995 aas

160 2018 276 2077 totidem
297 2018 382 2077 nobis
400 2018 573 2092 animaeque
592 2034 770 2091 moramque:
792 2017 866 2079 haee
883 2019 1091 2097 supplementa
1109 2020 1180 2080 sunt

159 2108 376 2185 persuasionis:
399 2107 518 2167 nullum
536 2107 653 2167 invidet
669 2106 849 2169 audentibus
867 2128 992 2185 numen,
1014 2128 1076 2169 una
1092 2109 1178 2169 nobis

113 2213 142 2253 ao
160 2201 191 2257 et
203 2196 340 2256 hostibus
350 2196 492 2257 nascendi
504 2196 710 2273 moriendique
720 2197 854 2257 oondioio
869 2201 923 2274 esi,
931 2217 1039 2258 manns
1052 2198 1179 2259 totidem

160 2287 300 2364 gerimus,
311 2287 429 2345 animae
444 2287 514 2345 sunt
528 2289 602 2362 quot
614 2287 676 2346 illis
692 2290 723 2346 et
736 2285 831 2346 nobis.
859 2305 911 2346 our
924 2291 1058 2348 metuam
1070 2286 1179 2364 pares?

161 2395 215 2434 aur
236 2379 370 2435 metuam
396 2394 513 2434 meeum
536 2376 625 2435 simul
646 2379 774 2435 naturae
796 2375 967 2436 subiectos?
1003 2393 1064 2435 eoae
1085 2377 1179 2436 maris

159 2482 271 2539 mapaa
280 2465 391 2524 claudit
403 2482 457 2524 aas
471 2466 549 2524 abiae
556 2470 676 2538 panias,
688 2466 766 2524 deest
777 2466 840 2525 iam
853 2468 933 2524 terra
945 2466 1044 2540 sapae,
1055 2465 1179 2539 pelagas

161 2555 320 2612 Troiamne
338 2555 494 2628 petamus?
530 2554 638 2613 elausit
655 2573 710 2614 nos
728 2573 823 2628 mare,
846 2555 976 2632 negatur
996 2553 1179 2632 fiigientibns

115 2657 141 2698 us
160 2647 255 2702 terra:
268 2642 404 2702 inveniat
417 2642 513 2702 virtus
528 2642 609 2720 quod
622 2643 783 2703 necessitas
797 2646 898 2721 negat,
910 2647 947 2702 nt
964 2643 1017 2719 qui
1034 2644 1179 2721 navigare

160 2751 221 2790 non
244 2750 417 2808 possumus,
436 2732 634 2791 Troianorum
651 2735 751 2792 eastra
768 2733 844 2793 fusis
862 2731 1178 2792 hostibus'teneamns.

160 2823 232 2880 haee
245 2822 287 2881 ait
301 2826 327 2880 ei
339 2822 453 2881 medias
467 2822 572 2881 densos
581 2822 750 2896 proruanpit
762 2822 796 2881 ia
808 2822 915 2881 basiis:
932 2820 1035 2899 magni
1048 2822 1179 2881 suasoris

161 2912 283 2970 innotus
307 2913 353 2970 est
376 2910 526 2987 partibus,
549 2911 663 2987 primus
685 2910 718 2969 in
740 2912 858 2970 hostem
884 2910 1039 2970 oontendit
1066 2914 1098 2970 et
1119 2929 1179 2969 non

162 3002 308 3059 extremos
340 3001 484 3077 agminis,
516 3001 568 3059 sed
598 3000 730 3059 medium
766 3018 874 3077 agmen
908 2998 1039 3076 inrupit3
1076 2999 1181 3059 debuit

116 3104 143 3144 so
162 3091 241 3148 enim
259 3090 372 3165 primus
392 3090 540 3149 confertos
558 3088 700 3149 invadere
719 3089 772 3166 qui
790 3087 925 3148 diversae
943 3088 1038 3167 partis
1057 3088 1180 3168 globum

233 3225 327 3279 idua
344 3230 430 3280 aester
443 3223 495 3278 VR
512 3224 538 3279 d.
552 3225 672 3294 insignis
685 3241 709 3279 o.
724 3223 768 3278 ed.
823 3223 987 3280 tumbali
1004 3222 1180 3280 om.VHOU

161 3295 205 3351 ed.
275 3302 290 3349 6
310 3313 360 3350 aar
377 3312 431 3350 om.
446 3295 488 3350 ed.
557 3294 766 3351 8redeamVR
782 3295 884 3351 redibit
900 3295 944 3350 ed.
1009 3300 1043 3349 10
1061 3294 1181 3350 aava

160 3369 250 3437 magia
272 3385 293 3422 e.
317 3366 360 3421 ed.
434 3372 468 3420 14
491 3382 630 3422 caesaram
652 3367 678 3421 lt
703 3366 880 3422 cemorumV
902 3367 1087 3422 aeaedeatiam
1109 3366 1178 3439 edi

161 3445 265 3509 strages
278 3437 331 3492 VR
348 3438 393 3494 ed.
423 3438 426 3509 i
452 3438 576 3507 perfecta
591 3437 644 3492 VR
661 3439 786 3507 perferat
806 3438 850 3492 ed.
923 3444 958 3493 15
976 3439 1025 3508 pai
1041 3439 1117 3493 decet
1129 3437 1181 3492 VR

161 3510 234 3579 quod
248 3510 274 3563 d.
289 3527 340 3564 nos
358 3517 391 3566 ut
403 3510 430 3564 d.
445 3509 488 3564 ed.
545 3515 577 3564 16
597 3511 691 3578 quales
703 3509 756 3564 VR
774 3511 864 3580 gualis
882 3510 926 3564 ed
944 3527 996 3565 noo
1014 3510 1074 3580 (sed
1088 3526 1180 3565 aeone.

161 3583 223 3646 eet).
254 3581 258 3652 Ι
291 3583 426 3652 gloriosus
442 3582 562 3650 incipiat
574 3580 626 3634 VR
644 3581 688 3636 ed.
711 3597 758 3637 -οε
780 3583 901 3651 accipiat
921 3597 980 3637 noo.
1053 3587 1086 3636 21
1108 3582 1181 3652 quod

162 3653 213 3707 VR
238 3660 302 3722 quot
325 3653 368 3707 ed.
440 3658 475 3707 28
495 3653 596 3723 pelago
619 3652 663 3707 ed.
740 3658 775 3707 24
794 3659 923 3722 petamus
942 3653 994 3708 VR
1014 3654 1114 3722 pereat
1135 3653 1178 3707 ed.

163 3729 197 3777 29
215 3725 348 3794 irrumpit
365 3723 408 3779 ed
483 3729 517 3778 30
535 3724 673 3792 consevius
686 3723 738 3778 VR
756 3739 825 3780 oorr.
844 3724 888 3779 ed
