2725 4150
200 313 265 382 636
485 310 626 367 DONATI
643 310 814 367 INTERPR.
829 310 938 367 VERG.

199 478 310 541 adieoit
327 482 358 539 et
371 479 527 541 duodecim
544 478 657 541 eervioe
676 478 823 555 subirent,
842 482 941 539 totum
960 479 999 541 ed
1013 479 1226 541 difficultatem

199 569 326 630 tollendi
354 571 498 647 pertinet,
529 571 581 630 sed
608 572 711 629 tamen
738 588 806 629 oum
833 569 922 629 laude
946 569 1049 629 Turni.
1089 569 1224 631 dicturus

198 662 245 720 est
258 659 338 719 enim
351 659 407 719 boe
420 677 528 719 saxum
545 678 607 719 nna
624 678 717 719 manu
735 662 766 719 et
787 661 909 735 portare
923 660 1059 718 Turnum
1078 662 1110 719 et
1127 662 1225 720 iaeere

198 748 345 826 potuisse,
368 749 450 825 quod
472 751 508 808 ut
530 747 671 808 credibile
693 748 791 823 fieret,
818 747 996 808 distantiam
1019 750 1155 809 veterum
1181 752 1225 809 vi·

198 857 301 898 rorum
323 840 355 897 et
371 839 538 915 praesentis
558 838 702 915 temporis
725 838 806 898 feeit
838 839 947 914 potuit,
969 838 1079 914 inquit,
1102 839 1224 899 Tmnus
1253 854 1263 895 e

198 928 254 987 hoo
268 927 346 986 ferre
360 928 391 985 et
408 928 514 1001 iaoere,
533 928 606 1003 quia
622 932 697 986 tuno
715 928 777 987 alia
795 928 892 987 forma
911 930 1002 1004 atque
1020 927 1089 987 aliis
1108 928 1224 989 viribus

198 1016 334 1075 homines
357 1016 570 1091 nascebantur,
600 1020 734 1076 aeterum
757 1016 838 1093 quod
862 1018 914 1076 ille
941 1035 1019 1077 unus
1048 1019 1140 1093 atque
1163 1037 1224 1077 nna

197 1125 289 1165 manu
318 1105 432 1182 rapuit,
464 1106 522 1165 hoo
551 1108 597 1165 est
626 1106 691 1165 sine
721 1108 831 1165 conatu
853 1105 926 1165 tulit
955 1108 986 1165 et
1014 1106 1097 1181 ieoit,
1127 1109 1225 1168 nostri

197 1196 341 1270 temporis
360 1194 495 1255 homines
514 1194 670 1254 duodecim
689 1195 760 1254 leoti
777 1197 829 1255 vix
847 1194 1010 1255 cervicibus
1030 1196 1151 1255 ferrent.
1174 1197 1225 1256 e‘tle

197 1301 291 1342 maeel
313 1287 432 1358 rapturo
454 1285 570 1357 trepida
592 1286 742 1357 erqeeear
768 1285 803 1343 le
823 1285 932 1344 hostem
956 1285 1044 1344 altior
1065 1286 1224 1361 instrepens
1241 1303 1263 1342 ro

198 1376 225 1432 et
238 1390 327 1432 eursu
345 1374 472 1433 ooneltes
489 1374 581 1432 leros.
604 1374 765 1448 sedereque
783 1379 944 1433 currentem
962 1391 993 1432 se
1010 1392 1064 1433 nee
1081 1376 1226 1450 eopnoselt

198 1466 311 1521 ermetem
320 1463 517 1535 tollentemque
528 1481 621 1522 maleel
632 1480 774 1522 senumve
786 1465 907 1522 lemane
920 1468 1094 1522 moventem:
1103 1464 1223 1524 Turnus
1235 1493 1239 1507 ·

198 1550 320 1628 quidem
348 1553 450 1612 omnia
476 1572 511 1611 ex
537 1571 620 1612 more
643 1552 763 1612 fortiter
785 1551 931 1628 faciebat3
961 1571 1032 1611 nam
1059 1556 1090 1612 et
1117 1571 1224 1613 saxum

196 1639 303 1718 ingens
332 1641 436 1717 rapuit
462 1660 556 1700 manu
584 1644 616 1701 et
642 1660 764 1702 ourrens
797 1644 889 1719 atque
921 1642 1012 1702 altior
1044 1641 1141 1718 misit,
1172 1645 1244 1720 sed⁶

197 1748 252 1790 nee
274 1730 430 1789 tollentem
453 1750 484 1789 se
506 1733 599 1791 sensit
617 1750 671 1791 nee
690 1732 812 1791 euntem
829 1731 994 1809 erigentem
1012 1751 1135 1790 manum
1155 1751 1224 1791 eum
1241 1747 1263 1789 re

197 1838 277 1881 saxo.
321 1838 388 1879 eoee
416 1839 522 1880 saxum
549 1820 663 1881 dietum
691 1823 750 1896 est,
782 1821 903 1897 quando
930 1823 1047 1881 motum
1074 1824 1121 1881 est
1148 1822 1224 1898 loeo,

197 1911 228 1969 et
245 1913 387 1969 naturam
406 1928 492 1969 suam
510 1911 541 1969 et
558 1929 652 1987 genus
670 1909 787 1986 recipit,
807 1909 927 1986 quando
946 1909 1037 1969 desiit
1054 1929 1117 1970 esse
1136 1910 1223 1971 limes

197 2002 227 2059 et
244 1999 325 2057 inter
343 1998 417 2058 dnos
437 1999 571 2060 dominos
591 1998 713 2076 arbiter,
730 2001 873 2075 osterum,
891 2001 928 2058 ut
946 1999 1061 2059 dietum
1079 2003 1134 2076 est,
1154 2020 1222 2060 oum

135 2088 258 2148 sesillie
277 2090 363 2164 esset,
381 2108 441 2148 non
460 2088 526 2148 saxi
538 2090 774 2167 appellationem
792 2089 844 2150 sed
858 2089 964 2150 limitis
981 2090 1096 2150 habuit.
1123 2108 1224 2165 perrea

197 2179 310 2247 lebant,
332 2178 447 2252 eelleles
466 2181 609 2238 maerebit
625 2181 736 2254 frtqore
753 2181 891 2254 sanquis:
913 2181 1034 2238 tantum
1056 2179 1222 2241 dissolutus
1242 2197 1264 2236 ro

195 2270 279 2326 metu
301 2267 413 2341 firerat,
436 2270 473 2327 ut
494 2268 669 2328 firmitatem
692 2269 738 2328 sui
761 2288 862 2347 genua
884 2268 947 2328 eius
968 2268 1170 2345 perdidissent
1193 2273 1224 2330 et

196 2358 306 2417 coisset
323 2357 446 2435 sanguis
463 2357 582 2434 frigore.
606 2362 667 2416 tem
686 2358 765 2430 lepis
784 2358 831 2416 tlle
849 2359 907 2416 olel
920 2376 1048 2416 eoseum
1061 2360 1224 2432 perinane

194 2447 310 2505 eoletes
323 2463 376 2505 eleo
388 2448 518 2520 spetlum
532 2448 624 2507 eease‘t
641 2450 732 2505 totum
749 2462 841 2519 oeque
853 2448 976 2520 pertulit
992 2449 1097 2506 toturn:
1119 2468 1223 2525 qnem-

195 2534 358 2594 admodum
392 2536 424 2594 in
456 2537 558 2595 Turno
591 2536 691 2595 omnia
721 2536 896 2596 habuissent
924 2536 1016 2596 etiam
1045 2537 1124 2597 iotus
1155 2538 1221 2614 ipse

194 2624 394 2700 monstrabat3
417 2645 488 2684 nam
510 2624 618 2685 missus
642 2626 722 2703 lapis
743 2625 801 2685 ivit
823 2645 877 2703 per
894 2645 1022 2686 vaouum
1045 2646 1099 2687 neo
1121 2628 1223 2687 totum
1241 2643 1266 2684 es

194 2715 323 2773 transire
347 2714 478 2789 spatium
501 2716 604 2791 potuit
625 2733 680 2774 neo
701 2715 819 2774 hostem
842 2718 1004 2791 pereutere.
1040 2734 1076 2775 ee
1093 2716 1170 2775 velet
1188 2717 1224 2776 ln

193 2804 317 2872 semels,
341 2803 439 2862 oeulos
456 2806 508 2864 ull
526 2805 670 2879 leopoldo
684 2806 795 2877 pressit
812 2809 893 2863 noete
911 2806 1004 2877 eules,
1028 2807 1223 2881 eeqeleeeam

267 2996 282 3044 2
301 2992 416 3046 tollendi
428 2991 454 3045 V
473 2992 621 3048 tollendam
640 2993 684 3048 ed.
706 2993 709 3064 l
730 2993 856 3048 dtotwes
869 3000 908 3048 est
922 2995 994 3048 enim
1007 2994 1057 3048 boe
1070 2993 1096 3047 V
1114 2996 1222 3050 temere

194 3063 316 3116 mutavit
341 3063 385 3117 ed.
455 3069 471 3117 3
497 3071 523 3120 et
543 3071 657 3133 portare
676 3081 790 3133 possum
813 3071 839 3119 et
860 3066 949 3120 loom
962 3067 1086 3134 potuisse
1099 3064 1127 3118 V
1143 3083 1223 3136 posse

193 3150 244 3201 pro
267 3150 377 3201 possum
396 3134 439 3188 ed.
462 3137 588 3191 Terrorem
606 3153 665 3191 nos.
739 3141 755 3190 5
772 3137 870 3205 posuit
886 3134 912 3189 V
931 3153 1000 3190 oorr.
1020 3136 1064 3191 ed.
1140 3145 1156 3192 6
1180 3145 1223 3194 at-

194 3221 245 3273 que
264 3204 291 3259 V
314 3212 340 3260 et
362 3205 405 3260 ed.
480 3212 513 3260 12
536 3208 724 3276 tollentemque
745 3225 846 3263 manee
863 3206 889 3261 V
912 3225 962 3276 eree
985 3208 1221 3277 interpretatione

194 3275 388 3343 confirmatur,
411 3277 462 3331 ubi
480 3286 587 3334 euntem
605 3282 751 3350 elyensem
769 3278 963 3348 coniungitur,
982 3296 1039 3334 non
1058 3283 1221 3349 separatum

192 3363 244 3414 pro
262 3365 363 3403 menes
382 3364 445 3402 oum
463 3349 506 3404 ed.
525 3368 612 3405 meree
626 3350 739 3420 scripsi,
754 3350 821 3419 quia
834 3350 1032 3418 interpretatio
1047 3354 1077 3406 et
1090 3369 1179 3421 supra
1193 3356 1222 3408 et

193 3417 268 3472 infra
281 3435 368 3472 unam
382 3438 497 3474 manum
511 3420 661 3491 intellegit,
672 3428 849 3477 moranum?
895 3428 928 3476 14
942 3421 1061 3478 alterV
1075 3424 1162 3479 altiles
1176 3424 1220 3479 ed.

194 3495 227 3542 15
251 3497 358 3546 euntem
381 3494 525 3563 eriperetem
546 3491 572 3546 V
594 3511 643 3548 esee
667 3493 802 3562 interpos.
826 3493 897 3548 edF.
975 3498 1010 3547 20
1034 3495 1174 3550 desoletur
1196 3495 1221 3549 V

186 3579 257 3620 oorr.
279 3562 322 3621 ed.
401 3569 434 3621 21
454 3563 538 3622 selV
556 3581 635 3620 seem
654 3565 697 3620 ed.
772 3571 805 3619 22
825 3565 899 3634 lapte
916 3564 964 3619 elle
981 3567 1037 3620 etri
1052 3565 1078 3619 V
1097 3568 1157 3636 ipse
1175 3567 1219 3621 ed.

176 3639 210 3695 et
232 3637 397 3714 Vergiliani
415 3639 495 3699 libri.
563 3644 602 3695 ‘24
617 3635 809 3694 lehonensi
833 3653 860 3691 se
874 3637 1030 3691 bobeteeeot
1048 3637 1092 3692 ed.
1111 3639 1220 3694 bebete-

165 3719 235 3772 sent
253 3734 310 3774 nos
332 3720 380 3794 (ut
398 3717 502 3792 infra).
