2725 4150
182 330 245 394 172
463 326 604 382 DONATI
621 326 792 381 INTERPR.
806 323 917 381 VERG.

180 513 284 554 sonam
308 514 407 571 suam,
429 499 465 555 ut
487 497 584 573 magis
607 497 764 573 magisque
786 494 890 555 mariti
911 496 1043 554 mentem
1069 493 1102 553 in
1130 512 1203 555 suas

179 586 275 660 partis
308 585 477 645 adduceret.
531 587 658 644 noverat
691 585 801 662 quippe
832 586 897 661 ipse
926 583 1082 643 Vulcanus
1120 583 1204 662 apud

179 673 271 732 Ilium
298 676 488 735 vulneratam
516 673 670 734 Diomedis
699 693 787 749 ausu,
816 675 896 749 quod
925 692 1029 734 cavere
1058 671 1204 733 debuerat

179 783 216 821 ne
240 765 302 823 iam
324 765 356 822 in
378 762 469 823 Italia
490 763 583 822 fieret.
628 763 745 822 dumet
767 767 794 822 et
814 764 908 822 atreis
930 763 999 822 ttae
1020 766 1109 836 etque
1134 762 1204 822 eeu

180 853 251 912 dieu
278 853 393 911 termis
420 856 602 911 umeteetem
630 852 768 925 amplexu
793 853 876 911 motti
901 852 991 925 foret,
1014 851 1065 910 ille
1086 855 1204 924 reperte
1234 865 1246 908 e

117 942 290 1014 eeooceepo
311 942 426 1000 solitum
452 944 606 1013 flammam
632 946 774 1016 rotasque
799 941 945 1000 medullas
971 941 1096 1000 iurarit
1121 940 1204 1000 celer

180 1035 207 1089 et
224 1031 370 1102 labefacto
383 1047 440 1103 per
458 1047 526 1089 osse
545 1032 687 1090 curauit:
710 1049 776 1090 ecce
795 1032 943 1108 quantum
956 1028 1068 1089 Veneri
1085 1029 1205 1107 profuit

180 1119 351 1178 observasse
374 1119 445 1194 loci,
467 1120 612 1196 temporis
635 1123 666 1179 et
688 1138 832 1196 personae
854 1120 1015 1193 rationem,
1037 1138 1099 1179 non
1121 1118 1204 1178 enim

178 1211 299 1267 tantum
328 1213 553 1269 commoverunt
580 1209 754 1268 Vulcanum
779 1209 903 1268 Veneris
933 1208 1025 1268 verba
1053 1209 1204 1284 quantum

179 1297 338 1356 necessitas
361 1298 429 1374 ipsa
451 1299 602 1375 poscebat.
642 1298 771 1375 denique
794 1297 896 1374 posuit
919 1301 1123 1372 cunctantem,
1150 1297 1204 1358 sed
1221 1314 1247 1354 ro

178 1387 235 1446 hoc
263 1405 324 1444 non
353 1388 454 1446 fuerat
483 1407 603 1463 parum3
635 1387 662 1447 si
692 1387 771 1447 enim
799 1406 860 1447 non
889 1387 990 1463 plene,
1022 1390 1125 1446 tamen
1155 1389 1204 1447 ut

180 1495 305 1551 cumque
329 1479 495 1536 commotus
518 1479 572 1536 est.
612 1476 645 1535 in
667 1477 841 1559 huiusmodi
863 1475 1105 1536 cunctationibus
1129 1475 1204 1553 quid

180 1564 360 1642 sperandum
387 1567 428 1625 sit
455 1565 612 1625 Terentius
643 1566 745 1626 docuit
775 1567 828 1643 qui
856 1567 900 1625 ait
930 1557 1039 1647 (Andr.
1055 1568 1083 1639 1,
1098 1567 1128 1639 5,
1145 1557 1203 1647 31)

180 1655 275 1729 „dum
297 1655 329 1712 in
353 1655 443 1714 dubio
467 1658 513 1714 est
535 1655 667 1730 animus,
690 1655 782 1732 paulo
805 1658 957 1714 momento
980 1654 1039 1713 huc
1061 1654 1110 1714 vel
1128 1654 1204 1715 illuc

179 1741 366 1820 inpellitur“.
404 1745 604 1803 necessarium
626 1744 721 1822 igitur
744 1745 869 1819 aliquod
892 1745 954 1803 fuit
975 1744 1145 1820 inventum,
1169 1745 1205 1804 ut
1222 1759 1248 1802 rs

180 1833 368 1892 dubitantem
390 1833 492 1893 Venus
521 1833 558 1892 ab
581 1834 696 1893 incerta
719 1835 869 1893 sententia
891 1832 1015 1892 celerius
1037 1835 1204 1894 revocaret.

179 1924 253 1996 ruit,
282 1923 397 1998 inquit,
426 1924 459 1981 in
490 1923 643 1998 amplexus
673 1923 737 1982 eius
767 1942 843 1982 uxor
871 1925 902 1982 et
930 1922 999 1981 inde
1029 1921 1127 2000 magia
1151 1923 1203 1984 ob·

179 2013 308 2087 tentura,
323 2011 404 2090 quod
422 2012 547 2090 pulchra
565 2011 717 2071 hominem
736 2010 930 2071 circumdedit
947 2010 1077 2070 brachiis
1096 2012 1204 2088 niveis,

179 2102 315 2161 delicatis
346 2102 472 2176 sedicet,
498 2102 649 2161 mollibus.
696 2102 768 2160 fecit
796 2103 904 2161 artifex
931 2102 1012 2178 quod
1040 2102 1099 2161 alio
1126 2103 1204 2161 tem·

179 2210 250 2266 pore
274 2194 365 2267 atque
388 2192 449 2250 alio
472 2192 538 2250 loco
561 2210 622 2250 non
644 2193 772 2266 poterat.
804 2190 857 2250 ille
880 2209 951 2251 vero
970 2190 1043 2250 totis
1061 2190 1203 2252 medullis
1222 2207 1250 2249 so

179 2298 215 2339 ac
236 2281 377 2340 membris
400 2281 443 2339 sic
466 2280 576 2340 amoris
600 2280 713 2340 calores
737 2279 864 2356 accepit,
887 2283 923 2339 ut
945 2280 1031 2339 nulla
1049 2298 1119 2356 pars
1139 2299 1204 2342 cor·

179 2371 261 2445 poris
285 2372 348 2429 eius
370 2388 431 2427 non
454 2369 601 2430 dissoluta
623 2369 791 2428 mansisset.
823 2370 944 2428 tantum
967 2369 1068 2445 potuit
1085 2369 1203 2432 fraudis

179 2461 323 2534 inventio,
341 2461 377 2518 ut
399 2460 446 2518 vis
468 2459 606 2517 flammae
630 2477 684 2535 per
702 2476 788 2517 omne
808 2476 916 2534 corpus
934 2477 1048 2534 perque
1068 2460 1203 2535 corporis

179 2568 271 2608 venas
302 2551 332 2608 et
362 2547 510 2607 medullas
543 2566 701 2607 excurrens
739 2550 838 2606 totum
870 2550 1060 2624 extorqueret
1090 2549 1202 2609 marito

180 2637 334 2698 cunctanti
361 2637 442 2713 quod
465 2637 589 2697 vitricus
612 2656 722 2715 negare
745 2639 899 2714 potuerat,
923 2637 1081 2697 accedente
1109 2637 1203 2697 etiam
1222 2653 1248 2699 ae

179 2728 288 2786 notitia
315 2726 423 2787 veteris
453 2726 587 2786 adfectus
616 2745 694 2803 quae
720 2725 753 2784 in
781 2726 967 2787 concitandis
995 2726 1103 2786 animis
1133 2727 1203 2803 plu·

178 2816 287 2874 rimum
316 2816 406 2875 valet.
458 2833 518 2874 rore
547 2833 630 2875 secus
659 2820 745 2888 etque
774 2816 844 2874 olim
873 2818 982 2875 tonitru
1014 2833 1080 2875 curu
1111 2820 1204 2891 rupte

179 2922 296 2963 corusco
319 2906 405 2979 ipoeo
428 2906 507 2964 rime
529 2907 643 2964 reicere
662 2906 812 2977 percurrit
839 2906 948 2964 {umiae
975 2906 1104 2964 nimbos:
1130 2925 1202 2982 poe·

178 2996 279 3052 tarum
309 3013 392 3053 more
423 2993 551 3053 inseruit
583 2995 840 3071 conparationem,
872 2998 908 3053 ut
940 2994 1109 3054 ostenderet
1141 3013 1203 3071 qua

178 3084 210 3142 vi
239 3103 293 3159 per
319 3101 410 3142 venas
439 3085 469 3140 et
495 3083 643 3143 medullas
666 3084 796 3143 Vulcani
826 3085 937 3144 amoris
966 3084 1105 3142 incendia
1133 3103 1202 3162 per·
1221 3104 1249 3146 so

178 3172 357 3232 volaverint.
402 3172 667 3248 quemadmodum,
685 3172 800 3248 inquit,
827 3174 926 3233 solent
951 3174 1044 3231 missa
1071 3173 1203 3233 fulmina

177 3262 277 3338 ruptis
299 3260 428 3320 nubibus
450 3260 494 3319 ire
517 3265 584 3320 tota
607 3262 759 3321 celeritate
782 3281 835 3339 per
857 3262 983 3321 nimbos.
1015 3264 1105 3320 sensit
1123 3262 1203 3323 taeta

179 3352 266 3420 dolis,
289 3351 387 3410 tristis
415 3353 504 3409 antea
528 3351 564 3409 de
586 3351 715 3429 incerto,
741 3350 795 3409 ubi
815 3350 960 3410 maritum
982 3349 1115 3411 advertit
1137 3370 1202 3413 esse

252 3510 265 3557 1
285 3505 395 3571 maenis
412 3504 571 3573 requieque
584 3502 617 3556 V.
676 3508 692 3556 8
711 3504 883 3557 retractem
896 3501 923 3555 V
941 3520 965 3557 o.
981 3503 1108 3559 Venerem
1127 3504 1202 3630 cdx)

169 3574 309 3632 debuerat
322 3574 348 3629 V
361 3574 405 3630 ed.
424 3575 548 3631 debeo?
620 3580 637 3627 4
656 3590 706 3629 rec
723 3576 781 3629 iem
794 3573 820 3627 V
834 3590 903 3627 corr.
919 3574 962 3627 ed.
1035 3582 1049 3629 7
1068 3577 1161 3630 venire

166 3646 273 3703 Veneri
289 3648 332 3705 ed.
395 3656 426 3705 11
449 3645 636 3723 utererqueV
656 3652 770 3717 uterque
787 3644 832 3701 ed.
887 3650 920 3698 tt
942 3646 996 3727 suet
1009 3644 1035 3698 V
1052 3648 1111 3701 ruit
1128 3646 1172 3701 ed.
1195 3649 1200 3719 ι

144 3718 306 3780 obserere
323 3722 352 3780 V
366 3743 440 3783 corr.
459 3726 503 3784 ed.
577 3729 611 3782 19
633 3723 742 3782 scilicet
759 3715 875 3775 cul-ed.
895 3715 910 3786 l
931 3714 1067 3779 amalcaV
1091 3720 1151 3766 urta
1166 3717 1216 3768 ab„
