<?xml version="1.0" encoding="UTF-8"?>
<!DOCTYPE html PUBLIC "-//W3C//DTD XHTML 1.0 Transitional//EN"
    "http://www.w3.org/TR/xhtml1/DTD/xhtml1-transitional.dtd">
<html xmlns="http://www.w3.org/1999/xhtml" xml:lang="en" lang="en">
 <head>
  <title>
</title>
<meta http-equiv="Content-Type" content="text/html;charset=utf-8" />
  <meta name='ocr-system' content='tesseract 3.04.00' />
  <meta name='ocr-capabilities' content='ocr_page ocr_carea ocr_par ocr_line ocrx_word'/>
</head>
<body>
  <div class='ocr_page' id='page_1' title='image "./tibericlaudidon00georgoog_0162.png"; bbox 0 0 2725 4150; ppageno 0'>
   <div class='ocr_carea' id='block_1_1' title="bbox 447 331 1178 401">
    <p class='ocr_par' dir='ltr' id='par_1_1' title="bbox 447 331 1178 401">
     <span class='ocr_line' id='line_1_1' title="bbox 447 331 1178 401; baseline 0.007 -18"><span class='ocrx_word' id='word_1_1' title='bbox 447 377 451 383; x_wconf 90' lang='lat'>.</span> <span class='ocrx_word' id='word_1_2' title='bbox 536 331 719 388; x_wconf 85' lang='lat' dir='ltr'><strong>AENEIDOS</strong></span> <span class='ocrx_word' id='word_1_3' title='bbox 734 331 799 387; x_wconf 88' lang='lat' dir='ltr'><strong>VIII</strong></span> <span class='ocrx_word' id='word_1_4' title='bbox 1115 333 1178 401; x_wconf 83' lang='lat'><strong>151</strong></span> 
     </span>
    </p>
   </div>
   <div class='ocr_carea' id='block_1_2' title="bbox 119 499 1250 3349">
    <p class='ocr_par' dir='ltr' id='par_1_2' title="bbox 119 499 1250 3349">
     <span class='ocr_line' id='line_1_2' title="bbox 163 499 1181 578; baseline 0.001 -17"><span class='ocrx_word' id='word_1_5' title='bbox 163 501 216 578; x_wconf 91' lang='lat' dir='ltr'><strong>qui</strong></span> <span class='ocrx_word' id='word_1_6' title='bbox 238 501 343 578; x_wconf 89' lang='lat' dir='ltr'><strong>aliqua</strong></span> <span class='ocrx_word' id='word_1_7' title='bbox 365 499 511 561; x_wconf 81' lang='lat' dir='ltr'><strong>violentia</strong></span> <span class='ocrx_word' id='word_1_8' title='bbox 537 502 693 578; x_wconf 86' lang='lat' dir='ltr'><strong>patefiunt.</strong></span> <span class='ocrx_word' id='word_1_9' title='bbox 734 518 800 576; x_wconf 85' lang='lat' dir='ltr'><strong>erpo</strong></span> <span class='ocrx_word' id='word_1_10' title='bbox 826 502 979 576; x_wconf 78' lang='lat' dir='ltr'><strong>insperata</strong></span> <span class='ocrx_word' id='word_1_11' title='bbox 1006 502 1181 576; x_wconf 87' lang='lat' dir='ltr'><strong>depreusum</strong></span> 
     </span>
     <span class='ocr_line' id='line_1_3' title="bbox 161 589 1181 664; baseline 0 -14"><span class='ocrx_word' id='word_1_12' title='bbox 161 593 195 650; x_wconf 89' lang='lat' dir='ltr'><strong>iu</strong></span> <span class='ocrx_word' id='word_1_13' title='bbox 218 591 280 650; x_wconf 81' lang='lat' dir='ltr'><strong>bace</strong></span> <span class='ocrx_word' id='word_1_14' title='bbox 302 595 419 664; x_wconf 82' lang='lat' dir='ltr'><strong>repeuie</strong></span> <span class='ocrx_word' id='word_1_15' title='bbox 435 591 638 664; x_wconf 79' lang='lat' dir='ltr'><strong>inclusumque</strong></span> <span class='ocrx_word' id='word_1_16' title='bbox 656 608 727 650; x_wconf 87' lang='lat' dir='ltr'><strong>caeo</strong></span> <span class='ocrx_word' id='word_1_17' title='bbox 745 607 817 650; x_wconf 79' lang='lat' dir='ltr'><strong>saxo</strong></span> <span class='ocrx_word' id='word_1_18' title='bbox 837 594 922 664; x_wconf 77' lang='lat' dir='ltr'><strong>utque</strong></span> <span class='ocrx_word' id='word_1_19' title='bbox 939 593 1057 650; x_wconf 78' lang='lat' dir='ltr'><strong>iusueta</strong></span> <span class='ocrx_word' id='word_1_20' title='bbox 1073 589 1181 650; x_wconf 73' lang='lat' dir='ltr'><strong>iudeu-</strong></span> 
     </span>
     <span class='ocr_line' id='line_1_4' title="bbox 162 678 1183 758; baseline 0.003 -20"><span class='ocrx_word' id='word_1_21' title='bbox 162 685 218 739; x_wconf 86' lang='lat' dir='ltr'><strong>iem</strong></span> <span class='ocrx_word' id='word_1_22' title='bbox 244 681 369 753; x_wconf 78' lang='lat' dir='ltr'><strong><em>desuper</em></strong></span> <span class='ocrx_word' id='word_1_23' title='bbox 394 678 514 739; x_wconf 79' lang='lat' dir='ltr'><em>Alcides</em></span> <span class='ocrx_word' id='word_1_24' title='bbox 540 681 604 739; x_wconf 86' lang='lat' dir='ltr'><strong>telis</strong></span> <span class='ocrx_word' id='word_1_25' title='bbox 625 681 743 754; x_wconf 74' lang='lat' dir='ltr'><strong>preerat</strong></span> <span class='ocrx_word' id='word_1_26' title='bbox 792 699 863 758; x_wconf 84' lang='lat' dir='ltr'><strong>ergo</strong></span> <span class='ocrx_word' id='word_1_27' title='bbox 891 699 981 756; x_wconf 92' lang='lat' dir='ltr'><strong>quem</strong></span> <span class='ocrx_word' id='word_1_28' title='bbox 1009 679 1183 757; x_wconf 74' lang='lat' dir='ltr'><strong>prodiderat</strong></span> 
     </span>
     <span class='ocr_line' id='line_1_5' title="bbox 162 768 1183 848; baseline 0.002 -20"><span class='ocrx_word' id='word_1_29' title='bbox 162 770 214 828; x_wconf 83' lang='lat' dir='ltr'><strong>lux</strong></span> <span class='ocrx_word' id='word_1_30' title='bbox 237 772 268 828; x_wconf 86' lang='lat' dir='ltr'><strong>ct</strong></span> <span class='ocrx_word' id='word_1_31' title='bbox 295 789 401 829; x_wconf 87' lang='lat' dir='ltr'><strong>cavum</strong></span> <span class='ocrx_word' id='word_1_32' title='bbox 429 770 617 830; x_wconf 78' lang='lat' dir='ltr'>concluserat</span> <span class='ocrx_word' id='word_1_33' title='bbox 643 788 749 829; x_wconf 86' lang='lat' dir='ltr'><strong>saxum</strong></span> <span class='ocrx_word' id='word_1_34' title='bbox 775 770 931 848; x_wconf 88' lang='lat' dir='ltr'><strong>premebat</strong></span> <span class='ocrx_word' id='word_1_35' title='bbox 953 768 1071 829; x_wconf 76' lang='lat' dir='ltr'><strong>Alcides</strong></span> <span class='ocrx_word' id='word_1_36' title='bbox 1100 771 1183 830; x_wconf 90' lang='lat' dir='ltr'><strong>omni</strong></span> 
     </span>
     <span class='ocr_line' id='line_1_6' title="bbox 133 858 1182 937; baseline 0.004 -23"><span class='ocrx_word' id='word_1_37' title='bbox 133 873 270 937; x_wconf 75' lang='lat' dir='ltr'><strong>agenore</strong></span> <span class='ocrx_word' id='word_1_38' title='bbox 292 860 421 919; x_wconf 86' lang='lat' dir='ltr'><strong>telorum</strong></span> <span class='ocrx_word' id='word_1_39' title='bbox 444 860 509 918; x_wconf 90' lang='lat' dir='ltr'><strong>loco</strong></span> <span class='ocrx_word' id='word_1_40' title='bbox 533 861 564 918; x_wconf 87' lang='lat' dir='ltr'><strong>ot</strong></span> <span class='ocrx_word' id='word_1_41' title='bbox 585 858 697 919; x_wconf 84' lang='lat' dir='ltr'><strong>virtute</strong></span> <span class='ocrx_word' id='word_1_42' title='bbox 720 860 865 936; x_wconf 81' lang='lat' dir='ltr'><strong>superior.</strong></span> <span class='ocrx_word' id='word_1_43' title='bbox 897 858 1074 919; x_wconf 81' lang='lat' dir='ltr'><strong>ille&#39;tamen</strong></span> <span class='ocrx_word' id='word_1_44' title='bbox 1095 858 1182 918; x_wconf 90' lang='lat' dir='ltr'><strong>rude·</strong></span> 
     </span>
     <span class='ocr_line' id='line_1_7' title="bbox 162 947 1183 1025; baseline -0.001 -18"><span class='ocrx_word' id='word_1_45' title='bbox 162 948 216 1008; x_wconf 94' lang='lat' dir='ltr'><strong>bat</strong></span> <span class='ocrx_word' id='word_1_46' title='bbox 237 950 370 1024; x_wconf 90' lang='lat' dir='ltr'><strong>insueta,</strong></span> <span class='ocrx_word' id='word_1_47' title='bbox 392 948 512 1008; x_wconf 88' lang='lat' dir='ltr'><strong>insueta</strong></span> <span class='ocrx_word' id='word_1_48' title='bbox 534 947 616 1023; x_wconf 88' lang='lat' dir='ltr'><strong>ideo,</strong></span> <span class='ocrx_word' id='word_1_49' title='bbox 639 947 712 1025; x_wconf 89' lang='lat' dir='ltr'><strong>quia</strong></span> <span class='ocrx_word' id='word_1_50' title='bbox 738 968 903 1025; x_wconf 76' lang='lat' dir='ltr'><strong>numquam</strong></span> <span class='ocrx_word' id='word_1_51' title='bbox 931 948 970 1008; x_wconf 91' lang='lat' dir='ltr'><strong>ad</strong></span> <span class='ocrx_word' id='word_1_52' title='bbox 991 950 1111 1008; x_wconf 76' lang='lat' dir='ltr'><strong>antam</strong></span> <span class='ocrx_word' id='word_1_53' title='bbox 1132 967 1183 1007; x_wconf 89' lang='lat' dir='ltr'><strong>ne·</strong></span> 
     </span>
     <span class='ocr_line' id='line_1_8' title="bbox 164 1037 1183 1100; baseline 0.001 -4"><span class='ocrx_word' id='word_1_54' title='bbox 164 1039 333 1098; x_wconf 72' lang='lat' dir='ltr'><strong>cessitatem</strong></span> <span class='ocrx_word' id='word_1_55' title='bbox 362 1041 494 1099; x_wconf 90' lang='lat' dir='ltr'><strong>venerat.</strong></span> <span class='ocrx_word' id='word_1_56' title='bbox 545 1038 653 1097; x_wconf 89' lang='lat' dir='ltr'><strong>rudere</strong></span> <span class='ocrx_word' id='word_1_57' title='bbox 682 1037 823 1098; x_wconf 86' lang='lat' dir='ltr'><strong>dicuntur</strong></span> <span class='ocrx_word' id='word_1_58' title='bbox 851 1038 946 1098; x_wconf 87' lang='lat' dir='ltr'><strong>ferae:</strong></span> <span class='ocrx_word' id='word_1_59' title='bbox 973 1039 1183 1100; x_wconf 85' lang='lat' dir='ltr'><strong>convenienter</strong></span> 
     </span>
     <span class='ocr_line' id='line_1_9' title="bbox 164 1125 1245 1204; baseline 0.002 -19"><span class='ocrx_word' id='word_1_60' title='bbox 164 1125 256 1186; x_wconf 90' lang='lat' dir='ltr'><strong>etiam</strong></span> <span class='ocrx_word' id='word_1_61' title='bbox 282 1127 332 1186; x_wconf 91' lang='lat' dir='ltr'><strong>hic</strong></span> <span class='ocrx_word' id='word_1_62' title='bbox 357 1127 464 1186; x_wconf 87' lang='lat' dir='ltr'><strong>rudere</strong></span> <span class='ocrx_word' id='word_1_63' title='bbox 487 1127 585 1188; x_wconf 87' lang='lat' dir='ltr'><strong>dietus</strong></span> <span class='ocrx_word' id='word_1_64' title='bbox 609 1129 668 1203; x_wconf 84' lang='lat' dir='ltr'><strong>est,</strong></span> <span class='ocrx_word' id='word_1_65' title='bbox 692 1127 765 1204; x_wconf 91' lang='lat' dir='ltr'><strong>quia</strong></span> <span class='ocrx_word' id='word_1_66' title='bbox 788 1128 907 1187; x_wconf 85' lang='lat' dir='ltr'><strong>semifer</strong></span> <span class='ocrx_word' id='word_1_67' title='bbox 928 1126 995 1189; x_wconf 85' lang='lat' dir='ltr'><strong>suit</strong></span> <span class='ocrx_word' id='word_1_68' title='bbox 1042 1132 1069 1186; x_wconf 85' lang='lat' dir='ltr'><strong>et</strong></span> <span class='ocrx_word' id='word_1_69' title='bbox 1089 1127 1245 1188; x_wconf 75' lang='lat' dir='ltr'><strong>raueisioo</strong></span> 
     </span>
     <span class='ocr_line' id='line_1_10' title="bbox 162 1216 1184 1292; baseline 0.001 -17"><span class='ocrx_word' id='word_1_70' title='bbox 162 1217 310 1290; x_wconf 78' lang='lat' dir='ltr'><strong>castisque</strong></span> <span class='ocrx_word' id='word_1_71' title='bbox 332 1217 495 1276; x_wconf 76' lang='lat' dir='ltr'><strong>molaribus</strong></span> <span class='ocrx_word' id='word_1_72' title='bbox 517 1217 622 1276; x_wconf 80' lang='lat' dir='ltr'><strong>instat:</strong></span> <span class='ocrx_word' id='word_1_73' title='bbox 645 1216 717 1292; x_wconf 89' lang='lat' dir='ltr'><strong>quia</strong></span> <span class='ocrx_word' id='word_1_74' title='bbox 739 1217 816 1276; x_wconf 90' lang='lat' dir='ltr'><strong>rami</strong></span> <span class='ocrx_word' id='word_1_75' title='bbox 839 1217 979 1276; x_wconf 89' lang='lat' dir='ltr'><strong>arborum</strong></span> <span class='ocrx_word' id='word_1_76' title='bbox 995 1217 1125 1278; x_wconf 89' lang='lat' dir='ltr'><strong>minores</strong></span> <span class='ocrx_word' id='word_1_77' title='bbox 1144 1217 1184 1278; x_wconf 89' lang='lat' dir='ltr'><strong>ad</strong></span> 
     </span>
     <span class='ocr_line' id='line_1_11' title="bbox 119 1304 1184 1384; baseline 0.006 -24"><span class='ocrx_word' id='word_1_78' title='bbox 119 1320 146 1361; x_wconf 84' lang='lat' dir='ltr'><strong>ro</strong></span> <span class='ocrx_word' id='word_1_79' title='bbox 163 1305 337 1383; x_wconf 83' lang='lat' dir='ltr'><strong>inplendum</strong></span> <span class='ocrx_word' id='word_1_80' title='bbox 356 1304 427 1365; x_wconf 78' lang='lat' dir='ltr'><strong>(laci</strong></span> <span class='ocrx_word' id='word_1_81' title='bbox 445 1325 546 1365; x_wconf 88' lang='lat' dir='ltr'><strong>necem</strong></span> <span class='ocrx_word' id='word_1_82' title='bbox 564 1306 706 1383; x_wconf 89' lang='lat' dir='ltr'><strong>proficere</strong></span> <span class='ocrx_word' id='word_1_83' title='bbox 726 1308 784 1366; x_wconf 92' lang='lat' dir='ltr'><strong>soli</strong></span> <span class='ocrx_word' id='word_1_84' title='bbox 801 1325 862 1365; x_wconf 91' lang='lat' dir='ltr'><strong>non</strong></span> <span class='ocrx_word' id='word_1_85' title='bbox 878 1308 1032 1384; x_wconf 85' lang='lat' dir='ltr'><strong>poterant,</strong></span> <span class='ocrx_word' id='word_1_86' title='bbox 1050 1306 1184 1367; x_wconf 82' lang='lat' dir='ltr'><strong>instabat</strong></span> 
     </span>
     <span class='ocr_line' id='line_1_12' title="bbox 164 1394 1184 1474; baseline 0.003 -21"><span class='ocrx_word' id='word_1_87' title='bbox 164 1398 195 1454; x_wconf 88' lang='lat' dir='ltr'><strong>et</strong></span> <span class='ocrx_word' id='word_1_88' title='bbox 208 1394 372 1453; x_wconf 85' lang='lat' dir='ltr'><strong>molaribus</strong></span> <span class='ocrx_word' id='word_1_89' title='bbox 386 1395 513 1473; x_wconf 82' lang='lat' dir='ltr'><strong>magnis,</strong></span> <span class='ocrx_word' id='word_1_90' title='bbox 527 1395 643 1455; x_wconf 89' lang='lat' dir='ltr'><strong>scilicet</strong></span> <span class='ocrx_word' id='word_1_91' title='bbox 659 1394 817 1456; x_wconf 87' lang='lat' dir='ltr'><strong>roboribus</strong></span> <span class='ocrx_word' id='word_1_92' title='bbox 836 1395 976 1455; x_wconf 88' lang='lat' dir='ltr'><strong>arborum</strong></span> <span class='ocrx_word' id='word_1_93' title='bbox 993 1397 1184 1474; x_wconf 83' lang='lat' dir='ltr'><strong>fragmentis-</strong></span> 
     </span>
     <span class='ocr_line' id='line_1_13' title="bbox 165 1476 1184 1560; baseline 0.003 -18"><span class='ocrx_word' id='word_1_94' title='bbox 165 1504 222 1559; x_wconf 91' lang='lat' dir='ltr'><strong>que</strong></span> <span class='ocrx_word' id='word_1_95' title='bbox 245 1502 395 1543; x_wconf 84' lang='lat' dir='ltr'><strong>saxorum.</strong></span> <span class='ocrx_word' id='word_1_96' title='bbox 425 1485 475 1543; x_wconf 86' lang='lat' dir='ltr'><strong>ille</strong></span> <span class='ocrx_word' id='word_1_97' title='bbox 498 1487 596 1544; x_wconf 81' lang='lat' dir='ltr'><strong>autem</strong></span> <span class='ocrx_word' id='word_1_98' title='bbox 618 1490 724 1558; x_wconf 79' lang='lat' dir='ltr'><strong>(uepue</strong></span> <span class='ocrx_word' id='word_1_99' title='bbox 747 1486 825 1544; x_wconf 84' lang='lat' dir='ltr'><strong>euim</strong></span> <span class='ocrx_word' id='word_1_100' title='bbox 841 1482 917 1559; x_wconf 66' lang='lat' dir='ltr'><strong>iupa</strong></span> <span class='ocrx_word' id='word_1_101' title='bbox 933 1487 996 1545; x_wconf 81' lang='lat' dir='ltr'><strong>ium</strong></span> <span class='ocrx_word' id='word_1_102' title='bbox 1014 1476 1184 1560; x_wconf 54' lang='lat' dir='ltr'><strong>super&#39;uilo</strong></span> 
     </span>
     <span class='ocr_line' id='line_1_14' title="bbox 162 1568 1186 1653; baseline 0.003 -23"><span class='ocrx_word' id='word_1_103' title='bbox 162 1573 279 1646; x_wconf 83' lang='lat' dir='ltr'><strong>pericli)</strong></span> <span class='ocrx_word' id='word_1_104' title='bbox 306 1574 444 1647; x_wconf 81' lang='lat' dir='ltr'><strong>faucibus</strong></span> <span class='ocrx_word' id='word_1_105' title='bbox 471 1574 615 1647; x_wconf 81' lang='lat' dir='ltr'><strong>iupeuieru</strong></span> <span class='ocrx_word' id='word_1_106' title='bbox 640 1574 757 1647; x_wconf 74' lang='lat' dir='ltr'><strong>furnum</strong></span> <span class='ocrx_word' id='word_1_107' title='bbox 784 1568 934 1653; x_wconf 84' lang='lat' dir='ltr'><strong>(mirabile</strong></span> <span class='ocrx_word' id='word_1_108' title='bbox 961 1574 1053 1649; x_wconf 83' lang='lat' dir='ltr'><strong>dictu)</strong></span> <span class='ocrx_word' id='word_1_109' title='bbox 1082 1575 1186 1633; x_wconf 76' lang='lat' dir='ltr'><strong>uomit</strong></span> 
     </span>
     <span class='ocr_line' id='line_1_15' title="bbox 164 1662 1185 1737; baseline 0.004 -18"><span class='ocrx_word' id='word_1_110' title='bbox 164 1662 340 1734; x_wconf 81' lang='lat' dir='ltr'><strong>iuooloiique</strong></span> <span class='ocrx_word' id='word_1_111' title='bbox 357 1662 476 1721; x_wconf 63' lang='lat' dir='ltr'><strong>umere</strong></span> <span class='ocrx_word' id='word_1_112' title='bbox 498 1663 622 1737; x_wconf 84' lang='lat' dir='ltr'><strong>calipiue</strong></span> <span class='ocrx_word' id='word_1_113' title='bbox 640 1679 727 1722; x_wconf 89' lang='lat' dir='ltr'><strong>caeca</strong></span> <span class='ocrx_word' id='word_1_114' title='bbox 746 1667 931 1737; x_wconf 73' lang='lat' dir='ltr'><strong>prospectem</strong></span> <span class='ocrx_word' id='word_1_115' title='bbox 949 1665 1075 1736; x_wconf 79' lang='lat' dir='ltr'><strong>eripiens</strong></span> <span class='ocrx_word' id='word_1_116' title='bbox 1093 1664 1185 1723; x_wconf 75' lang='lat' dir='ltr'><strong>ocubs</strong></span> 
     </span>
     <span class='ocr_line' id='line_1_16' title="bbox 121 1752 1246 1828; baseline 0.004 -19"><span class='ocrx_word' id='word_1_117' title='bbox 121 1768 147 1809; x_wconf 80' lang='lat' dir='ltr'><strong>ro</strong></span> <span class='ocrx_word' id='word_1_118' title='bbox 163 1752 359 1825; x_wconf 78' lang='lat' dir='ltr'><strong>placueratque</strong></span> <span class='ocrx_word' id='word_1_119' title='bbox 384 1752 439 1810; x_wconf 86' lang='lat' dir='ltr'><strong>sub</strong></span> <span class='ocrx_word' id='word_1_120' title='bbox 470 1755 555 1810; x_wconf 80' lang='lat' dir='ltr'><strong>autre</strong></span> <span class='ocrx_word' id='word_1_121' title='bbox 584 1752 759 1825; x_wconf 59' lang='lat' dir='ltr'><strong>luciferam</strong></span> <span class='ocrx_word' id='word_1_122' title='bbox 787 1755 897 1812; x_wconf 73' lang='lat' dir='ltr'><strong>uocum</strong></span> <span class='ocrx_word' id='word_1_123' title='bbox 929 1753 1090 1812; x_wconf 77' lang='lat' dir='ltr'><strong>mministis</strong></span> <span class='ocrx_word' id='word_1_124' title='bbox 1118 1753 1246 1828; x_wconf 66' lang='lat' dir='ltr'><strong>uuerco</strong></span> 
     </span>
     <span class='ocr_line' id='line_1_17' title="bbox 166 1840 1187 1919; baseline 0.003 -22"><span class='ocrx_word' id='word_1_125' title='bbox 166 1840 305 1898; x_wconf 79' lang='lat' dir='ltr'><strong>tenebris:</strong></span> <span class='ocrx_word' id='word_1_126' title='bbox 332 1841 385 1900; x_wconf 93' lang='lat' dir='ltr'><strong>ille</strong></span> <span class='ocrx_word' id='word_1_127' title='bbox 417 1859 486 1899; x_wconf 88' lang='lat' dir='ltr'><strong>cum</strong></span> <span class='ocrx_word' id='word_1_128' title='bbox 515 1840 684 1901; x_wconf 75' lang='lat' dir='ltr'><strong>adverteret</strong></span> <span class='ocrx_word' id='word_1_129' title='bbox 711 1841 871 1901; x_wconf 80' lang='lat' dir='ltr'><strong>discrimen</strong></span> <span class='ocrx_word' id='word_1_130' title='bbox 897 1861 1037 1919; x_wconf 89' lang='lat' dir='ltr'><strong>praesens</strong></span> <span class='ocrx_word' id='word_1_131' title='bbox 1065 1841 1187 1903; x_wconf 71' lang='lat' dir='ltr'><strong>vivendi</strong></span> 
     </span>
     <span class='ocr_line' id='line_1_18' title="bbox 166 1928 1187 2010; baseline 0.004 -24"><span class='ocrx_word' id='word_1_132' title='bbox 166 1929 215 1986; x_wconf 84' lang='lat' dir='ltr'><strong>vel</strong></span> <span class='ocrx_word' id='word_1_133' title='bbox 237 1928 372 2007; x_wconf 80' lang='lat' dir='ltr'><strong>fugiendi</strong></span> <span class='ocrx_word' id='word_1_134' title='bbox 394 1947 478 2006; x_wconf 90' lang='lat' dir='ltr'><strong>spem</strong></span> <span class='ocrx_word' id='word_1_135' title='bbox 500 1930 629 2005; x_wconf 85' lang='lat' dir='ltr'><strong>nullam,</strong></span> <span class='ocrx_word' id='word_1_136' title='bbox 648 1931 740 1992; x_wconf 84' lang='lat' dir='ltr'><strong>vertit</strong></span> <span class='ocrx_word' id='word_1_137' title='bbox 759 1949 790 1990; x_wconf 90' lang='lat' dir='ltr'><strong>se</strong></span> <span class='ocrx_word' id='word_1_138' title='bbox 808 1930 846 1990; x_wconf 86' lang='lat' dir='ltr'><strong>ad</strong></span> <span class='ocrx_word' id='word_1_139' title='bbox 869 1947 905 1991; x_wconf 90' lang='lat' dir='ltr'><strong>ea</strong></span> <span class='ocrx_word' id='word_1_140' title='bbox 928 1932 1038 2008; x_wconf 87' lang='lat' dir='ltr'><strong>quibus</strong></span> <span class='ocrx_word' id='word_1_141' title='bbox 1056 1931 1187 2010; x_wconf 88' lang='lat' dir='ltr'><strong>putabat</strong></span> 
     </span>
     <span class='ocr_line' id='line_1_19' title="bbox 166 2017 1186 2098; baseline 0.006 -22"><span class='ocrx_word' id='word_1_142' title='bbox 166 2017 324 2078; x_wconf 88' lang='lat' dir='ltr'><strong>Herculem</strong></span> <span class='ocrx_word' id='word_1_143' title='bbox 355 2020 462 2079; x_wconf 87' lang='lat' dir='ltr'><strong>terreri</strong></span> <span class='ocrx_word' id='word_1_144' title='bbox 496 2020 629 2097; x_wconf 86' lang='lat' dir='ltr'><strong>potuisse</strong></span> <span class='ocrx_word' id='word_1_145' title='bbox 662 2020 746 2080; x_wconf 90' lang='lat' dir='ltr'><strong>fumo</strong></span> <span class='ocrx_word' id='word_1_146' title='bbox 773 2022 864 2098; x_wconf 84' lang='lat' dir='ltr'><strong>atquc</strong></span> <span class='ocrx_word' id='word_1_147' title='bbox 890 2020 1019 2083; x_wconf 88' lang='lat' dir='ltr'><strong>fiammis</strong></span> <span class='ocrx_word' id='word_1_148' title='bbox 1045 2022 1186 2084; x_wconf 75' lang='lat' dir='ltr'><strong>uniuersa</strong></span> 
     </span>
     <span class='ocr_line' id='line_1_20' title="bbox 167 2109 1187 2189; baseline 0.005 -23"><span class='ocrx_word' id='word_1_149' title='bbox 167 2109 359 2183; x_wconf 88' lang='lat' dir='ltr'><strong>confundens,</strong></span> <span class='ocrx_word' id='word_1_150' title='bbox 381 2112 418 2167; x_wconf 93' lang='lat' dir='ltr'><strong>ut</strong></span> <span class='ocrx_word' id='word_1_151' title='bbox 436 2112 537 2186; x_wconf 85' lang='lat' dir='ltr'><strong>erepto</strong></span> <span class='ocrx_word' id='word_1_152' title='bbox 556 2110 637 2170; x_wconf 89' lang='lat' dir='ltr'><strong>hosti</strong></span> <span class='ocrx_word' id='word_1_153' title='bbox 654 2113 816 2187; x_wconf 89' lang='lat' dir='ltr'><strong>prospectu</strong></span> <span class='ocrx_word' id='word_1_154' title='bbox 834 2113 946 2172; x_wconf 87' lang='lat' dir='ltr'><strong>vitaret</strong></span> <span class='ocrx_word' id='word_1_155' title='bbox 964 2110 1046 2189; x_wconf 88' lang='lat' dir='ltr'><strong>quod</strong></span> <span class='ocrx_word' id='word_1_156' title='bbox 1063 2111 1187 2181; x_wconf 86' lang='lat' dir='ltr'><strong>videbat</strong></span> 
     </span>
     <span class='ocr_line' id='line_1_21' title="bbox 122 2196 1186 2280; baseline 0.007 -26"><span class='ocrx_word' id='word_1_157' title='bbox 122 2215 149 2255; x_wconf 83' lang='lat' dir='ltr'><strong>ro</strong></span> <span class='ocrx_word' id='word_1_158' title='bbox 166 2196 286 2259; x_wconf 86' lang='lat' dir='ltr'><strong>instare.</strong></span> <span class='ocrx_word' id='word_1_159' title='bbox 317 2215 378 2257; x_wconf 86' lang='lat' dir='ltr'><strong>uau</strong></span> <span class='ocrx_word' id='word_1_160' title='bbox 396 2199 461 2257; x_wconf 85' lang='lat' dir='ltr'><strong>tulii</strong></span> <span class='ocrx_word' id='word_1_161' title='bbox 479 2196 599 2259; x_wconf 83' lang='lat' dir='ltr'><strong>Alcides</strong></span> <span class='ocrx_word' id='word_1_162' title='bbox 621 2201 745 2260; x_wconf 84' lang='lat' dir='ltr'><strong>cuiuis:</strong></span> <span class='ocrx_word' id='word_1_163' title='bbox 767 2200 815 2260; x_wconf 90' lang='lat' dir='ltr'><strong>his</strong></span> <span class='ocrx_word' id='word_1_164' title='bbox 833 2201 953 2261; x_wconf 88' lang='lat' dir='ltr'><strong>Alcides</strong></span> <span class='ocrx_word' id='word_1_165' title='bbox 975 2201 1186 2280; x_wconf 81' lang='lat' dir='ltr'><strong>magnanimus</strong></span> 
     </span>
     <span class='ocr_line' id='line_1_22' title="bbox 166 2287 1188 2364; baseline 0.004 -18"><span class='ocrx_word' id='word_1_166' title='bbox 166 2287 272 2347; x_wconf 86' lang='lat' dir='ltr'><strong>terreri</strong></span> <span class='ocrx_word' id='word_1_167' title='bbox 294 2308 354 2348; x_wconf 92' lang='lat' dir='ltr'><strong>non</strong></span> <span class='ocrx_word' id='word_1_168' title='bbox 381 2289 490 2363; x_wconf 88' lang='lat' dir='ltr'><strong>potuit.</strong></span> <span class='ocrx_word' id='word_1_169' title='bbox 540 2306 626 2362; x_wconf 78' lang='lat' dir='ltr'><strong>seque</strong></span> <span class='ocrx_word' id='word_1_170' title='bbox 651 2290 715 2363; x_wconf 82' lang='lat' dir='ltr'><strong>ipse</strong></span> <span class='ocrx_word' id='word_1_171' title='bbox 737 2307 794 2363; x_wconf 84' lang='lat' dir='ltr'><strong>per</strong></span> <span class='ocrx_word' id='word_1_172' title='bbox 820 2291 916 2364; x_wconf 80' lang='lat' dir='ltr'><strong>ipueru</strong></span> <span class='ocrx_word' id='word_1_173' title='bbox 939 2292 1096 2364; x_wconf 82' lang='lat' dir='ltr'><strong>praecipiti</strong></span> <span class='ocrx_word' id='word_1_174' title='bbox 1121 2292 1188 2350; x_wconf 79' lang='lat' dir='ltr'><strong>iecit</strong></span> 
     </span>
     <span class='ocr_line' id='line_1_23' title="bbox 166 2376 1187 2456; baseline 0.004 -21"><span class='ocrx_word' id='word_1_175' title='bbox 166 2378 259 2436; x_wconf 86' lang='lat' dir='ltr'><strong>saltu:</strong></span> <span class='ocrx_word' id='word_1_176' title='bbox 275 2378 363 2436; x_wconf 90' lang='lat' dir='ltr'><strong>tanto</strong></span> <span class='ocrx_word' id='word_1_177' title='bbox 382 2376 421 2435; x_wconf 91' lang='lat' dir='ltr'><strong>ad</strong></span> <span class='ocrx_word' id='word_1_178' title='bbox 438 2377 586 2437; x_wconf 89' lang='lat' dir='ltr'><strong>ultionem</strong></span> <span class='ocrx_word' id='word_1_179' title='bbox 604 2378 721 2438; x_wconf 86' lang='lat' dir='ltr'><strong>fervore</strong></span> <span class='ocrx_word' id='word_1_180' title='bbox 739 2397 902 2456; x_wconf 85' lang='lat' dir='ltr'><strong>properans</strong></span> <span class='ocrx_word' id='word_1_181' title='bbox 919 2378 990 2438; x_wconf 76' lang='lat' dir='ltr'><strong>(iaci</strong></span> <span class='ocrx_word' id='word_1_182' title='bbox 1007 2380 1187 2456; x_wconf 79' lang='lat' dir='ltr'><strong>contempsIt</strong></span> 
     </span>
     <span class='ocr_line' id='line_1_24' title="bbox 165 2466 1187 2546; baseline 0.002 -21"><span class='ocrx_word' id='word_1_183' title='bbox 165 2466 303 2525; x_wconf 86' lang='lat' dir='ltr'><strong>incendia</strong></span> <span class='ocrx_word' id='word_1_184' title='bbox 332 2486 445 2543; x_wconf 91' lang='lat' dir='ltr'><strong>perque</strong></span> <span class='ocrx_word' id='word_1_185' title='bbox 473 2466 579 2543; x_wconf 85' lang='lat' dir='ltr'><strong>ipsum·</strong></span> <span class='ocrx_word' id='word_1_186' title='bbox 603 2467 704 2546; x_wconf 83' lang='lat' dir='ltr'><strong>ignem</strong></span> <span class='ocrx_word' id='word_1_187' title='bbox 739 2486 802 2527; x_wconf 89' lang='lat' dir='ltr'><strong>sese</strong></span> <span class='ocrx_word' id='word_1_188' title='bbox 832 2467 1000 2544; x_wconf 90' lang='lat' dir='ltr'><strong>intrepidus</strong></span> <span class='ocrx_word' id='word_1_189' title='bbox 1031 2469 1102 2528; x_wconf 89' lang='lat' dir='ltr'><strong>iecit</strong></span> <span class='ocrx_word' id='word_1_190' title='bbox 1132 2486 1187 2527; x_wconf 89' lang='lat' dir='ltr'><strong>nec</strong></span> 
     </span>
     <span class='ocr_line' id='line_1_25' title="bbox 166 2554 1187 2632; baseline 0.003 -20"><span class='ocrx_word' id='word_1_191' title='bbox 166 2554 264 2632; x_wconf 89' lang='lat' dir='ltr'><strong>ipsam</strong></span> <span class='ocrx_word' id='word_1_192' title='bbox 292 2556 352 2614; x_wconf 89' lang='lat' dir='ltr'><strong>looi</strong></span> <span class='ocrx_word' id='word_1_193' title='bbox 384 2554 576 2615; x_wconf 83' lang='lat' dir='ltr'><strong>altitudinem</strong></span> <span class='ocrx_word' id='word_1_194' title='bbox 605 2559 751 2617; x_wconf 82' lang='lat' dir='ltr'><strong>metuens.</strong></span> <span class='ocrx_word' id='word_1_195' title='bbox 806 2574 865 2629; x_wconf 82' lang='lat' dir='ltr'><strong>pua</strong></span> <span class='ocrx_word' id='word_1_196' title='bbox 892 2557 1043 2631; x_wconf 73' lang='lat' dir='ltr'><strong>pluriores</strong></span> <span class='ocrx_word' id='word_1_197' title='bbox 1073 2556 1187 2616; x_wconf 86' lang='lat' dir='ltr'><strong>uudum</strong></span> 
     </span>
     <span class='ocr_line' id='line_1_26' title="bbox 121 2642 1186 2722; baseline 0.005 -22"><span class='ocrx_word' id='word_1_198' title='bbox 121 2660 147 2700; x_wconf 81' lang='lat' dir='ltr'><strong>ss</strong></span> <span class='ocrx_word' id='word_1_199' title='bbox 165 2646 267 2717; x_wconf 75' lang='lat' dir='ltr'><strong>fumus</strong></span> <span class='ocrx_word' id='word_1_200' title='bbox 290 2646 352 2719; x_wconf 77' lang='lat' dir='ltr'><strong>apii</strong></span> <span class='ocrx_word' id='word_1_201' title='bbox 372 2644 535 2718; x_wconf 78' lang='lat' dir='ltr'><strong>nebulaque</strong></span> <span class='ocrx_word' id='word_1_202' title='bbox 552 2647 656 2720; x_wconf 80' lang='lat' dir='ltr'><strong>iupcus</strong></span> <span class='ocrx_word' id='word_1_203' title='bbox 673 2663 776 2720; x_wconf 88' lang='lat' dir='ltr'><strong>specus</strong></span> <span class='ocrx_word' id='word_1_204' title='bbox 795 2649 910 2705; x_wconf 80' lang='lat' dir='ltr'><strong>aestuat</strong></span> <span class='ocrx_word' id='word_1_205' title='bbox 922 2642 1009 2704; x_wconf 77' lang='lat' dir='ltr'><strong>&#39;cira-</strong></span> <span class='ocrx_word' id='word_1_206' title='bbox 1030 2644 1186 2722; x_wconf 85' lang='lat' dir='ltr'><strong>prudentis</strong></span> 
     </span>
     <span class='ocr_line' id='line_1_27' title="bbox 167 2733 1188 2818; baseline 0.003 -26"><span class='ocrx_word' id='word_1_207' title='bbox 167 2734 299 2810; x_wconf 90' lang='lat' dir='ltr'><strong>suspicio</strong></span> <span class='ocrx_word' id='word_1_208' title='bbox 322 2733 376 2793; x_wconf 94' lang='lat' dir='ltr'><strong>illo</strong></span> <span class='ocrx_word' id='word_1_209' title='bbox 400 2733 543 2794; x_wconf 89' lang='lat' dir='ltr'><strong>tendebat</strong></span> <span class='ocrx_word' id='word_1_210' title='bbox 564 2735 618 2794; x_wconf 92' lang='lat' dir='ltr'><strong>ubi</strong></span> <span class='ocrx_word' id='word_1_211' title='bbox 641 2736 739 2814; x_wconf 83' lang='lat' dir='ltr'><strong>caligo</strong></span> <span class='ocrx_word' id='word_1_212' title='bbox 761 2735 867 2810; x_wconf 85' lang='lat' dir='ltr'><strong>maior,</strong></span> <span class='ocrx_word' id='word_1_213' title='bbox 890 2733 1009 2793; x_wconf 89' lang='lat' dir='ltr'><strong>densior</strong></span> <span class='ocrx_word' id='word_1_214' title='bbox 1030 2736 1130 2818; x_wconf 80' lang='lat' dir='ltr'><strong>fumus</strong></span> <span class='ocrx_word' id='word_1_215' title='bbox 1157 2737 1188 2795; x_wconf 85' lang='lat' dir='ltr'><strong>e&#39;t</strong></span> 
     </span>
     <span class='ocr_line' id='line_1_28' title="bbox 166 2822 1188 2902; baseline 0.004 -21"><span class='ocrx_word' id='word_1_216' title='bbox 166 2822 303 2882; x_wconf 89' lang='lat' dir='ltr'><strong>incendia</strong></span> <span class='ocrx_word' id='word_1_217' title='bbox 330 2822 457 2882; x_wconf 89' lang='lat' dir='ltr'><strong>fortiora</strong></span> <span class='ocrx_word' id='word_1_218' title='bbox 485 2825 666 2885; x_wconf 90' lang='lat' dir='ltr'><strong>crescebant.</strong></span> <span class='ocrx_word' id='word_1_219' title='bbox 716 2823 847 2884; x_wconf 85' lang='lat' dir='ltr'><strong>dubitari</strong></span> <span class='ocrx_word' id='word_1_220' title='bbox 874 2824 954 2882; x_wconf 91' lang='lat' dir='ltr'><strong>enim</strong></span> <span class='ocrx_word' id='word_1_221' title='bbox 980 2843 1041 2884; x_wconf 92' lang='lat' dir='ltr'><strong>non</strong></span> <span class='ocrx_word' id='word_1_222' title='bbox 1068 2826 1188 2902; x_wconf 88' lang='lat' dir='ltr'><strong>poterat</strong></span> 
     </span>
     <span class='ocr_line' id='line_1_29' title="bbox 166 2910 1186 2993; baseline 0.005 -24"><span class='ocrx_word' id='word_1_223' title='bbox 166 2910 231 2970; x_wconf 89' lang='lat' dir='ltr'><strong>illio</strong></span> <span class='ocrx_word' id='word_1_224' title='bbox 253 2912 347 2971; x_wconf 88' lang='lat' dir='ltr'><strong>latere</strong></span> <span class='ocrx_word' id='word_1_225' title='bbox 370 2912 578 2989; x_wconf 88' lang='lat' dir='ltr'><strong>desperantem</strong></span> <span class='ocrx_word' id='word_1_226' title='bbox 600 2913 653 2972; x_wconf 90' lang='lat' dir='ltr'><strong>ubi</strong></span> <span class='ocrx_word' id='word_1_227' title='bbox 675 2913 815 2972; x_wconf 84' lang='lat' dir='ltr'><strong>fortiores</strong></span> <span class='ocrx_word' id='word_1_228' title='bbox 842 2910 970 2973; x_wconf 91' lang='lat' dir='ltr'><strong>insidiae</strong></span> <span class='ocrx_word' id='word_1_229' title='bbox 997 2914 1186 2993; x_wconf 88' lang='lat' dir='ltr'><strong>superabant.</strong></span> 
     </span>
     <span class='ocr_line' id='line_1_30' title="bbox 167 3000 1250 3077; baseline 0.006 -19"><span class='ocrx_word' id='word_1_230' title='bbox 167 3001 213 3059; x_wconf 85' lang='lat' dir='ltr'><strong>bie</strong></span> <span class='ocrx_word' id='word_1_231' title='bbox 238 3000 348 3060; x_wconf 77' lang='lat' dir='ltr'><strong>Cacum</strong></span> <span class='ocrx_word' id='word_1_232' title='bbox 370 3002 404 3060; x_wconf 91' lang='lat' dir='ltr'><strong>iu</strong></span> <span class='ocrx_word' id='word_1_233' title='bbox 426 3004 551 3061; x_wconf 82' lang='lat' dir='ltr'><strong>tenebris</strong></span> <span class='ocrx_word' id='word_1_234' title='bbox 573 3003 712 3061; x_wconf 80' lang='lat' dir='ltr'><strong>lucendio</strong></span> <span class='ocrx_word' id='word_1_235' title='bbox 724 3020 815 3075; x_wconf 80' lang='lat' dir='ltr'><strong>caua</strong></span> <span class='ocrx_word' id='word_1_236' title='bbox 836 3006 996 3063; x_wconf 79' lang='lat' dir='ltr'><strong>uomentem</strong></span> <span class='ocrx_word' id='word_1_237' title='bbox 1018 3004 1138 3077; x_wconf 84' lang='lat' dir='ltr'><strong>corripit</strong></span> <span class='ocrx_word' id='word_1_238' title='bbox 1155 3004 1250 3064; x_wconf 74' lang='lat' dir='ltr'><strong>tuito</strong></span> 
     </span>
     <span class='ocr_line' id='line_1_31' title="bbox 122 3089 1189 3168; baseline 0.006 -23"><span class='ocrx_word' id='word_1_239' title='bbox 122 3104 149 3144; x_wconf 89' lang='lat' dir='ltr'><strong>eo</strong></span> <span class='ocrx_word' id='word_1_240' title='bbox 167 3089 277 3147; x_wconf 80' lang='lat' dir='ltr'><strong>aedua</strong></span> <span class='ocrx_word' id='word_1_241' title='bbox 300 3091 456 3162; x_wconf 84' lang='lat' dir='ltr'><strong>coupleuus</strong></span> <span class='ocrx_word' id='word_1_242' title='bbox 477 3090 523 3168; x_wconf 85' lang='lat' dir='ltr'><strong>[ei</strong></span> <span class='ocrx_word' id='word_1_243' title='bbox 540 3093 623 3167; x_wconf 85' lang='lat' dir='ltr'><strong>cupii</strong></span> <span class='ocrx_word' id='word_1_244' title='bbox 639 3092 796 3151; x_wconf 85' lang='lat' dir='ltr'><strong>iubcereus</strong></span> <span class='ocrx_word' id='word_1_245' title='bbox 814 3092 899 3152; x_wconf 87' lang='lat' dir='ltr'><strong>elisos</strong></span> <span class='ocrx_word' id='word_1_246' title='bbox 917 3093 1014 3151; x_wconf 86' lang='lat' dir='ltr'><strong>oculos</strong></span> <span class='ocrx_word' id='word_1_247' title='bbox 1032 3096 1058 3152; x_wconf 87' lang='lat' dir='ltr'><strong>ei</strong></span> <span class='ocrx_word' id='word_1_248' title='bbox 1080 3094 1189 3152; x_wconf 71' lang='lat' dir='ltr'><strong>uocum</strong></span> 
     </span>
     <span class='ocr_line' id='line_1_32' title="bbox 167 3175 1187 3258; baseline 0.004 -21"><span class='ocrx_word' id='word_1_249' title='bbox 167 3180 312 3252; x_wconf 81' lang='lat' dir='ltr'><strong>soupuiue</strong></span> <span class='ocrx_word' id='word_1_250' title='bbox 332 3175 465 3256; x_wconf 55' lang='lat' dir='ltr'><strong>paliuri·</strong></span> <span class='ocrx_word' id='word_1_251' title='bbox 488 3200 555 3240; x_wconf 92' lang='lat' dir='ltr'><strong>cum</strong></span> <span class='ocrx_word' id='word_1_252' title='bbox 577 3201 637 3241; x_wconf 92' lang='lat' dir='ltr'><strong>non</strong></span> <span class='ocrx_word' id='word_1_253' title='bbox 660 3182 813 3243; x_wconf 85' lang='lat' dir='ltr'><strong>videretur</strong></span> <span class='ocrx_word' id='word_1_254' title='bbox 835 3182 867 3240; x_wconf 90' lang='lat' dir='ltr'><strong>in</strong></span> <span class='ocrx_word' id='word_1_255' title='bbox 890 3181 1033 3257; x_wconf 84' lang='lat' dir='ltr'><strong>tenebris,</strong></span> <span class='ocrx_word' id='word_1_256' title='bbox 1061 3201 1114 3258; x_wconf 89' lang='lat' dir='ltr'><strong>per</strong></span> <span class='ocrx_word' id='word_1_257' title='bbox 1137 3200 1187 3241; x_wconf 87' lang='lat' dir='ltr'><strong>eas</strong></span> 
     </span>
     <span class='ocr_line' id='line_1_33' title="bbox 167 3266 1187 3349; baseline 0.004 -24"><span class='ocrx_word' id='word_1_258' title='bbox 167 3266 292 3327; x_wconf 90' lang='lat' dir='ltr'><strong>insidias</strong></span> <span class='ocrx_word' id='word_1_259' title='bbox 317 3272 423 3345; x_wconf 88' lang='lat' dir='ltr'><strong>captus</strong></span> <span class='ocrx_word' id='word_1_260' title='bbox 447 3273 493 3330; x_wconf 90' lang='lat' dir='ltr'><strong>est</strong></span> <span class='ocrx_word' id='word_1_261' title='bbox 516 3271 624 3347; x_wconf 88' lang='lat' dir='ltr'><strong>quibus</strong></span> <span class='ocrx_word' id='word_1_262' title='bbox 647 3290 678 3331; x_wconf 90' lang='lat' dir='ltr'><strong>se</strong></span> <span class='ocrx_word' id='word_1_263' title='bbox 702 3273 875 3349; x_wconf 85' lang='lat' dir='ltr'><strong>speraverat</strong></span> <span class='ocrx_word' id='word_1_264' title='bbox 902 3289 1069 3331; x_wconf 85' lang='lat' dir='ltr'><strong>evasurum.</strong></span> <span class='ocrx_word' id='word_1_265' title='bbox 1120 3289 1187 3330; x_wconf 89' lang='lat' dir='ltr'><strong>cum</strong></span> 
     </span>
    </p>
   </div>
   <div class='ocr_carea' id='block_1_3' title="bbox 167 3438 1204 3728">
    <p class='ocr_par' dir='ltr' id='par_1_3' title="bbox 167 3438 1204 3728">
     <span class='ocr_line' id='line_1_34' title="bbox 241 3438 1186 3509; baseline 0.003 -17"><span class='ocrx_word' id='word_1_266' title='bbox 241 3438 388 3493; x_wconf 75' lang='lat' dir='ltr'><strong>bideoV</strong></span> <span class='ocrx_word' id='word_1_267' title='bbox 415 3441 524 3508; x_wconf 79' lang='lat' dir='ltr'><strong>quidem</strong></span> <span class='ocrx_word' id='word_1_268' title='bbox 549 3440 593 3496; x_wconf 86' lang='lat' dir='ltr'><strong>ed.</strong></span> <span class='ocrx_word' id='word_1_269' title='bbox 671 3447 686 3495; x_wconf 76' lang='lat'><strong>‘1</strong></span> <span class='ocrx_word' id='word_1_270' title='bbox 712 3442 807 3509; x_wconf 74' lang='lat' dir='ltr'><strong>faciae</strong></span> <span class='ocrx_word' id='word_1_271' title='bbox 826 3440 860 3496; x_wconf 88' lang='lat' dir='ltr'><strong>V.</strong></span> <span class='ocrx_word' id='word_1_272' title='bbox 933 3446 967 3495; x_wconf 89' lang='lat'><strong>10</strong></span> <span class='ocrx_word' id='word_1_273' title='bbox 989 3442 1118 3509; x_wconf 76' lang='lat' dir='ltr'><strong>perficere</strong></span> <span class='ocrx_word' id='word_1_274' title='bbox 1143 3440 1186 3495; x_wconf 90' lang='lat' dir='ltr'><strong>ed.</strong></span> 
     </span>
     <span class='ocr_line' id='line_1_35' title="bbox 169 3510 1189 3582; baseline 0.006 -21"><span class='ocrx_word' id='word_1_275' title='bbox 169 3514 202 3561; x_wconf 93' lang='lat'><strong>11</strong></span> <span class='ocrx_word' id='word_1_276' title='bbox 217 3512 438 3579; x_wconf 75' lang='lat' dir='ltr'><strong>praemiatispue</strong></span> <span class='ocrx_word' id='word_1_277' title='bbox 452 3528 584 3567; x_wconf 72' lang='lat' dir='ltr'><strong>sacramur</strong></span> <span class='ocrx_word' id='word_1_278' title='bbox 599 3510 624 3565; x_wconf 93' lang='lat' dir='ltr'>V</span> <span class='ocrx_word' id='word_1_279' title='bbox 640 3514 855 3582; x_wconf 73' lang='lat' dir='ltr'><strong>frequentisque</strong></span> <span class='ocrx_word' id='word_1_280' title='bbox 872 3528 893 3567; x_wconf 87' lang='lat' dir='ltr'><strong>s.</strong></span> <span class='ocrx_word' id='word_1_281' title='bbox 912 3529 963 3567; x_wconf 89' lang='lat' dir='ltr'><strong>nos</strong></span> <span class='ocrx_word' id='word_1_282' title='bbox 977 3513 1189 3582; x_wconf 77' lang='lat' dir='ltr'><strong>praeruptisque</strong></span> 
     </span>
     <span class='ocr_line' id='line_1_36' title="bbox 167 3581 1189 3652; baseline 0.005 -18"><span class='ocrx_word' id='word_1_283' title='bbox 167 3597 189 3634; x_wconf 89' lang='lat' dir='ltr'><strong>s.</strong></span> <span class='ocrx_word' id='word_1_284' title='bbox 209 3582 326 3636; x_wconf 85' lang='lat' dir='ltr'><strong>molibus</strong></span> <span class='ocrx_word' id='word_1_285' title='bbox 344 3581 388 3636; x_wconf 89' lang='lat' dir='ltr'><strong>ed.</strong></span> <span class='ocrx_word' id='word_1_286' title='bbox 457 3588 490 3636; x_wconf 81' lang='lat'><strong>13</strong></span> <span class='ocrx_word' id='word_1_287' title='bbox 505 3584 606 3652; x_wconf 82' lang='lat' dir='ltr'><strong>pericli</strong></span> <span class='ocrx_word' id='word_1_288' title='bbox 623 3589 663 3638; x_wconf 80' lang='lat' dir='ltr'><strong>est</strong></span> <span class='ocrx_word' id='word_1_289' title='bbox 680 3584 724 3640; x_wconf 88' lang='lat' dir='ltr'><strong>ed.</strong></span> <span class='ocrx_word' id='word_1_290' title='bbox 794 3589 827 3638; x_wconf 76' lang='lat'><strong>17</strong></span> <span class='ocrx_word' id='word_1_291' title='bbox 846 3581 928 3638; x_wconf 87' lang='lat' dir='ltr'><strong>eelV</strong></span> <span class='ocrx_word' id='word_1_292' title='bbox 946 3590 971 3639; x_wconf 80' lang='lat' dir='ltr'><strong>et</strong></span> <span class='ocrx_word' id='word_1_293' title='bbox 990 3583 1033 3638; x_wconf 88' lang='lat' dir='ltr'><strong>ed.</strong></span> <span class='ocrx_word' id='word_1_294' title='bbox 1084 3588 1132 3638; x_wconf 86' lang='lat'><strong>.18</strong></span> <span class='ocrx_word' id='word_1_295' title='bbox 1151 3590 1189 3639; x_wconf 88' lang='lat' dir='ltr'><strong>te-</strong></span> 
     </span>
     <span class='ocr_line' id='line_1_37' title="bbox 168 3652 1204 3728; baseline 0.002 -23"><span class='ocrx_word' id='word_1_296' title='bbox 168 3653 230 3706; x_wconf 85' lang='lat' dir='ltr'><strong>ucri</strong></span> <span class='ocrx_word' id='word_1_297' title='bbox 247 3652 308 3706; x_wconf 69' lang='lat' dir='ltr'><strong>ed.v</strong></span> <span class='ocrx_word' id='word_1_298' title='bbox 346 3658 380 3706; x_wconf 80' lang='lat'><strong>23</strong></span> <span class='ocrx_word' id='word_1_299' title='bbox 394 3670 500 3724; x_wconf 79' lang='lat' dir='ltr'><strong>perque</strong></span> <span class='ocrx_word' id='word_1_300' title='bbox 517 3656 608 3725; x_wconf 80' lang='lat' dir='ltr'><strong>ipsum</strong></span> <span class='ocrx_word' id='word_1_301' title='bbox 626 3654 756 3728; x_wconf 73' lang='lat' dir='ltr'><strong>ipueueV</strong></span> <span class='ocrx_word' id='word_1_302' title='bbox 770 3655 1029 3712; x_wconf 59' lang='lat' dir='ltr'><strong>temeramutat.</strong></span> <span class='ocrx_word' id='word_1_303' title='bbox 1074 3660 1117 3708; x_wconf 62' lang='lat' dir='ltr'><strong>‘aa</strong></span> <span class='ocrx_word' id='word_1_304' title='bbox 1135 3660 1204 3707; x_wconf 76' lang='lat' dir='ltr'><strong>et-</strong></span> 
     </span>
    </p>
   </div>
   <div class='ocr_carea' id='block_1_4' title="bbox 163 3723 777 3803">
    <p class='ocr_par' dir='ltr' id='par_1_4' title="bbox 163 3723 777 3803">
     <span class='ocr_line' id='line_1_38' title="bbox 163 3723 777 3803; baseline 0.026 -31"><span class='ocrx_word' id='word_1_305' title='bbox 163 3728 196 3772; x_wconf 85' lang='lat'><strong>31</strong></span> <span class='ocrx_word' id='word_1_306' title='bbox 211 3730 311 3789; x_wconf 75' lang='lat' dir='ltr'><strong>putiur</strong></span> <span class='ocrx_word' id='word_1_307' title='bbox 327 3723 410 3779; x_wconf 88' lang='lat' dir='ltr'><strong>deest</strong></span> <span class='ocrx_word' id='word_1_308' title='bbox 426 3725 456 3780; x_wconf 90' lang='lat' dir='ltr'><strong>iu</strong></span> <span class='ocrx_word' id='word_1_309' title='bbox 473 3727 507 3797; x_wconf 80' lang='lat' dir='ltr'><strong>V,</strong></span> <span class='ocrx_word' id='word_1_310' title='bbox 526 3728 581 3785; x_wconf 86' lang='lat' dir='ltr'><strong>sed</strong></span> <span class='ocrx_word' id='word_1_311' title='bbox 599 3729 777 3803; x_wconf 76' lang='lat' dir='ltr'><strong>explicatur.</strong></span> 
     </span>
    </p>
   </div>
   <div class='ocr_carea' id='block_1_5' title="bbox 0 0 1374 4150">
    <p class='ocr_par' dir='ltr' id='par_1_5' title="bbox 0 0 1374 4150">
     <span class='ocr_line' id='line_1_39' title="bbox 0 0 1374 4150; baseline 0 0"><span class='ocrx_word' id='word_1_312' title='bbox 0 0 1374 4150; x_wconf 95' lang='lat' dir='ltr'><strong> </strong></span> 
     </span>
    </p>
   </div>
  </div>
 </body>
</html>
