2725 4150
203 339 270 404 524
486 335 627 391 DONATI
644 334 814 393 INTERPR.
829 335 937 391 Vuae.

203 506 333 565 stimulis
356 504 520 565 acrioribus
543 504 582 563 ad
605 504 729 580 bellum,
754 508 791 564 ut
811 504 874 564 illis
895 504 962 563 fieri
984 505 1062 565 solet
1085 507 1144 582 qui
1166 506 1226 565 alto

204 614 307 655 somno
337 595 432 670 pressi
461 593 580 653 facilius
613 594 756 672 evigilare
785 612 845 653 non
874 596 1009 670 possunt.
1055 611 1126 669 erpo
1155 594 1227 654 iuter

142 693 193 743 ‘130
203 685 305 744 coedes
334 684 519 756 cedentiaque
546 685 666 757 cymino
691 683 826 742 Tarchon
848 683 943 756 fertur
966 700 1036 756 equo
1058 681 1226 758 [commuue

202 774 323 847 luetluet
349 773 468 832 vocibus
495 771 589 848 alasJ:
627 791 695 832 cum
725 772 901 832 cecidissent
932 772 998 847 alii,
1034 772 1130 832 ceteri
1159 792 1225 834 vero

202 861 385 922 instantibus
409 861 558 937 cederent,
581 862 719 921 Tarchon
737 860 924 921 discurrebat
946 881 1000 938 per
1017 860 1177 924 universos
1199 865 1227 922 et
1249 874 1258 916 ὅ

204 969 281 1028 equo
305 951 394 1011 celeri
410 954 514 1012 vectus
536 951 640 1029 pulsos
661 951 823 1010 revocabat
842 950 880 1009 ad
898 950 1010 1011 bellum
1027 970 1090 1010 non
1108 951 1225 1011 blandis

203 1041 314 1117 verbis,
337 1040 388 1100 sed
407 1040 446 1100 ad
469 1039 710 1118 obiurgationem
732 1041 915 1100 necessariis,
947 1041 1065 1099 amatae
1088 1057 1226 1114 eumpse

203 1148 326 1190 uocans:
343 1129 376 1189 in
393 1130 616 1191 hortationibus
635 1129 772 1190 omnibns
788 1129 952 1206 plurimum
970 1129 1053 1190 valet
1070 1130 1225 1189 nominum

204 1221 461 1296 commemoratio;
492 1219 638 1279 incitatur
669 1218 748 1278 enim
781 1219 820 1278 ad
852 1217 1066 1296 capessendam
1098 1219 1225 1298 gloriam

204 1308 289 1369 cuius
311 1328 419 1369 nomen
435 1328 471 1368 ex
490 1308 643 1384 aliquibus
662 1308 750 1368 factis
770 1311 816 1368 est
833 1312 953 1384 notum,
976 1307 1105 1384 denique
1130 1310 1225 1386 sequi·
1239 1321 1259 1362 s

202 1403 254 1460 tur
266 1399 414 1472 reflamus
431 1399 465 1456 in
476 1399 595 1471 proelio
605 1398 722 1472 pulsos:
740 1416 805 1457 ecce
824 1401 972 1474 quantum
985 1396 1103 1474 profuit
1122 1415 1225 1458 causac

203 1491 234 1548 et
258 1487 365 1565 quanti
385 1488 491 1547 refecti
514 1489 586 1546 sunt
610 1488 890 1547 commemoratione
913 1487 1043 1546 nominis
1067 1487 1127 1546 sui.
1164 1488 1226 1561 quis

202 1582 304 1648 metue,
323 1594 339 1635 ο
357 1595 519 1650 nunquam
533 1577 653 1636 dolituri
673 1580 699 1634 et
716 1594 829 1650 semper
841 1577 948 1635 inertes
962 1576 1118 1651 Tyrrheni,
1137 1575 1227 1652 [quoe

203 1672 288 1727 tuate
310 1667 420 1725 audate
441 1666 564 1740 macto
585 1664 701 1740 cenot]
723 1665 860 1725 imitatus
879 1667 925 1724 est
941 1665 1060 1740 Iovem,
1085 1665 1141 1741 qui
1162 1685 1227 1725 enm

204 1756 335 1817 stimulis
353 1756 430 1815 haut
447 1755 588 1815 mollibus
607 1754 734 1814 exclusit
750 1754 782 1813 in
806 1773 958 1831 campum3
981 1772 1052 1813 narn
1070 1755 1138 1831 ipse
1158 1767 1261 1833 quo-u

205 1865 262 1924 que
294 1846 411 1904 acriora
442 1846 506 1904 suis
537 1843 673 1922 ingessit.
720 1844 799 1919 quis,
830 1843 945 1920 inquit,
981 1846 1079 1903 metus
1111 1847 1227 1905 vestras

204 1938 318 1995 mentes
335 1937 517 2012 pectoraque
536 1927 692 2010 possedit?
718 1932 792 2008 quid
808 1933 886 1993 tales
909 1933 1052 2008 existitis,
1075 1934 1111 1992 ut
1131 1932 1227 1993 dolere

203 2043 257 2086 vos
281 2023 431 2084 existimet
453 2022 577 2084 nullus?
607 2040 760 2099 semperne
787 2023 915 2083 inertem
941 2022 1055 2082 ducetis
1078 2020 1178 2084 vitam
1199 2024 1229 2082 et

203 2132 369 2190 numquam
395 2113 525 2173 tendetis
555 2113 594 2172 ad
626 2132 662 2172 ea
693 2131 769 2189 quae
801 2114 929 2172 strenuis
961 2115 992 2171 et
1020 2112 1132 2172 virtuti
1162 2130 1228 2173 con·

204 2202 347 2264 veniant?
379 2221 432 2262 cur
453 2201 577 2280 ignavi?
609 2221 663 2261 cur
685 2200 805 2261 miseri?
837 2201 904 2277 quis
927 2202 983 2261 hoc
1005 2201 1122 2261 malum
1145 2202 1227 2263 vobis
1243 2215 1264 2256 se

204 2293 344 2353 inimicus
365 2290 501 2353 invexit?
533 2291 632 2368 coepit
652 2291 715 2349 iam
735 2291 870 2368 ipsorum
892 2309 1065 2350 enumerare
1087 2291 1229 2367 ludibria,

204 2386 241 2442 nt
263 2382 377 2459 pudore
407 2380 524 2441 confirsi
545 2380 668 2440 tandem
691 2398 722 2439 se
749 2380 957 2458 intellegerent
979 2380 1070 2440 viros.
1115 2382 1229 2454 femina

198 2472 336 2545 palantis
360 2470 435 2545 cpit:
457 2489 532 2546 una,
550 2470 664 2546 inquit,
682 2470 809 2529 femina:
833 2468 1082 2529 obtrectationem
1100 2470 1230 2548 sumpsit

205 2578 368 2619 anumero
392 2561 423 2619 et
445 2578 526 2618 sexu.
564 2559 682 2619 addidit
705 2564 790 2632 atque
811 2560 882 2618 baec
905 2559 1026 2633 cymino
1047 2560 1149 2619 uertit:
1181 2558 1228 2619 de

204 2648 401 2709 monstrantis
423 2649 480 2708 hoc
503 2647 617 2708 dictum
640 2651 788 2725 quantum
810 2648 1015 2726 obiurgationi
1032 2646 1093 2727 ipsi
1110 2647 1229 2724 pondus
1244 2661 1265 2703 u

206 2739 327 2799 adiecit!
358 2741 486 2815 quanto,
503 2737 617 2815 inquit,
640 2738 759 2816 agmine
782 2738 849 2798 sitis
872 2738 1046 2815 congregati
1068 2737 1230 2798 intuemini

206 2828 301 2888 oculis
323 2828 444 2903 vestris,
468 2830 498 2887 et
515 2830 616 2887 tamen
635 2845 688 2887 vos
707 2846 769 2886 una
788 2829 854 2905 agit
874 2827 985 2887 femina
1004 2828 1034 2885 et
1052 2826 1123 2886 dare
1143 2831 1229 2907 terga

206 2917 357 2995 conpellit.
387 2918 507 2994 signato
529 2935 602 2976 usus
626 2919 671 2976 est
693 2916 784 2977 verbo
808 2916 885 2995 agit3
909 2917 961 2994 agi
983 2915 1062 2975 enim
1086 2916 1230 2977 dicuntur

204 3008 316 3067 inertia
343 3006 500 3081 animalia,
531 3006 670 3082 quotiens
698 3005 822 3066 deloco
851 3005 889 3065 ad
917 3006 1046 3064 alterurn
1076 3004 1231 3066 ducuntur

206 3101 260 3158 aut
280 3097 313 3157 in
335 3094 546 3157 venationibus
569 3095 608 3154 ad
627 3095 813 3172 voluptatem
830 3096 969 3155 venantis
985 3095 1151 3155 terroribus
1174 3097 1230 3155 mi-
1245 3107 1268 3149 ss

144 3197 195 3248 '13⁶
205 3205 292 3247 nores
311 3186 392 3246 ferae
415 3205 468 3262 per
486 3184 605 3246 diversa
622 3185 784 3245 iactantem
816 3202 872 3257 quo
893 3185 1008 3258 ferrum
1031 3184 1136 3256 quidcc
1159 3185 1231 3245 hoec

279 3380 294 3427 1
313 3373 371 3428 alto
384 3371 410 3425 V
428 3374 485 3428 ulto
503 3371 547 3426 ed.
621 3377 636 3425 3
656 3373 842 3441 eedmtiatquc
854 3370 888 3426 V.
915 3372 918 3443 l
946 3373 1153 3439 carieque-4
1167 3374 1232 3429 alas

207 3445 287 3500 deest
303 3444 334 3499 in
348 3443 382 3510 V,
401 3444 452 3499 sed
470 3442 635 3513 explicatur.
709 3448 725 3497 t
744 3449 771 3499 et
788 3460 855 3513 eque
867 3441 894 3495 V
912 3448 938 3497 ct
955 3458 1008 3498 om.
1025 3441 1068 3496 ed.
1143 3447 1176 3497 10
1196 3461 1232 3499 es

206 3517 346 3586 azuaitoa
363 3516 447 3582 funis
462 3514 488 3569 V
506 3516 541 3570 ab
559 3532 585 3570 a.
603 3516 673 3583 sotis
693 3514 737 3569 ed.
811 3520 843 3568 11
865 3514 976 3583 profuit
992 3514 1019 3568 V
1037 3516 1134 3583 posuit
1156 3514 1230 3571 eur.

207 3595 240 3643 12
260 3586 455 3658 quuutWed.
474 3592 629 3656 demutans?
658 3587 662 3659 l
694 3587 740 3641 sai
760 3584 786 3639 V
804 3586 916 3655 proprii
938 3584 980 3640 ed.
1059 3590 1092 3639 13
1116 3602 1230 3655 puuc-

207 3667 241 3715 14
266 3661 340 3715 venit
365 3659 445 3715 deest
462 3658 493 3713 in
513 3656 548 3724 V,
571 3657 620 3713 sed
646 3658 812 3727 explicatur.
886 3662 919 3710 17
943 3656 1073 3712 doleam
1090 3655 1116 3709 V
1139 3657 1232 3714 dolere

204 3750 254 3789 eos
269 3748 322 3787 nos
340 3732 475 3787 dolituros
492 3747 517 3786 o.
537 3728 580 3785 ed.
650 3734 684 3784 19
704 3729 817 3785 tenditis
830 3727 856 3781 V
871 3744 939 3783 corr.
955 3728 999 3783 ed,
1068 3733 1100 3782 31
1120 3730 1231 3786 iactass-
