2725 4150
510 339 774 394 mnemosvm
1090 344 1153 411 113

136 510 315 584 redduntur,
343 529 380 569 ne
407 510 596 587 peregrinus,
623 527 660 567 ne
684 508 798 586 optimo
822 508 922 568 studio
945 514 1100 587 susceptus
1124 514 1155 572 et

137 604 259 677 optatus
283 619 352 658 cum
382 600 464 657 omni
485 597 687 658 benivolentia
714 617 805 675 gener
827 601 859 657 in
882 600 977 658 socios
1000 600 1100 676 inpius
1124 606 1156 662 et

137 709 223 765 asper
245 689 277 747 in
301 690 381 748 cives
404 687 556 748 videretur
578 687 726 763 extitisse,
753 688 780 747 si
802 688 916 764 primus
945 706 1029 748 arma
1053 709 1155 767 sump-

136 774 231 839 sisset.
269 777 428 837 accedebat
452 777 535 836 aliud
553 776 635 853 quod
657 777 755 855 magis
777 777 881 836 landes
906 777 968 837 eius
992 780 1155 855 extolleret,

108 872 169 928 sut
191 867 284 927 Italia
307 867 417 942 omnis,
439 869 487 925 tot
505 866 608 940 duces,
630 868 678 926 tot
700 866 819 942 populi,
842 868 929 926 tanta
947 869 1155 930 universorum

135 957 317 1033 conspiratio
340 956 428 1016 rebus
447 957 508 1016 suis
528 974 597 1014 oum
617 957 685 1032 ipsa
703 955 903 1015 subsidiorum
922 976 978 1033 ope
997 956 1156 1034 diffideret,

135 1066 202 1105 cum
216 1047 407 1123 peregrinum
425 1045 617 1122 naufragum,
634 1063 746 1104 novum
765 1063 800 1103 ac
818 1045 909 1105 nullis
928 1046 959 1104 in
980 1066 1015 1106 ea
1032 1049 1154 1126 regione

135 1135 395 1194 familiaritatibus
422 1135 534 1194 fretum
561 1137 748 1193 contemnere
777 1136 894 1193 armata
916 1136 1082 1196 multitudo
1105 1137 1154 1196 de-

134 1225 257 1284 buisset.
295 1226 449 1300 saevitque
471 1224 611 1283 inventus
634 1223 737 1282 effera:
760 1223 912 1282 ferebatur
933 1226 1076 1286 iuventus
1094 1246 1154 1286 non

95 1315 251 1373 roratione
274 1313 391 1391 aliqua,
414 1313 465 1372 sed
488 1312 623 1372 naturali
644 1312 765 1371 feritate
784 1316 814 1371 et
832 1313 942 1372 iniecta
960 1334 1014 1390 per
1032 1315 1156 1376 Furiam

134 1403 243 1462 furoris
268 1403 406 1462 amentia.
440 1401 590 1477 [clamores
607 1399 720 1476 primi]
742 1401 903 1474 Messapus
927 1407 953 1461 et
978 1405 1071 1476 Ufens
1090 1423 1155 1464 con-

134 1497 310 1565 temptorque
332 1492 419 1550 dcem
440 1492 607 1549 Mezentius
628 1490 760 1562 nnriiqne
782 1495 886 1564 cogent
910 1492 1039 1552 cnsilio:
1066 1494 1155 1553 duces

133 1581 301 1641 timidiores
325 1582 430 1640 ceteris
452 1580 600 1658 cogebant
623 1579 737 1639 auxilia
759 1580 901 1656 undique.
939 1581 1085 1659 cogebant
1107 1600 1154 1643 ac·

134 1670 304 1746 cipiendum
333 1673 379 1728 est
410 1688 471 1728 non
503 1669 739 1747 congregabant,
772 1669 825 1728 sed
855 1669 967 1729 invitos
999 1670 1155 1749 urgebant.

92 1775 117 1815 rs
134 1760 262 1835 denique
281 1760 417 1834 sequitur
434 1763 461 1817 et
478 1758 552 1818 totos
569 1762 690 1818 vectant
707 1759 864 1817 enitoribns
882 1777 981 1833 apros,
1004 1763 1040 1819 ut
1058 1763 1155 1821 osten-

135 1849 219 1908 deret
234 1851 324 1924 poeta
341 1851 427 1906 tanto
445 1848 514 1908 illos
528 1852 612 1907 metu
625 1848 718 1906 fuisse
733 1865 898 1923 oppressos,
912 1853 948 1908 ut
962 1849 1156 1910 solitudinem

134 1938 205 1997 latis
219 1937 386 1997 indicerent
400 1939 490 2014 agris,
508 1937 593 1995 nullo
608 1938 715 1996 saltem
727 1937 831 1997 relicto
851 1939 982 1999 custode.
1011 1940 1044 1998 in
1063 1941 1155 2018 signi-

133 2027 272 2087 ficatione
295 2027 467 2087 latitudinis
486 2045 628 2106 agrorum
648 2027 822 2105 intellegere
845 2046 1004 2103 possumus
1024 2034 1154 2107 quantus

135 2118 287 2177 cultorum
323 2135 463 2176 numerus
499 2117 537 2176 ad
568 2117 681 2175 bellum
712 2117 851 2177 videatur
882 2137 946 2178 esse
978 2124 1154 2197 pertractus.

90 2225 116 2264 ao
135 2208 290 2284 Messapus
319 2211 349 2266 et
376 2207 471 2266 Ufens
499 2208 747 2283 contemptorque
775 2206 863 2265 deum
890 2208 1068 2268 Mezentius:
1095 2229 1155 2269 non

135 2298 249 2355 frustra
272 2295 460 2374 singulorum
482 2295 605 2355 nomina
628 2296 742 2371 posuit:
771 2295 903 2355 ostendit
930 2299 1008 2355 enim
1033 2303 1154 2373 excepto

134 2386 242 2444 timore
265 2385 361 2461 plebis
385 2386 477 2444 etiam
499 2385 531 2443 in
552 2384 627 2460 ipsis
651 2384 788 2459 ducibus,
811 2386 844 2443 in
863 2386 970 2460 quibus
994 2388 1156 2462 praecipua

135 2476 230 2534 virtus
250 2475 397 2549 existeret,
415 2474 579 2532 maximum
597 2474 689 2533 fuism
708 2477 859 2533 terrorem.
891 2494 963 2534 nam
981 2477 1053 2551 quia
1072 2476 1155 2535 auxi·

134 2564 184 2623 liis
203 2563 343 2642 cogendis
362 2582 484 2639 operam
499 2563 612 2623 dabant
627 2566 657 2622 et
674 2582 712 2621 ne
726 2563 806 2639 ipsos
822 2562 942 2639 quidem
955 2564 1078 2623 inermis
1092 2583 1155 2624 esse

91 2669 116 2708 rs
134 2653 328 2729 patiebantur
346 2654 474 2712 cultores
493 2671 642 2730 agrorum,
660 2652 765 2727 procul
785 2651 874 2711 dubio
896 2653 969 2729 quid
986 2653 1154 2713 formidinis

136 2743 235 2801 animo
263 2744 400 2819 gererent
427 2741 648 2802 evidentissime
675 2741 901 2816 profitebantur.
943 2743 1024 2818 quod
1056 2746 1156 2803 autem

136 2832 229 2890 etiam
258 2832 314 2890 hoc
344 2831 409 2890 loco
440 2833 674 2906 contemptorem
704 2830 807 2889 divum
836 2831 1016 2891 Mezentium
1045 2833 1156 2909 posuit,

135 2922 299 2979 maximum
313 2920 438 2978 Troiani
452 2920 537 2979 ducis
555 2920 673 2997 insigne
687 2919 719 2978 in
734 2938 769 2978 eo
784 2939 903 2996 quoque
919 2922 1018 2981 voluit
1035 2922 1155 2982 demon·

135 3012 243 3084 strare,
262 3013 298 3068 ut
316 3012 504 3084 contemptor
522 3009 625 3068 divum
643 3009 807 3068 Mezentius
826 3010 989 3086 aliquando
1007 3012 1157 3071 inveniret

91 3114 117 3152 ao
136 3118 226 3175 quem
238 3098 367 3157 timeret.
385 3099 509 3156 mittitur
523 3102 549 3156 et
561 3100 663 3173 magni
682 3099 813 3158 Vennins
826 3099 980 3159 Diomedis
994 3102 1035 3160 ort
1045 3104 1154 3170 orbern,

208 3310 276 3359 lne
294 3302 434 3373 optimoV
452 3320 487 3359 ne
506 3320 559 3358 om.
579 3303 622 3358 ed.
695 3309 710 3357 3
729 3306 813 3373 prins
835 3304 878 3360 ed.
949 3304 1069 3360 doreV
1087 3306 1156 3360 mole

135 3375 179 3429 ed.
198 3392 247 3444 ope
265 3392 324 3429 noe.
380 3380 396 3429 8
415 3376 575 3430 contendere
587 3373 614 3427 V
628 3375 671 3429 ed.
686 3382 853 3431 contemnere
866 3375 909 3429 ed.
923 3378 996 3443 post.
1052 3381 1087 3429 10
1104 3393 1155 3430 nc-

135 3448 223 3502 tnrcii
238 3464 291 3501 om.
308 3447 351 3501 ed.
373 3446 376 3518 l
397 3445 540 3514 infactaV
553 3447 655 3500 iniecta
669 3446 712 3500 ed.
726 3449 799 3514 post.
820 3448 854 3501 cf.
871 3452 895 3513 l,
907 3452 957 3500 341
973 3465 1010 3500 an
1023 3449 1155 3516 inpacta?

136 3524 168 3572 11
184 3520 334 3574 amentiam
348 3517 373 3571 V
387 3518 431 3572 ed.
451 3535 519 3572 corr.
540 3517 582 3573 ed.
600 3519 673 3585 poet.
704 3517 707 3589 t
737 3518 860 3573 ductores
873 3520 961 3586 primi
980 3518 1059 3573 deest
1077 3518 1108 3573 in
1121 3518 1155 3585 V,

136 3590 185 3644 sed
211 3589 375 3658 explicatur.
450 3595 483 3644 17
508 3590 670 3644 inducerent
695 3587 738 3643 ed.
816 3594 852 3644 23
876 3588 986 3659 quial
1016 3592 1068 3659 qut
1088 3590 1176 3658 aab

136 3663 246 3715 enaiim
263 3662 390 3729 canende
404 3660 431 3714 V
446 3677 515 3717 corr.
536 3661 580 3717 ed.
656 3666 692 3718 25
717 3664 768 3735 qni
789 3661 992 3734 formidinisl
1019 3678 1104 3731 quam
1119 3658 1192 3727 &eb-bb

122 3732 299 3793 fmmr'ai'nem
318 3731 360 3785 ed.
437 3737 474 3787 30
492 3734 617 3805 qnemV
638 3755 715 3810 qnae
734 3738 783 3795 ed,

162 3832 220 3870 Don.
231 3833 329 3881 interpr.
342 3837 410 3889 Ver-g.
426 3843 476 3885 vol.
487 3845 519 3886 H.
1035 3847 1057 3894 Q
