2725 4150
430 284 434 290 ¹
552 332 803 388 nnnnmosvn
1147 339 1186 402 11

166 504 199 560 in
217 501 422 580 propositione
441 500 606 562 constituta
627 504 807 578 repetamus,
825 505 860 562 ut
876 466 1068 563 intendimus
1089 505 1189 563 omnia

167 611 234 650 oum
257 592 321 651 suis
343 591 523 667 ponderibus
546 591 655 667 posita.
695 593 806 667 dicam,
824 592 937 670 inquit,
956 593 1078 652 horrida
1096 593 1188 653 bella:

166 681 245 741 levia
268 681 380 757 quippe
403 699 465 740 esse
488 700 549 740 non
571 683 736 757 potuerunt
759 701 835 758 quae
856 701 924 740 cum
942 682 1092 758 opulentis
1110 683 1188 760 regi·

165 770 220 830 bus
250 772 337 849 gesta
365 771 449 845 sunt,
476 789 530 829 nec
556 789 652 828 unum
674 770 800 846 bellum,
823 772 874 831 sed
898 772 1000 848 plura,
1022 791 1077 831 nec
1100 773 1189 847 levia,

135 861 217 919 osed
237 859 395 919 horrenda.
442 857 541 918 dicam
566 858 658 919 aciest
696 860 815 935 quando
839 862 903 919 acie
927 860 1091 920 constituta
1114 881 1189 937 pug-

166 951 269 1024 natur,
295 967 407 1026 magna
434 948 547 1008 virtute
580 966 655 1024 opus
688 952 747 1025 est3
777 950 941 1009 comminus
972 950 1051 1008 enim
1074 949 1189 1029 geritur

164 1038 285 1097 bellum.
322 1041 437 1114 quanta
456 1038 552 1115 igitur
570 1039 672 1097 extitit
690 1039 890 1098 Troianorum
908 1040 1005 1099 virtus
1023 1040 1055 1097 in
1074 1040 1188 1115 paucis,

167 1128 219 1204 qni
247 1127 408 1188 instructas
438 1129 517 1187 acies
545 1127 677 1186 bostium
706 1130 736 1186 et
763 1131 962 1206 congregatae
985 1127 1188 1187 multitudinis

164 1216 274 1276 molem
295 1216 372 1275 ferre
395 1217 535 1292 primitus
559 1218 590 1274 et
612 1215 720 1276 dehinc
743 1219 876 1277 evincere
898 1219 1070 1278 valuerunt!
1111 1217 1187 1277 llcce

123 1323 147 1360 ro
165 1309 195 1364 et
223 1306 273 1365 hic
302 1305 477 1382 pluralitate
507 1324 580 1365 usus
611 1306 689 1365 acies
721 1305 808 1381 dixit,
837 1310 873 1366 ut
900 1308 1069 1366 ostenderet
1096 1308 1188 1367 etiam

163 1396 218 1455 hoc
248 1413 309 1453 non
338 1394 443 1471 semel,
470 1395 522 1454 sed
546 1397 665 1471 saepius
689 1396 811 1455 factum.
858 1399 1000 1472 actosque
1023 1396 1131 1456 animis
1155 1399 1187 1455 in

163 1485 269 1544 funera
298 1502 396 1562 reges:
438 1503 506 1543 cum
534 1503 595 1542 non
625 1484 700 1544 dicit
729 1503 804 1561 quos
834 1504 888 1543 nec
918 1485 1022 1544 definit
1050 1484 1209 1562 quantos,'

163 1575 259 1634 multo
282 1574 384 1650 plures
407 1592 564 1650 possumus
588 1575 747 1634 aestimare
769 1574 1002 1650 provoluntate
1025 1575 1187 1634 laudantis.

164 1664 306 1739 notosque
334 1663 442 1722 animis
469 1662 502 1721 in
530 1664 639 1722 funera
662 1682 761 1741 reges:
797 1663 829 1722 in
852 1682 921 1739 sua,
944 1683 1004 1723 non
1027 1665 1059 1721 in
1083 1664 1186 1722 Troia·

124 1766 147 1806 u
162 1771 276 1812 norum.
323 1771 391 1811 cum
420 1753 499 1811 enim
529 1753 637 1812 animis
667 1754 779 1812 ferocia
806 1753 968 1830 exagitatis
994 1752 1026 1811 in
1055 1752 1187 1812 alienum

163 1841 289 1901 exitium
319 1843 452 1917 ruerent,
482 1842 525 1901 sic
554 1842 614 1918 ipsi
644 1842 783 1901 Troianis
810 1862 826 1901 e
854 1843 971 1903 diverso
1003 1842 1186 1902 certantibus

162 1930 341 1990 ceciderunt.
387 1931 632 2007 Tyrrhenamque
659 1951 796 1990 manum:
828 1932 939 1991 idcirco
962 1933 1040 1991 hanc
1062 1951 1187 1991 manum

162 2039 229 2079 cum
258 2022 357 2099 gentis
387 2021 506 2079 nomine
534 2021 649 2097 posuit,
678 2022 758 2097 quod
781 2022 813 2080 in
836 2021 1048 2082 certaminibus
1071 2021 1185 2081 bellicis

161 2111 238 2169 hanc
264 2111 298 2170 in
325 2110 465 2171 subiectis
489 2110 623 2169 adseruit
645 2130 709 2171 esse
732 2113 837 2171 ceteris
862 2111 1000 2171 omnibus
1022 2112 1185 2171 fortiorem.

122 2211 146 2251 ²⁰
161 2201 316 2276 totamque
346 2199 402 2259 sub
433 2219 516 2258 arma
549 2203 684 2259 coactam
712 2200 903 2277 Hesperiam:
946 2202 1094 2278 generalis
1126 2202 1187 2261 ista

162 2289 312 2349 conclusio
350 2291 498 2365 quantum
529 2288 677 2348 Italorum
714 2293 828 2349 metum
861 2290 1013 2367 significat
1043 2290 1186 2365 extitisse,

162 2378 227 2455 qui,
260 2398 326 2438 oum
360 2378 471 2438 scirent
501 2398 613 2454 paucos
642 2398 705 2438 esse
734 2379 892 2454 Troianos,
929 2398 989 2437 non
1021 2399 1186 2454 numerum,

162 2469 212 2526 sed
241 2468 376 2527 virorum
405 2468 614 2528 fortitudinem
640 2470 818 2528 timuerunt!
864 2470 960 2527 maior
987 2485 1087 2526 rerum
1114 2468 1186 2526 mibi

160 2558 293 2615 nascitur
315 2558 398 2624 orde,
422 2558 521 2615 maius
549 2574 622 2631 opus
648 2575 762 2617 moveo:
799 2557 1022 2633 cooperationis
1047 2556 1126 2615 ratio
1150 2577 1185 2614 ex
1204 2568 1238 2616 45

121 2658 144 2698 re
161 2647 291 2705 carmine
315 2646 465 2722 superiore
489 2646 649 2705 descendit.
686 2648 719 2705 in
741 2647 797 2705 hoc
820 2646 900 2704 enim
917 2645 1063 2704 librorum
1082 2646 1185 2705 ordine

161 2738 244 2795 ectus
268 2735 430 2811 superioris
448 2736 591 2811 temporis
610 2736 707 2795 levior
724 2736 884 2794 invenitur.
921 2735 990 2811 plus
1009 2738 1054 2795 est
1073 2736 1185 2813 quippe

162 2824 331 2899 quaesitum
362 2824 475 2884 virtute
509 2844 601 2900 quam
633 2825 693 2883 fuit
724 2824 801 2882 illud
834 2824 915 2900 quod
945 2825 1063 2885 casibus
1095 2828 1126 2885 et
1153 2826 1185 2885 vi

160 2913 271 2973 maiore
300 2913 459 2973 constabat
481 2915 632 2973 amissum.
679 2916 776 2973 totam
799 2934 870 2974 vero
893 2914 1016 2974 Italiam
1039 2915 1185 2974 coaluisse

161 3002 198 3060 ad
227 3003 340 3061 bellum
368 3003 480 3062 idcirco
510 3003 634 3078 adserit,
664 3005 700 3061 ut
731 3004 871 3063 ostendat
897 3005 1015 3064 nullum
1037 3004 1184 3062 Italorum

120 3102 143 3142 ³⁰
160 3091 257 3151 virum
280 3091 344 3151 sine
366 3092 466 3151 furore
488 3092 634 3151 mansisse
657 3092 799 3152 bellandi.
844 3094 890 3153 his
920 3095 952 3152 in
979 3093 1184 3169 propositione

160 3199 227 3239 cum
247 3182 366 3240 Aeneae
390 3182 493 3242 favore
517 3182 642 3242 conlatis
661 3182 742 3242 redit
764 3184 803 3241 ad
826 3182 961 3242 ordinem
979 3182 1183 3258 dispositionis

230 3376 245 3422 1
263 3371 465 3439 praepositione
479 3368 504 3420 V
514 3372 651 3438 positione
665 3371 708 3425 ed.
765 3376 781 3423 5
799 3372 936 3425 horrenda
951 3370 975 3422 V
988 3371 1102 3424 horrida
1117 3370 1159 3424 ed.
1178 3371 1181 3442 l

158 3442 216 3495 acie
233 3441 265 3495 in
282 3441 416 3495 lemmate
434 3443 507 3495 arim
524 3442 555 3494 in
573 3442 690 3511 interpr.
705 3441 738 3494 V.
799 3448 833 3495 14
852 3444 1023 3496 troiaoorum
1038 3440 1062 3492 V
1080 3442 1183 3508 supera

160 3512 222 3566 add.
242 3513 287 3567 ed.
357 3513 611 3579 resarcionem.
681 3519 714 3567 17
734 3512 846 3567 buocV
863 3514 908 3566 bic
927 3512 969 3565 ed.
1044 3517 1077 3565 18
1097 3520 1182 3567 certa·

158 3585 278 3639 minibus
299 3600 354 3637 om.
367 3583 521 3652 ,sequentia
543 3585 668 3655 corrupit
687 3585 732 3641 ed.
805 3590 843 3641 ‘u
860 3582 1025 3640 roooeboV.
1095 3588 1136 3635 *ab
1151 3584 1197 3634 tc-

143 3656 215 3773 353
228 3654 390 3774 grimm
414 3656 456 3710 ed.
533 3663 570 3715 28
594 3666 737 3735 totamque
761 3660 809 3718 ed.
884 3663 922 3715 ‘ob
942 3649 1209 3727 proposuerant
