2725 4150
533 321 717 376 AENEIDOS
731 320 797 376 vm
1114 323 1176 388 177
1200 282 1203 287 Α

159 495 306 569 oportune
330 491 474 568 proxima.
522 491 626 550 deinde
649 489 768 549 adludit
791 508 826 548 ex
848 488 895 548 his
919 507 996 566 quae
1019 488 1051 547 in
1075 490 1179 548 eadem

159 582 364 642 vertebantur:
389 580 511 639 Aeoliae
534 580 589 639 illa
611 579 767 653 adhaeret,
789 580 904 655 inquit,
923 579 1038 639 seilicet
1055 581 1179 655 propter

159 674 317 731 ventorum
338 671 540 729 necessarium
561 670 680 743 flatum,
704 670 735 727 et
756 669 824 744 ipsa
850 667 882 726 in
910 667 1036 726 sublime
1059 668 1179 726 tollitur

160 763 239 820 saxis
268 759 455 818 fumantibus
486 762 517 818 et
544 759 576 816 in
609 757 802 817 altitudinem
834 759 940 833 suapte
972 759 1082 816 natura
1112 776 1178 833 per·

128 849 265 910 eductis.
299 849 373 924 quid
394 848 458 907 illic
480 850 597 907 mature
620 866 680 906 non
703 847 789 906 fieret
810 845 862 904 ubi
880 865 949 905 cum
967 845 1091 906 artificis
1109 847 1178 906 nisu

158 940 190 997 in
214 939 335 997 effectus
365 938 469 997 celeris
500 939 592 996 etiam
621 939 732 996 natura
761 934 916 994 certabat?
962 955 1053 1012 quam
1076 939 1180 1011 supter

160 1047 264 1104 specus
289 1030 319 1086 et
343 1025 506 1104 Cyelopum
529 1044 617 1085 exesa
639 1026 765 1085 caminis
789 1027 877 1084 antra
899 1024 1035 1084 Aetnaeo
1057 1026 1179 1101 tonant3

158 1118 191 1176 in
213 1118 286 1176 loeis
310 1116 390 1175 enim
412 1117 514 1175 vacuis
538 1118 568 1174 et
590 1115 730 1173 inanibus
754 1116 846 1190 atque
865 1114 1011 1174 conclusis
1029 1117 1103 1174 nata
1121 1134 1180 1174 vox

160 1209 213 1265 aut
243 1225 396 1283 emergens
426 1204 570 1281 strepitus
601 1203 784 1280 duplicatur,
819 1203 945 1280 denique
977 1222 1038 1263 non
1070 1205 1180 1264 sonant

114 1296 249 1369 redixit,
273 1295 325 1354 sed
346 1296 463 1354 tonant.
509 1293 663 1369 validique
685 1292 845 1353 incudibus
868 1294 956 1367 ictus,
979 1292 1075 1354 validi
1092 1293 1179 1368 ictus,

158 1387 264 1460 utpote
295 1383 448 1460 Cyclopei,
479 1382 576 1442 auditi
604 1383 739 1442 referunt
770 1382 928 1460 gemitum,
959 1382 1071 1442 incussi
1102 1384 1179 1442 ictus

160 1473 359 1532 audiebantur
387 1492 455 1532 cum
481 1472 695 1547 inliderentur,
721 1471 805 1530 inlisi
831 1475 931 1531 tomen
955 1490 1015 1529 non
1039 1471 1180 1551 sonitum,

160 1563 212 1621 sed
235 1563 379 1639 gemitum
401 1561 591 1621 revocabant.
635 1560 815 1639 magnitudo
842 1561 1002 1637 speluncae
1030 1560 1180 1637 descripta

161 1653 207 1710 est
235 1653 357 1726 propter
385 1651 549 1710 multorum
580 1669 704 1727 operum
732 1649 841 1708 molem
868 1652 898 1709 et
921 1652 1100 1726 operantum
1123 1647 1179 1724 Gy·

117 1759 142 1798 rs
161 1741 282 1815 clopum
304 1741 485 1800 vastitatem.
518 1739 709 1816 striduntque
732 1740 867 1798 cavernis
890 1739 1047 1798 strictirae
1071 1737 1179 1814 Chaly-

160 1830 232 1886 bum
255 1832 286 1888 et
307 1829 478 1889 lomacibus
498 1829 578 1907 ignis
597 1829 733 1904 anhelat3
755 1829 869 1887 ferrum
890 1828 1002 1904 quippe
1021 1847 1089 1887 cum
1108 1828 1180 1888 oali·

161 1919 232 1976 dum
254 1917 319 1996 igni
341 1920 496 1995 exarserit,
517 1918 632 1994 stridit,
650 1919 731 1996 iguis
751 1921 851 1976 autem
870 1917 1004 1978 adsiduis
1023 1919 1180 1977 ventorum

159 2006 281 2066 flatibus
311 2007 483 2068 verberatus
513 2007 678 2067 anhelitum
709 2007 857 2085 quendam
888 2008 984 2084 spirat
1013 2025 1049 2067 ac
1075 2006 1179 2067 mittit.

159 2097 290 2157 Vulcani
313 2098 418 2157 domus
442 2118 477 2157 ac
495 2098 644 2158 Vulcania
667 2100 787 2157 nomine
810 2098 914 2157 tellus:
938 2099 1027 2174 aptus
1046 2099 1129 2156 locus
1147 2098 1180 2156 in

114 2208 141 2247 ao
160 2206 220 2263 quo
235 2187 388 2247 Vulcanus
408 2187 586 2247 commorari
603 2186 755 2246 debuisset
774 2189 804 2245 et
821 2188 904 2265 regio
920 2186 988 2262 ipsa
1002 2188 1179 2247 conveniens

161 2296 237 2352 quae
272 2296 332 2336 non
365 2277 505 2336 inmerito
535 2277 685 2336 Vulcania
716 2276 871 2335 diceretur.
922 2276 975 2334 boc
1006 2280 1074 2334 tunc
1104 2277 1179 2350 iqui·

155 2370 260 2440 potens
279 2367 356 2425 coeto
376 2366 522 2425 descendit
540 2367 577 2425 ab
596 2366 669 2424 olto:
692 2367 888 2443 augmentum
904 2364 1027 2424 illorum
1042 2366 1089 2423 est
1102 2382 1179 2439 quae

161 2455 299 2530 superius
319 2454 401 2514 dicta
421 2457 505 2531 sunt,
525 2455 662 2514 relictam
685 2456 842 2533 coniugem
865 2455 1027 2513 formosam
1048 2455 1078 2512 et
1096 2452 1179 2511 blen-

161 2545 240 2618 dam,
259 2546 389 2603 stratum
406 2545 496 2603 molle
515 2544 612 2603 medio
630 2543 727 2605 noctis
742 2543 899 2617 desertum,
913 2541 1047 2601 laborem
1066 2540 1179 2601 deliciis

115 2651 141 2691 as
160 2634 374 2709 praepositum.
419 2633 574 2692 Vulcanus
604 2634 684 2692 enim
710 2634 743 2691 in
770 2632 826 2692 tali
852 2632 974 2709 negotio
1002 2633 1033 2690 et
1054 2633 1180 2708 urgente

160 2727 307 2798 tempore,
329 2724 362 2780 in
385 2741 421 2782 ea
443 2740 533 2782 causa
557 2741 634 2798 quae
656 2722 846 2782 vehementer
868 2720 1009 2798 urgebat,
1031 2738 1122 2779 uxore
1147 2720 1180 2777 in

161 2812 293 2887 periculo
321 2812 366 2869 fili
395 2830 539 2889 suspensa
566 2830 627 2871 non
653 2811 738 2871 misit
765 2811 908 2886 aliquem,
936 2810 988 2869 sed
1009 2810 1074 2886 ipse
1097 2809 1179 2869 caelo

161 2901 266 2959 relicto
289 2901 427 2977 perrexit.
458 2901 514 2960 boc
537 2920 607 2960 cum
629 2901 861 2977 pronuntiamus
879 2898 1070 2976 producenda
1089 2901 1135 2959 est
1153 2918 1179 2974 0,

161 3008 222 3046 non
244 2991 280 3048 ut
302 2988 476 3049 adverbium
498 2990 557 3049 loci
575 2990 617 3050 sit
634 2992 664 3050 et
681 2990 736 3049 fiat
753 2988 877 3067 vitium,
895 2989 947 3048 sed
965 2989 1078 3049 sithoc
1097 2989 1179 3048 caelo

234 3147 249 3194 2
269 3143 358 3196 aeolia
370 3142 430 3196 illic
443 3142 551 3196 aetherit
562 3141 589 3195 V
603 3142 717 3196 Aeoliae
730 3142 782 3195 itta
796 3141 925 3197 adhaeret
943 3159 993 3196 nos
1007 3141 1107 3196 Aeolio
1121 3141 1181 3194 illic

160 3218 220 3267 erat
239 3212 281 3267 ed.
337 3220 353 3268 o
372 3214 564 3283 quid-fieret
581 3228 635 3267 om.
650 3213 694 3267 ed.
720 3212 724 3285 Ι
751 3213 801 3267 ubi
812 3212 839 3266 V
857 3214 898 3267 ibt
915 3213 958 3267 ed.
1014 3217 1029 3265 6
1048 3217 1142 3279 supter
1154 3210 1181 3264 V

160 3285 257 3339 subtus
275 3283 318 3338 ed.
388 3289 420 3338 11
440 3285 522 3339 audit
538 3286 579 3338 ire
596 3285 721 3351 referunt
732 3283 767 3337 V.
837 3290 870 3338 16
888 3284 1013 3338 calidum
1026 3282 1051 3336 V
1066 3282 1109 3336 ed.
1129 3282 1180 3336 eol.

160 3372 212 3408 nos
231 3371 268 3408 au
287 3356 398 3411 valido?
472 3361 504 3409 17
525 3361 615 3410 autem
629 3355 654 3409 V
673 3373 699 3410 α.
715 3372 798 3425 quum
817 3355 860 3408 ed.
935 3359 968 3407 18
986 3354 1142 3408 verberatus
1154 3351 1181 3406 V

161 3434 224 3482 -tur
242 3427 286 3480 ed.
360 3432 393 3481 22
413 3432 453 3482 est
470 3443 523 3481 om.
539 3425 582 3481 ed.
656 3431 690 3479 28
713 3443 775 3480 cum
827 3428 1006 3481 enuntiamus
1017 3423 1044 3478 V
1062 3430 1101 3479 eet
1116 3440 1180 3493 pro-

160 3499 349 3553 uuutu'oudum
367 3497 411 3553 ed.
433 3497 436 3570 l
453 3497 634 3568 pausanda
651 3504 691 3553 est
709 3513 725 3552 o
742 3503 774 3552 ut
790 3442 874 3551 Vsu.
889 3512 946 3551 uou
958 3497 1024 3563 poet
1037 3511 1052 3549 o
1066 3496 1180 3562 inserui,

161 3571 296 3637 quoniam
322 3586 340 3623 a
362 3569 473 3625 Donato
495 3570 545 3624 hoc
566 3586 630 3622 cum
651 3569 725 3624 caelo
749 3568 882 3637 coniungi
901 3566 1048 3635 sequentia
1070 3566 1186 3630 docent,

161 3642 212 3695 sed
236 3641 335 3695 dubito
358 3656 395 3695 an
416 3642 513 3710 potius
529 3640 742 3711 producutduru
760 3646 799 3697 ost
816 3656 877 3697 uou
893 3645 928 3695 ut
943 3635 1138 3691 scribendum
1150 3635 1206 3707 affut,

158 3718 195 3763 29
211 3719 239 3765 et
249 3714 306 3777 fiat
322 3710 349 3765 V
363 3712 406 3767 ed.
425 3730 462 3769 ne
476 3715 533 3783 fiat
554 3714 600 3773 ed.
620 3716 699 3788 post.
723 3714 733 3791 l
762 3720 795 3773 ut
815 3711 889 3770 ettV
910 3711 960 3767 ab.
979 3709 1031 3765 aad
1049 3708 1088 3761 stt
1105 3702 1229 3765 ΜΨ·

196 3815 257 3854 Don.
266 3816 366 3866 mum
376 3820 446 3873 Vorg.
462 3825 511 3867 vol.
522 3826 555 3867 H.
1035 3817 1081 3866 Ὠ*
