2725 4150
190 318 257 386 456
473 312 616 373 DONATI
632 311 802 373 INTERPR.
818 316 928 372 VERG.

189 485 278 546 initia
292 483 431 563 diximus,
448 482 638 547 laudativum
651 487 706 562 est,
724 487 760 546 ut
776 485 829 546 ille
848 486 884 546 de
903 505 962 564 quo
981 483 1057 546 dixit
1074 477 1121 567 (1,
1133 479 1218 570 286)

190 579 348 652 „nascetur
369 577 495 654 pulchra
513 575 663 636 Troianus
686 573 801 654 origine
821 574 952 637 suum“
975 575 1065 654 digno
1090 578 1219 637 auctore

189 666 342 726 videretur
365 685 427 726 esse
450 665 625 743 progenitus
649 667 681 724 et
702 665 752 741 pio
776 681 812 726 eo
834 663 907 726 forti
929 668 959 725 et
976 664 1059 725 felici
1076 664 1219 743 principe

191 756 362 816 Romanum
383 754 543 832 imperium
565 755 717 814 constaret
739 756 884 814 exortum

267 846 323 906 Via
342 863 377 904 eo
395 845 494 919 tepet,
513 862 583 903 mox
600 844 636 903 ut
654 863 691 903 ea
705 844 800 924 legati
818 843 969 918 dixerunt,
987 843 1149 916 certusque
1160 861 1219 918 per
1250 859 1261 901 ι

189 951 243 994 ore
272 935 402 994 ceoth
428 930 618 993 Ausonidum
646 935 766 994 turbate
791 936 909 1008 (remor,
938 934 970 992 et
997 932 1115 992 turbati
1143 936 1219 994 sunt

190 1025 369 1100 omnesqui
397 1022 523 1082 aderant
548 1022 634 1084 uaria
661 1022 831 1084 sentientes.
877 1039 929 1083 ceu
955 1037 1031 1082 seua
1056 1025 1219 1082 morantur

189 1131 255 1172 cum
276 1113 398 1186 rapidos
425 1113 536 1180 amuis,
563 1114 600 1184 fit
625 1112 725 1172 olmusc
745 1113 859 1188 gurgite
885 1129 1021 1171 murmur
1042 1111 1219 1187 ceunomo

187 1202 318 1273 frement
343 1202 428 1274 ripae
455 1201 664 1275 crepitantibus
691 1203 796 1262 oudo:
823 1200 878 1276 sic,
905 1200 1019 1278 inquit,
1046 1201 1219 1262 fremebant

188 1290 322 1350 universi
344 1309 418 1367 quos
442 1293 633 1369 congesserat
654 1290 775 1351 concilii
792 1290 956 1369 peragendi
977 1288 1157 1366 necessitas,
1179 1293 1219 1352 ut
1236 1307 1260 1346 ro

188 1379 302 1439 fractus
322 1379 443 1439 obiectu
465 1398 605 1439 saxorum
626 1379 803 1457 rapidorum
826 1380 961 1439 amnium
983 1397 1087 1439 cursus
1110 1379 1143 1437 ot
1167 1398 1217 1440 ar·

188 1470 271 1527 tatus
294 1470 326 1527 in
349 1468 502 1546 gurgitem
524 1469 601 1529 solet
622 1487 676 1545 per
703 1467 889 1529 vicinitatem
915 1470 1052 1545 riparum
1075 1469 1218 1530 emittere

126 1568 178 1617 300
189 1558 317 1635 fragoris
347 1557 515 1635 strepitum.
560 1561 594 1617 et
614 1559 750 1632 primum
772 1559 886 1631 placeo·
916 1557 1010 1617 enimi
1039 1561 1066 1616 et
1096 1559 1217 1631 trepido

188 1664 242 1705 oro
274 1646 421 1720 quierunt,
457 1649 654 1724 posteaquam
686 1635 834 1707 siluerunt
867 1665 968 1706 omnes
1002 1645 1055 1724 qui
1086 1645 1216 1709 diversis

189 1736 358 1795 animorum
372 1736 503 1796 motibus
517 1737 639 1796 fuerant
656 1734 788 1811 excitati,
802 1737 961 1809 praefatus
980 1735 1071 1805 diuos,
1090 1735 1149 1796 hoc
1168 1740 1217 1799 est
1234 1751 1259 1793 u

188 1825 319 1902 primum
341 1826 381 1885 ad
403 1841 453 1886 eos
475 1826 608 1901 locutus,
638 1825 710 1884 sotto
732 1843 784 1884 reu
806 1826 875 1897 infit
896 1826 934 1884 ob
958 1825 1032 1886 ulto:
1057 1824 1216 1888 locuturus

189 1915 228 1974 ad
250 1915 396 1992 populum
423 1915 589 1974 orationem
616 1915 752 1975 futurem
779 1913 837 1974 diis
865 1913 962 1990 primo
991 1914 1216 1976 commendavit

188 2007 219 2064 et
242 2004 304 2063 alto
319 2004 394 2064 solio
413 2003 545 2064 insidens
565 2003 607 2064 sic
623 2004 760 2064 instituit
776 2004 873 2082 loqui3
896 2004 953 2062 hoc
974 2004 1054 2063 enim
1071 2002 1216 2083 exigebat

187 2094 328 2172 longaevi
349 2093 489 2173 regisque
511 2112 652 2170 persona,
675 2097 711 2155 ut
733 2093 838 2155 sedens
856 2094 1043 2171 loqueretur,
1066 2093 1159 2171 quale
1182 2097 1216 2156 et

187 2184 264 2242 illud
294 2183 371 2243 dixit
401 2204 436 2242 ex
465 2183 569 2243 Latini
598 2181 733 2244 eiusdem
758 2203 887 2261 persona
916 2183 948 2241 in
976 2181 1053 2242 libro
1081 2183 1215 2261 septimo
1229 2200 1259 2242 ro

188 2265 283 2355 (259)
307 2273 373 2348 „dii
395 2276 499 2333 nostra
521 2274 642 2350 incepta
665 2270 864 2349 secundent3“
887 2272 1056 2332 necessaria
1077 2272 1160 2332 enim
1182 2276 1216 2336 et

187 2363 218 2420 in
248 2364 362 2422 incerto
393 2365 501 2422 eventu
530 2363 697 2422 constitute
724 2363 878 2423 locuturus
906 2361 964 2421 diis
992 2362 1090 2439 primo
1118 2362 1216 2424 etiam

186 2451 250 2510 illio
273 2452 493 2512 commendavit
520 2470 557 2510 ex
578 2470 673 2528 more;
704 2471 775 2511 nam
798 2452 875 2511 dixit
901 2449 998 2527 primo
1017 2449 1085 2527 „dii
1106 2454 1216 2512 nostra

185 2539 307 2617 incepta
339 2543 503 2601 secundent
533 2542 753 2619 auguriumque
783 2539 892 2601 suum“
925 2543 956 2600 et
990 2540 1033 2599 sic
1064 2540 1216 2618 legationi

186 2630 342 2706 respondit
369 2630 526 2706 „dabitur,
554 2629 697 2704 Troiane,
725 2631 807 2708 quod
834 2628 954 2707 optas“.
1000 2631 1067 2689 aute
1094 2630 1215 2702 quidem
1234 2646 1260 2688 ιι

186 2736 303 2778 maome
326 2719 361 2779 de
383 2737 415 2779 re
437 2721 587 2788 statuisse,
610 2719 729 2789 Latini,
754 2725 780 2780 et
801 2721 917 2780 uellem:
939 2719 1051 2797 legitur
1073 2721 1104 2778 et
1124 2720 1215 2797 velle,

187 2807 330 2884 quoniam
353 2810 436 2885 prius
460 2809 505 2869 ait
533 2809 690 2884 statuisse,
717 2812 753 2869 ut
780 2810 819 2869 ad
846 2807 1023 2869 audientum
1050 2826 1216 2884 personam

186 2899 285 2957 totum
307 2895 435 2958 Latinus
458 2897 654 2973 revocaverit,
677 2917 738 2958 non
761 2899 799 2958 od
817 2917 903 2959 suam
916 2900 947 2957 et
969 2898 1011 2957 sit
1024 2899 1094 2956 ante
1119 2897 1214 2960 debu·

258 3067 481 3140 toberips'aeV.
555 3066 1000 3139 oetpeacvqeempioed.
1026 3066 1215 3139 'prinoipem

186 3137 213 3191 V
231 3155 300 3193 corr.
320 3140 363 3195 ed.
444 3146 478 3194 10
504 3157 570 3209 quoa
592 3147 760 3196 corwesserut
779 3138 852 3209 Vq.
873 3145 1043 3209 conpesceret
1067 3154 1117 3192 noe
1143 3156 1214 3207 quos

187 3227 241 3264 om.
256 3210 300 3265 ed.
319 3213 418 3280 pectus
430 3218 597 3267 concesserat
614 3212 657 3266 od.
672 3214 745 3280 poet.
801 3217 835 3265 12
851 3228 902 3279 per
919 3212 985 3279 post
1002 3208 1212 3266 emittereVed

185 3283 362 3351 transposuit
375 3283 418 3340 ed.
433 3285 506 3352 poet.
555 3289 588 3337 13
601 3283 727 3354 fragores
739 3281 918 3352 strepitumV
931 3282 968 3349 fr
982 3287 1008 3336 et
1020 3282 1151 3349 strepitus
1165 3282 1211 3342 ed.

185 3353 308 3424 fragoris
328 3362 377 3410 etr.
400 3372 459 3409 noe.
537 3359 571 3410 16
589 3356 628 3410 ed
645 3371 689 3410 eos
702 3354 729 3409 V
742 3354 786 3409 ed.
805 3354 844 3409 ad
861 3354 924 3409 deos
943 3352 965 3407 Ο
985 3352 1106 3406 fortasse
1123 3355 1213 3410 recte

188 3430 221 3478 19
240 3426 360 3493 qualeV
378 3443 462 3495 geere
480 3426 523 3481 ed.
601 3432 634 3481 21
653 3427 853 3483 necessariu-
819 3431 900 3479 -24
918 3425 1067 3479 secundent
1089 3440 1143 3477 om.
1165 3426 1210 3484 ed,

187 3501 221 3549 23
249 3498 293 3552 illi
315 3497 342 3552 V
367 3499 426 3553 illic
453 3515 512 3552 noe
598 3499 742 3567 25qmde
660 3499 769 3567 quedem
791 3496 858 3552 Ve
875 3497 968 3551 eidem
995 3493 1038 3550 ed.
1067 3496 1096 3550 et
1122 3493 1211 3567 Verg.

179 3567 257 3625 libri.
334 3574 368 3626 2⁷
386 3568 622 3642 quoaiomVpe
622 3586 670 3625 em
690 3568 766 3643 ed!
795 3514 933 3624 audeo.
956 3574 989 3623 et
1011 3566 1049 3621 ad
1071 3565 1116 3621 ed
1134 3571 1211 3634 poet.

162 3570 1094 3781 gjpgrptotumvedperdeeutorneiense1
1126 3638 1212 3695 debus·

200 3736 252 3777 ee
