2725 4150
186 322 252 390 676
472 318 612 375 ΒΟΝΔΤΙ
630 318 800 375 INTERPR.
813 318 923 375 VERG.

186 490 344 549 exacturus
367 488 426 548 fuit
448 487 485 547 de
503 491 589 566 parte
607 487 726 548 diversa
743 506 829 549 suam
846 487 930 566 prior
950 487 1055 547 debuit
1072 506 1213 548 suoram-

186 598 245 656 qne
267 578 380 638 vincire
406 596 573 655 personam.
617 579 650 636 in
678 596 712 637 eo
739 580 840 638 tamen
869 580 900 637 et
926 579 988 637 sais
1015 576 1157 655 providet
1181 582 1214 637 et

185 668 247 728 filio
271 686 339 743 suo,
361 672 399 726 ne
420 670 491 744 post
508 666 667 727 adversum
685 666 811 727 forsitan
831 668 1002 727 certaminis
1021 666 1136 726 exitam
1155 668 1213 727 ali÷

186 758 260 835 quid
282 756 343 833 ipsi
364 775 485 833 qnoque
507 758 683 834 paterentur
705 756 832 817 adversi.
868 758 907 832 si,
929 756 1044 833 inquit,
1071 756 1212 816 'furnum

185 849 288 906 secuta
310 847 492 923 prosperitas
515 846 618 917 fuerit‘
645 845 771 905 redeant
792 845 923 905 Arcada
946 847 984 906 ad
1007 864 1075 922 sua,
1104 845 1212 905 redeat
1241 859 1252 901 o

184 935 265 995 lilius
294 954 378 995 mans
407 936 494 995 istius
523 935 633 994 finibus
659 938 758 995 terrae
785 953 882 1011 neque
908 954 1054 1011 umquam
1081 935 1212 995 Troiani

184 1025 248 1083 ullo
278 1023 372 1083 Italos
403 1027 567 1101 provocent
597 1024 687 1083 bello.
722 1026 772 1083 aia
797 1028 931 1083 acetrum
957 1024 1096 1083 adnuerit
1123 1026 1212 1085 nobie

183 1114 307 1173 victoria
319 1115 465 1182 Martaa,
484 1117 518 1171 at
529 1114 631 1187 potiar
648 1118 715 1172 reor
732 1118 758 1172 et
770 1114 871 1187 potios
887 1114 930 1172 dii
946 1115 1068 1172 aama'ac
1079 1114 1211 1186 firment,

124 1213 244 1263 190aoa
267 1219 316 1277 epo
338 1220 391 1262 aec
407 1204 535 1261 'Teucris
557 1202 653 1261 Italos
674 1220 784 1275 parcre
809 1204 911 1261 iabcbo
938 1220 991 1262 aec
1004 1203 1089 1261 'mai
1115 1220 1211 1278 repra

179 1296 262 1367 peto:
285 1294 412 1365 peribas
434 1309 465 1351 sc
488 1293 598 1366 lapitas
626 1293 731 1351 ambae
756 1293 882 1352 lavatae
906 1297 1005 1366 acates
1031 1296 1155 1353 aetoraa'
1175 1293 1211 1352 ia
1229 1307 1253 1348 ro

182 1381 302 1456 foedera
326 1383 450 1450 mittem,
478 1399 567 1440 saera
593 1382 717 1453 deosque
738 1380 831 1440 dabo:
851 1385 940 1454 parer
966 1399 1054 1440 arma
1076 1381 1211 1441 Latinas

183 1471 298 1540 bobeta,
321 1471 478 1545 impericia
499 1470 636 1529 sollemne
659 1487 754 1529 socer:
778 1471 851 1528 mibi
872 1472 989 1529 aweaia
1012 1472 1119 1529 Teucri
1142 1488 1211 1531 ooa-

183 1560 303 1619 eta'taeat
322 1562 445 1634 orbique
467 1560 550 1619 dabit
571 1560 706 1619 Lacinia
728 1577 848 1618 aomea:
878 1559 961 1619 dedit
990 1559 1211 1620 observandem

184 1651 281 1728 legem
293 1649 376 1726 parti
389 1649 525 1709 diversas
539 1650 570 1707 et
588 1666 619 1708 se
635 1649 697 1708 alia
715 1666 846 1724 suosque
864 1650 1049 1709 constrinxit.
1082 1648 1110 1708 si
1127 1669 1210 1725 vero,

184 1740 241 1815 ait,
259 1759 306 1797 me
324 1740 468 1800 victorem
486 1738 658 1798 certaminis
676 1740 774 1798 exitus
792 1739 909 1812 fecerit,
929 1738 1010 1814 qnod
1025 1738 1124 1817 magis
1137 1740 1210 1800 volo
1229 1756 1254 1797 rs

184 1832 215 1889 et
233 1829 321 1903 cupio
339 1828 496 1905 provenire
515 1831 604 1904 atque
621 1827 825 1887 annminibus
839 1846 943 1904 posco,
961 1828 1056 1887 nolim
1074 1829 1211 1888 serviant

184 1917 322 1977 Troianis
340 1918 415 1977 Itali'
431 1936 485 1977 neo
502 1917 590 1977 Italis
607 1918 745 1991 lboiani,
764 1917 826 1977 sint
842 1935 943 1993 pares,
962 1917 1024 1976 sint
1042 1918 1210 1992 unanimes,

184 2008 246 2066 sint
263 2025 325 2064 una
344 2026 378 2066 ac
396 2009 543 2084 perpetua
561 2007 704 2066 societate
718 2007 887 2066 concordes.
918 2025 973 2065 nec
990 2007 1065 2066 mihi
1081 2025 1210 2086 regnum

184 2096 342 2157 vindicabo
366 2097 446 2174 quod
470 2100 516 2156 est
538 2098 645 2157 soceri:
670 2098 728 2157 hoc
750 2097 849 2156 solnm
871 2097 957 2157 Italis
981 2096 1124 2174 inponam
1148 2117 1209 2174 qao

183 2187 333 2245 laetentur
360 2190 392 2245 et
411 2190 561 2261 crescant,
589 2186 666 2245 dabo
691 2185 774 2260 deos,
805 2186 882 2245 dabo
906 2205 1000 2246 sacra.
1046 2185 1120 2262 quid
1143 2189 1209 2246 tam
1228 2204 1254 2243 ao

183 2275 362 2335 honestum?
396 2275 468 2351 quid
497 2279 561 2335 tam
589 2275 778 2335 commodum
805 2294 896 2351 quam
923 2276 993 2335 deos
1025 2293 1147 2335 noscere
1178 2281 1210 2337 et

184 2364 296 2425 discere
311 2364 554 2425 venerationem?
586 2365 685 2424 adhuc
704 2365 740 2423 de
758 2364 913 2424 commodo
932 2383 987 2424 sno
1007 2367 1038 2424 et
1056 2364 1093 2423 de
1106 2365 1210 2424 fractu

182 2454 327 2514 victoriae
345 2455 420 2513 nihil
440 2455 516 2514 dixit
531 2456 630 2513 totum
647 2455 725 2532 regi,
744 2457 844 2512 totum
858 2454 973 2513 civibus
988 2472 1118 2514 servans.
1150 2455 1208 2512 hoc

183 2546 219 2601 ut
249 2543 388 2602 credibile
411 2545 509 2620 fieret,
536 2546 620 2604 venit
647 2543 686 2602 ad
713 2544 809 2620 partis
837 2561 916 2603 suas.
962 2544 1071 2618 solam,
1096 2542 1206 2618 inquit,

182 2634 316 2709 palmam
339 2634 467 2711 gloriam
490 2651 611 2710 quaero.
657 2635 789 2691 ceterum
816 2633 1006 2692 manentibus
1035 2632 1148 2692 cunctis
1171 2631 1206 2690 in
1225 2648 1252 2689 ro

183 2740 237 2781 suo
261 2725 345 2781 statu
367 2723 426 2781 mei
448 2724 522 2782 mihi
546 2722 699 2782 civitatem
723 2721 864 2796 condent,
886 2740 946 2780 non
964 2722 1087 2781 tradam
1104 2740 1207 2798 qnem-

185 2831 275 2887 quam
298 2810 417 2871 sedibus
441 2812 503 2871 suis
526 2831 579 2871 nec
603 2810 695 2870 alieni
716 2811 791 2870 iuris
810 2812 893 2870 sedes
911 2810 1067 2871 invadam:
1090 2810 1208 2871 civitati

183 2902 244 2976 ipsi
261 2920 369 2960 nomen
383 2900 512 2961 Lavinia
530 2900 622 2960 dabit.
652 2901 753 2960 nullas
772 2920 820 2960 me
837 2900 982 2960 victorem
1000 2901 1120 2974 sentiet,
1139 2920 1207 2960 cum

183 2993 280 3049 omnis
303 2989 378 3049 mihi
401 2993 442 3050 sit
464 2996 555 3050 'causa
577 3011 646 3050 cum
669 2991 780 3049 Turno.
817 2987 909 3066 quam
931 2990 1060 3048 libenter
1082 2990 1206 3049 auditas

184 3083 243 3153 cst,
266 3099 333 3138 cum
356 3100 416 3140 non
439 3082 559 3140 tantum
580 3080 681 3140 ineos
700 3099 761 3139 non
779 3099 810 3139 se
829 3098 969 3156 asperam
987 3079 1124 3138 futurum
1141 3080 1207 3155 pol·
1224 3095 1251 3135 ao

256 3285 422 3342 bredaatV
441 3287 519 3341 cedat
537 3286 580 3340 ed.
659 3287 720 3341 'lei
736 3303 787 3354 pro
805 3288 851 3340 eia
868 3285 902 3341 V.
980 3287 1138 3340 Baams‘aa
1161 3286 1205 3340 ed.

185 3361 218 3410 10
236 3356 303 3412 eeV
322 3358 370 3412 scd
388 3357 432 3413 ed.
488 3363 519 3411 11
539 3359 647 3413 mittcat
659 3356 685 3410 V
700 3358 743 3413 ed.
762 3359 874 3413 mittant
891 3357 993 3426 optimi
1006 3356 1091 3426 Verg.
1105 3356 1181 3412 libri.
1201 3361 1203 3427 l

178 3435 262 3496 poter
275 3428 300 3482 V
318 3446 393 3484 socer
411 3428 454 3484 ed.
469 3431 498 3483 st
513 3445 609 3484 omnes
621 3429 706 3499 Verg.
721 3429 801 3496 libri,
816 3428 865 3483 sed
877 3436 957 3498 pater
970 3429 1206 3497 interpretatione

183 3500 319 3556 firmatur.
376 3507 408 3555 13
427 3502 527 3570 abique
540 3501 574 3555 V.
627 3506 660 3555 14
678 3502 809 3557 moereas
827 3500 870 3554 ed.
924 3507 957 3554 16
972 3501 1206 3556 anamiaibaeV

182 3573 300 3627 aame‘aa
323 3572 366 3626 ed.
441 3579 473 3628 17
496 3571 597 3628 siatV
620 3573 667 3628 aed
689 3590 710 3628 s.
734 3572 778 3627 ed.
851 3577 886 3625 20
909 3589 978 3642 apra
1001 3589 1052 3641 pro
1074 3588 1157 3627 sacra
1170 3572 1204 3627 V.

184 3644 475 3770 ageoicppra'aVcorr.
491 3645 535 3700 ed.
602 3649 636 3697 25
654 3643 811 3714 ploriamV
829 3650 854 3698 et
871 3645 906 3715 pl.
927 3643 971 3698 ed.
1040 3642 1205 3698 1111111111

178 3745 192 3754 ·
228 3730 305 3771 se.
