2725 4150
552 328 804 385 munmosvn
1144 335 1186 402 89

163 500 278 573 tenuit,
306 517 374 558 oum
400 516 506 574 rupem
529 498 709 558 describeret
732 502 762 558 et
784 498 886 576 pelagi
912 498 1056 560 tumentis
1078 500 1186 560 fluctus

164 591 195 649 et
217 587 333 648 rabiem
355 586 447 646 maris
470 590 501 646 et
519 588 620 665 algam
642 589 673 646 et
691 588 800 646 molem
823 589 854 647 et
875 588 966 663 ietus,
990 589 1119 665 arripuit
1138 590 1187 650 hie

164 696 284 754 quoque
307 677 537 737 translationem
561 676 659 736 disens
682 676 784 755 frangi
809 677 965 737 commoda
991 678 1111 754 imperii
1138 681 1188 738 sui

164 771 196 827 et
217 786 302 843 spem
329 765 482 844 publicem
508 765 675 841 inprovidis
702 765 817 825 nisibus
844 769 999 842 tamquam
1026 767 1186 847 naufragio

132 872 145 912 e
164 856 284 918 laniari.
313 857 433 935 signata
451 873 522 933 ergo
540 856 643 931 posuit
656 855 749 916 verba
766 855 920 915 eonferens
939 874 1065 933 eaquae
1086 858 1187 916 oriun-

163 949 217 1005 tur
238 944 271 1004 in
293 944 372 1004 mari
394 947 425 1004 et
447 943 600 1004 evidenter
623 943 791 1004 ostendens.
832 964 903 1005 nam
925 944 1078 1024 frangitur
1100 947 1187 1006 navis

165 1038 197 1094 et
213 1033 374 1111 naufragio
392 1033 496 1093 interit
513 1035 729 1109 tempestatum
747 1034 842 1093 eiecta
860 1034 1045 1111 turbinibus,
1068 1035 1187 1113 quibus,

163 1126 201 1183 ut
223 1124 337 1183 furenti
359 1122 486 1200 populo,
509 1123 610 1182 resisti
632 1141 694 1181 non
715 1124 829 1198 potest,
853 1126 884 1183 et
906 1124 1028 1202 navigia
1048 1128 1187 1202 pereunt:

164 1214 208 1272 sie
230 1214 309 1289 ipse,
333 1211 406 1288 quia
423 1214 545 1272 tantum
563 1213 710 1288 impetum
727 1212 833 1289 populi
851 1212 1029 1273 insanientis
1047 1223 1187 1276 revocare

117 1318 145 1358 ro
163 1320 224 1360 non
247 1300 361 1377 potuit,
384 1300 568 1379 frangimur,
597 1301 653 1374 ait,
681 1319 737 1361 nee
759 1302 840 1360 malo
862 1302 997 1363 velemus
1026 1323 1186 1364 occurrere.

163 1391 291 1450 ferimur
313 1391 457 1467 procella,
481 1389 554 1468 quia
577 1409 665 1466 quem
688 1391 821 1466 procella
839 1394 928 1469 urget
946 1410 981 1451 ee
1001 1395 1105 1468 portat
1126 1413 1187 1453 non

165 1479 314 1557 quomodo
337 1480 406 1539 vult
428 1482 482 1539 aut
505 1497 565 1554 quo
589 1480 720 1539 voluerit
741 1479 845 1538 fertur.
886 1480 945 1538 heu
963 1480 1049 1555 fatis,
1073 1482 1188 1542 scilieet

164 1568 311 1644 adversis,
340 1570 413 1646 quia
440 1568 516 1628 dixit
542 1568 601 1627 heu
628 1571 659 1628 et
681 1587 774 1645 supra
797 1568 873 1628 dixit
900 1568 1005 1644 „ilioet
1028 1569 1188 1630 infandum

163 1658 265 1718 onnoti
290 1661 396 1718 eontra
423 1659 525 1717 omina
551 1657 678 1733 bellum,
708 1660 812 1718 eontra
840 1658 905 1719 fata
933 1658 1021 1717 deum
1047 1678 1190 1734 perverso

116 1762 144 1804 rs
163 1747 286 1806 numine
318 1745 476 1824 poseunt“.
521 1747 581 1820 ipsi
612 1747 667 1805 has
703 1747 844 1822 saerilepo
871 1749 1006 1822 pendetis
1041 1750 1249 1823 soapoineeee

157 1854 286 1911 poenae,
312 1854 328 1895 o
350 1837 465 1895 miseri:
492 1835 566 1895 bene
588 1836 714 1896 miseros
739 1836 827 1911 dixit,
854 1840 891 1896 nt
913 1836 1012 1896 dolere
1035 1837 1188 1897 videretur

163 1926 306 2002 errantis3
337 1925 438 1985 nullus
472 1926 551 1984 enim
583 1926 679 1985 sciens
713 1944 748 1985 ae
781 1944 871 1986 sanae
903 1928 1012 1988 mentis
1042 1926 1124 1987 eadit
1154 1927 1187 1986 in

163 2016 284 2077 foveam
307 2015 465 2090 scelerum,
488 2014 589 2075 nullus
612 2017 718 2091 peceat
740 2015 772 2074 in
796 2014 865 2076 deos
889 2015 948 2077 nisi
975 2016 1001 2077 is
1025 2035 1114 2094 quem
1137 2017 1186 2077 de-

162 2105 279 2165 mentia
302 2107 371 2165 ante
394 2104 569 2181 possederit.
605 2124 624 2164 a
642 2106 776 2183 generali
794 2104 997 2182 increpatione
1016 2106 1055 2167 ad
1073 2109 1186 2184 speoia-

115 2210 144 2250 ao
163 2196 224 2253 lem
242 2195 369 2254 transit:
392 2199 430 2263 te,
446 2195 556 2265 Turne,
576 2195 676 2267 nefus,
696 2199 723 2254 te
741 2195 829 2264 triste,
848 2197 978 2255 moaeMt
994 2197 1187 2270 supplicium:

162 2286 228 2361 ipse
244 2283 323 2343 enim
343 2283 403 2342 fuit
421 2282 558 2343 omnibus
578 2301 668 2343 eausa
689 2283 842 2360 peccandi.
869 2286 999 2357 uotisque
1017 2286 1085 2344 deos
1103 2302 1187 2344 oene-

161 2374 268 2433 rabere
290 2373 379 2432 seris·
400 2373 458 2433 hoo
481 2391 587 2450 genere
610 2372 757 2433 suadebat
779 2372 945 2432 omittenda
962 2391 1026 2433 esse
1046 2374 1121 2433 talia
1140 2374 1186 2431 in·
1215 2414 1221 2424 .

163 2465 266 2539 cepta3
297 2479 368 2520 nam
397 2461 450 2537 qui
479 2462 540 2521 eito
568 2461 605 2521 ab
633 2464 733 2521 errato
762 2461 888 2521 discedit
916 2465 947 2521 et
972 2462 1052 2521 male
1080 2466 1186 2538 coepta

162 2554 282 2610 mature
302 2550 480 2610 condemnat
498 2552 599 2626 potest
616 2552 725 2610 mereri
747 2552 879 2624 veniam,
902 2568 968 2609 sera
986 2569 1056 2610 vero
1078 2550 1185 2611 erroris

116 2654 144 2695 as
164 2640 281 2718 agnitio
304 2639 439 2717 ignoturi
461 2640 594 2699 favorem
618 2658 679 2699 non
697 2641 798 2717 potest
815 2657 986 2715 provocare.
1024 2657 1096 2698 oum
1114 2641 1187 2699 milri

158 2734 253 2803 porto
277 2730 357 2803 quies
380 2730 529 2803 omnisque
551 2730 585 2788 ia
608 2730 709 2788 limiae
726 2732 846 2803 portus:
872 2730 908 2786 ut
930 2747 949 2787 a
972 2730 1112 2804 perieulis
1136 2750 1187 2805 pe·

163 2818 228 2897 lagi
245 2819 308 2878 tuti
326 2821 397 2877 sunt
414 2819 468 2894 qui
486 2818 600 2877 fuerint
617 2819 650 2877 in
668 2821 767 2894 portu,
790 2817 833 2876 sio
851 2818 915 2893 ipse
934 2820 1035 2878 tutum
1054 2837 1085 2879 se
1104 2818 1186 2879 futu·

162 2928 233 2967 rum
255 2907 330 2966 dicit
354 2906 407 2984 qui
425 2907 530 2967 domus
555 2926 625 2967 suae
648 2908 753 2983 saepto
776 2925 886 2966 usurus
908 2911 986 2968 esset
1009 2927 1063 2985 pro
1087 2912 1187 2985 portu.

164 2997 257 3056 etiam
280 3016 361 3055 nuno
383 2998 586 3073 perseveravit
607 2996 692 3055 ineo
712 3015 819 3074 genere
837 2998 1044 3058 translationis
1063 2998 1187 3058 dicendo

116 3100 144 3140 so
163 3089 271 3162 portus
294 3084 370 3143 mihi
392 3086 451 3145 erit
468 3085 560 3145 limen
581 3085 686 3145 domus
708 3104 805 3161 meae,
830 3085 911 3163 quod
930 3106 1103 3164 egressurus
1126 3106 1186 3147 non

238 3226 254 3273 2
274 3226 299 3275 et
317 3221 383 3289 alga
401 3225 426 3274 et
443 3220 531 3275 molae
548 3221 620 3274 iotae
633 3218 659 3272 V
675 3220 746 3274 ictus
762 3235 816 3274 om.
832 3221 875 3275 ed.
895 3222 1030 3290 atalpero
1048 3227 1075 3275 et
1091 3221 1187 3276 molem

164 3290 209 3345 ed.
228 3293 302 3361 post.
326 3297 352 3346 et
368 3291 462 3360 algam
480 3298 506 3347 et
522 3292 617 3346 molem
635 3296 661 3345 et
678 3292 750 3345 dotus
767 3307 826 3345 nos.
896 3297 912 3344 3
935 3293 1143 3347 translationem
1160 3292 1187 3344 V

159 3380 214 3432 per
240 3370 274 3417 tr.
304 3379 368 3416 oum
395 3362 469 3416 falsa
498 3362 679 3416 distinetione
707 3362 750 3415 ed.
829 3368 861 3415 11
890 3379 968 3431 quem
988 3363 1014 3416 V
1040 3364 1066 3418 is
1091 3380 1115 3432 q.
1142 3362 1186 3417 ed.

164 3440 199 3487 13
218 3435 272 3489 beo
291 3450 344 3488 om.
360 3434 405 3490 ed.
426 3435 430 3505 Ι
451 3440 476 3489 et
493 3450 580 3503 sopra
598 3434 671 3487 dieii
689 3448 742 3486 om.
754 3430 884 3488 HOUed.
937 3438 969 3486 16
984 3433 1162 3489 doloreVed.

162 3507 323 3561 uiderentur
340 3522 432 3561 orare
450 3507 495 3559 ed.
560 3508 592 3557 19
607 3504 768 3573 possederat
786 3505 834 3562 ed„
897 3509 929 3556 21
950 3506 1023 3558 euim
1042 3521 1095 3559 om.
1115 3506 1158 3560 ed.

163 3578 336 3632 oeooaberis
353 3578 408 3631 eris
426 3575 460 3631 V.
524 3582 558 3630 22
577 3576 626 3629 boe
643 3591 738 3644 pedere
756 3573 782 3628 V
800 3576 866 3631 bueo
889 3576 982 3631 Turno
1001 3575 1049 3631 ed.
1065 3576 1080 3648 l
1095 3592 1153 3631 asse
1171 3584 1198 3629 at

164 3648 225 3703 alia
243 3647 269 3702 V
288 3664 354 3701 com
375 3647 416 3701 ed
489 3654 525 3703 25
543 3645 705 3720 s‘pnotoriV
726 3649 853 3723 opoitori
873 3648 920 3706 ed.
937 3648 1071 3721 ignotast
1087 3664 1146 3701 nos
1163 3646 1220 3713 toi.

158 3722 250 3780 &⁶20
264 3720 419 3786 serratum).
495 3726 533 3777 30
543 3728 667 3793 portum
686 3722 713 3781 V
736 3742 812 3784 corr.
832 3724 882 3784 ed.
