2725 4150
101 445 104 450 Ι
220 365 287 432 500
506 361 646 418 DONATI
663 361 833 418 munuca.
847 361 955 418 uuus.

219 553 291 593 nam
314 535 344 593 et
370 531 480 611 regalis
503 532 564 590 fuit
588 533 618 591 et
647 550 759 610 magna
785 533 816 591 et
844 531 969 609 geminis
998 529 1095 608 partis
1125 531 1247 593 felicior

219 626 329 698 mater,
347 623 452 698 utpote
471 640 548 697 quae
561 620 735 697 Apollinem
751 621 941 697 Dianamque
958 622 1139 697 peperisset,
1158 642 1244 700 prae

220 713 325 790 cipuos
347 711 461 772 scilicet
483 710 552 770 deos
576 712 607 769 et
625 709 801 771 exercitatos
819 710 851 769 in
869 711 977 770 iaculis
996 712 1027 769 et
1044 709 1179 789 sagittis.
1214 713 1244 772 in

219 800 446 880 pronominibus
460 798 614 859 videamus
633 802 780 875 quantum
799 799 840 859 sit
856 799 987 876 pondus:
1005 799 1072 876 tibi,
1091 801 1148 875 ait,
1167 821 1244 878 quae

219 911 255 950 ex
273 890 390 950 Latona
412 889 495 949 nasci
517 889 667 963 meruisti,
690 888 759 963 tibi,
783 888 879 948 sorori
895 887 1060 965 Apollinis,
1083 888 1143 949 tibi
1167 910 1244 968 quae
1269 903 1278 946 s

218 980 375 1040 maiestate
397 977 528 1038 numinis
551 978 631 1037 fulta
648 972 698 1054 es,
720 977 777 1038 tibi
800 979 908 1056 dignae
931 977 981 1037 cui
1003 977 1114 1038 servire
1136 978 1244 1040 debeat

217 1069 281 1129 filia
303 1087 383 1143 mea,
405 1066 464 1126 tibi
486 1086 562 1143 quae
581 1070 665 1143 potes
689 1086 807 1127 servare
824 1067 1053 1144 periclitantem.
1084 1067 1242 1130 videamus

218 1157 291 1233 quid
310 1156 458 1235 significet
474 1157 565 1216 hane:
585 1158 642 1216 hoc
660 1159 705 1216 est
723 1176 815 1234 quarn
832 1158 864 1216 in
882 1157 1024 1234 periculis
1042 1158 1165 1232 positus
1183 1178 1242 1218 non

216 1246 327 1322 reliqui
348 1245 486 1305 hostibus
508 1246 596 1321 meis,
621 1265 713 1322 quam
736 1247 831 1305 solam
853 1246 963 1322 habeo,
994 1265 1068 1322 quae
1092 1249 1142 1307 est
1166 1248 1242 1309 sola-

216 1336 298 1394 cium
316 1336 523 1395 calamitatum
543 1337 574 1393 et
591 1335 672 1394 exilii
689 1337 762 1411 mei,
781 1355 873 1412 quam
892 1335 1000 1394 fiducie
1018 1333 1065 1394 tui
1083 1337 1240 1398 committo
1256 1350 1275 1391 o

215 1425 347 1500 incertis,
362 1427 398 1484 ut
416 1424 669 1484 evidentissimam
682 1426 783 1502 fugiat
796 1427 931 1484 mortem.
962 1426 1027 1502 ipse
1041 1427 1132 1501 pater
1145 1427 1240 1486 ismu-

216 1515 278 1573 lam
300 1533 408 1589 voveo,
431 1514 484 1590 qui
503 1513 635 1572 donandi
654 1517 683 1573 et
704 1513 832 1575 vovendi
849 1514 945 1573 habeo
964 1516 1158 1591 potestatem.
1191 1517 1240 1591 sic,

215 1603 328 1680 inquit,
346 1603 404 1663 tibi
421 1603 499 1663 hanc
512 1621 620 1676 voveo,
638 1606 675 1663 ut
693 1602 811 1663 desinat
829 1623 895 1663 mea
915 1621 978 1664 esse
996 1603 1059 1662 filia
1078 1607 1110 1664 et
1129 1605 1239 1666 efficia·

213 1696 266 1753 tur
288 1693 403 1752 famula
426 1695 488 1752 tua.
530 1693 656 1768 aequius
679 1694 758 1751 enim
780 1694 862 1769 patri
885 1692 1045 1752 ridebatur
1066 1694 1103 1752 ut
1125 1695 1240 1755 viveret

215 1785 352 1859 essetque
375 1781 408 1840 in
431 1781 574 1858 obsequio
593 1781 665 1840 deae
686 1801 778 1858 quam
801 1800 870 1840 cum
887 1783 954 1857 ipsa
972 1781 1112 1842 libertate
1133 1784 1239 1844 acerbo
1255 1799 1274 1842 u

215 1872 327 1948 periret
348 1871 481 1931 interitu.
528 1870 608 1948 quod
631 1873 733 1930 autem
756 1870 832 1930 dixit
853 1888 960 1946 voveo,
988 1891 1049 1930 non
1072 1871 1108 1930 de
1134 1873 1238 1934 futuro

214 1962 333 2022 locutus
352 1962 406 2035 est,
425 1960 476 2019 sed
496 1960 532 2018 de
550 1962 701 2038 praesenti
718 1964 809 2036 atque
827 1960 974 2036 perfect03
992 1962 1024 2018 in
1038 1963 1239 2037 promissione

215 2052 416 2128 quippepost
438 2053 577 2111 eventurn
594 2068 769 2128 prosperum
789 2052 890 2127 posset
908 2052 1025 2110 mutere
1047 2052 1238 2129 sententiam,

214 2143 284 2217 post
309 2140 492 2200 translatum
517 2159 587 2200 vero
615 2140 780 2199 dominium
809 2139 885 2198 nihil
913 2141 1045 2218 cogitare
1073 2141 1156 2217 quod
1186 2142 1237 2202 ad·

214 2231 348 2289 mitteret
366 2229 510 2288 fraudem.
545 2233 598 2288 tua
611 2231 714 2302 prime
727 2246 784 2303 per
802 2248 894 2288 acras
912 2231 970 2288 tela
988 2234 1099 2299 moena,
1114 2231 1174 2291 hoc
1193 2236 1237 2292 est
1253 2247 1274 2287 s

214 2320 345 2380 hastam:
360 2339 426 2378 curn
440 2319 529 2378 hasta
543 2337 609 2377 eam
622 2321 737 2378 teneret
745 2318 897 2398 innexam,
907 2319 950 2378 sic
963 2319 1081 2378 loeutus
1096 2323 1153 2396 est,
1163 2341 1235 2398 qua·

214 2409 240 2467 si
258 2410 326 2486 ipsa
342 2410 463 2468 hastam
480 2409 542 2468 suis
560 2408 698 2469 manibus
716 2411 841 2485 regeret.
877 2408 1000 2483 supplex
1018 2408 1127 2467 hostem
1145 2412 1237 2486 sepit:

214 2516 291 2574 quae
314 2500 345 2557 te
367 2498 465 2558 verbis
488 2497 561 2556 meis
584 2501 674 2576 rogat
696 2501 726 2558 et
747 2497 804 2558 tibi
828 2502 873 2557 est
896 2499 1022 2575 supplex
1047 2517 1107 2557 non
1132 2518 1236 2577 quem·

120 2616 129 2634 x
150 2600 304 2664 etoquam
322 2587 520 2664 persequitur,
534 2586 585 2646 sed
603 2586 730 2647 infestos
748 2587 833 2663 cupit
850 2587 983 2646 evadere.
1017 2589 1123 2662 accipe,
1139 2592 1234 2660 testor,

212 2678 291 2747 dioc,
303 2680 400 2736 tuam:
417 2680 494 2736 teste
508 2683 538 2735 te
552 2676 609 2735 tibi
622 2676 834 2737 transcribitur
847 2676 957 2735 iudicio
971 2696 1047 2752 meo,
1058 2677 1159 2754 accipe
1174 2700 1235 2740 non
1251 2689 1273 2733 so

211 2767 404 2843 promissam,
428 2766 478 2825 sed
501 2765 663 2826 traditione
687 2767 820 2843 perfecta
841 2765 903 2824 iam
926 2770 1019 2826 tuam.
1057 2784 1132 2838 quae
1154 2786 1236 2828 nunc

211 2855 310 2915 dubiis
334 2857 520 2915 committitur
547 2856 645 2914 corb:
674 2875 735 2915 non
761 2854 940 2915 temeritatis
972 2858 1018 2914 est
1045 2856 1127 2931 quod
1154 2858 1234 2923 aeris

209 2945 324 3004 incerto
347 2945 559 3019 committitur,
589 2945 641 3005 sed
662 2944 790 3005 fiduciae
817 2944 948 3003 numinis
971 2945 1031 3019 tui,
1062 2963 1149 3006 serva
1171 2946 1235 3008 iam

210 3037 307 3110 tuam,
331 3054 417 3095 serva
439 3038 492 3095 tuo
515 3034 632 3095 numini
649 3034 862 3112 potentiaeque
885 3033 1081 3094 commissam.
1114 3036 1192 3095 dicit
1209 3041 1236 3096 et

211 3125 336 3184 adducto
359 3128 522 3184 contentum
543 3124 648 3184 hastile
670 3125 775 3183 lacerto
798 3123 933 3195 inmittit·
959 3124 1045 3183 tanto
1069 3123 1148 3182 enim
1173 3127 1233 3186 for-
1250 3140 1273 3181 so

283 3265 297 3313 1
316 3261 432 3330 pemissio
444 3265 546 3328 pertus
559 3258 585 3312 V
597 3260 705 3328 pemiuo
720 3263 807 3327 partu
823 3257 866 3311 ed.
922 3264 938 3311 4
953 3260 1001 3326 qui
1015 3275 1048 3312 ex
1062 3257 1088 3311 V
1102 3275 1171 3313 corr.
1187 3260 1231 3314 ed.

211 3336 226 3384 6
241 3331 342 3401 dipnuc
356 3348 410 3385 om.
419 3331 462 3384 ed.
501 3335 517 3384 8
528 3329 667 3399 positosV
673 3331 794 3398 positam
804 3328 846 3382 ed.
887 3334 919 3382 10
932 3330 1064 3395 fiduciam
1073 3329 1174 3384 Vcorr.
1186 3332 1231 3387 ed.

211 3408 244 3456 13
259 3410 324 3458 et-
336 3408 371 3457 14
384 3409 434 3457 tue
447 3418 501 3456 om.
511 3401 555 3455 ed.
601 3407 633 3456 15
647 3402 706 3470 ipse
718 3400 744 3453 V
753 3416 822 3453 corr.
833 3400 876 3454 ed.
921 3407 954 3453 16
969 3402 1057 3455 terite
1068 3400 1095 3453 V
1104 3417 1174 3456 corr.
1186 3403 1231 3458 ed

211 3479 243 3527 17
263 3472 382 3543 atpueV
397 3479 422 3528 et
440 3474 483 3529 cd.
540 3478 573 3526 19
588 3474 676 3542 possit
690 3472 715 3525 V
729 3478 795 3540 poet
812 3488 879 3525 corr.
898 3471 941 3525 ed.
958 3471 961 3543 1
982 3472 1123 3527 domiuum
1136 3471 1162 3526 V
1182 3474 1232 3530 do-

209 3544 363 3601 miniumO
382 3546 483 3600 Meum
502 3544 546 3599 ed.
620 3546 654 3598 20
672 3560 753 3599 eures
769 3542 799 3596 V.
828 3543 831 3615 l
861 3549 954 3597 terrem
971 3544 1070 3598 boetem
1087 3543 1109 3597 V
1127 3545 1153 3598 b.
1174 3545 1231 3601 del.

209 3617 253 3672 ed.
272 3619 321 3672 hoc
339 3623 378 3671 cst
394 3618 502 3672 hunam
518 3633 577 3670 nos.
637 3620 671 3670 28
689 3616 809 3670 uomitus
827 3616 856 3668 et
874 3614 1020 3668 uerutuiV
1034 3614 1077 3668 ed.
1104 3615 1106 3685 l
1131 3623 1232 3684 poten-

207 3691 277 3744 tiam
296 3706 365 3760 quoe
378 3687 404 3740 V
418 3706 487 3743 corr.
501 3687 545 3741 ed.
601 3692 635 3741 80
653 3693 807 3742 contentum
826 3688 866 3756 (et
879 3686 964 3754 infra)
979 3685 1004 3738 V
1018 3692 1171 3741 centonum
1185 3689 1230 3743 ed.

199 3764 231 3817 et
248 3761 331 3836 Verg.
342 3759 410 3819 libri
424 3760 484 3817 sere
498 3775 603 3828 omnes,
613 3758 662 3813 sed
676 3765 831 3813 corbatum
845 3757 1078 3826 interpretatione
1092 3758 1230 3816 firmatur.
