2725 4150
558 313 742 371 AENEIDOS
760 315 786 369 x
1117 319 1180 385 361

160 485 259 545 tinere
276 502 338 544 non
356 484 491 560 possent,
508 483 661 560 promittit
678 486 710 544 et
722 484 898 561 proemium.
930 487 973 542 est
989 483 1093 544 sonmo
1111 485 1181 554 atto,

160 575 220 635 hoo
238 575 285 634 est
305 572 439 650 locuples
464 574 495 632 et
520 590 700 650 magnarum
723 573 905 633 divitiorum.
932 591 1044 651 magns
1067 591 1115 633 urs
1139 573 1182 632 di-

161 662 249 724 oendi
271 663 307 720 ut
328 661 528 739 promissurus
551 661 682 738 pretium
704 681 759 739 pro
785 662 1009 723 eoneervotione
1027 662 1184 741 sauguinis

162 754 213 814 sui
226 752 323 829 primo
341 748 373 809 in
387 751 453 811 loeo
471 750 641 811 ostenderet
653 769 717 812 esse
732 750 824 811 dendi
837 750 1051 828 substantium
1070 751 1185 812 frustra

129 859 143 899 s
162 841 244 902 enim
261 840 451 918 promittitur
467 839 521 900 ubi
538 860 599 901 non
617 839 753 919 suppetit
770 841 853 918 quod
871 840 995 918 inpendi
1012 840 1109 918 possit
1132 844 1185 902 out

163 931 279 991 debent.
315 928 348 989 in
371 948 406 989 eo
430 928 497 1006 ipso
520 927 665 1006 quonium
688 929 749 989 diei
767 928 869 1007 potuit
886 930 938 989 sed
955 948 1016 989 uon
1034 932 1122 990 tante
1140 930 1184 991 fs·

163 1021 314 1081 oultstum
338 1019 426 1096 copie
447 1020 492 1078 est
515 1037 592 1095 quse
614 1019 850 1096 redemptionem
868 1037 1002 1098 congruo
1025 1019 1185 1099 largitione

162 1107 261 1188 possit
286 1107 414 1183 inplere,
442 1105 559 1167 eddidit
584 1108 681 1168 iacent
703 1109 823 1182 penitus
850 1108 969 1181 defosso
990 1108 1100 1169 talento
1123 1127 1186 1170 eoe-

163 1199 219 1260 sort
241 1195 368 1273 erpetui:
390 1200 421 1257 et
438 1196 581 1257 obrutum
598 1196 689 1272 dixit,
707 1200 743 1257 ut
760 1214 902 1276 magnum
919 1199 1064 1258 materiae
1088 1201 1185 1259 osten·

115 1305 145 1345 ro
164 1289 249 1348 deret
271 1287 401 1364 sopiam,
430 1289 460 1346 et
485 1285 523 1346 ob
546 1289 611 1346 erte
634 1285 720 1346 duxit
737 1286 870 1363 leudem,
892 1291 929 1348 nt
953 1285 1186 1364 pulcherrimum

163 1377 391 1437 demonstaret.
429 1378 500 1434 sunt
516 1375 587 1434 auri
604 1376 741 1450 pondero
757 1377 831 1450 faeti
848 1376 1004 1450 infectique
1024 1376 1106 1447 mor,
1130 1378 1186 1437 hoo

164 1470 211 1527 est
228 1468 261 1525 in
279 1463 433 1541 speciebus
451 1467 483 1524 et
499 1463 615 1525 messis.
651 1465 688 1524 de
706 1464 795 1525 modo
810 1484 845 1525 oo
858 1464 988 1542 pondere
1007 1465 1082 1524 nihil
1100 1465 1185 1538 dixit,

163 1559 201 1616 ut
218 1554 400 1634 generalitas
418 1556 539 1614 tontum
562 1552 749 1613 oonieoturoe
768 1553 915 1614 tribueret
934 1557 1082 1632 quantum
1100 1554 1186 1615 forsi-

163 1649 218 1705 tan
241 1643 379 1720 deposito
396 1661 457 1703 uon
479 1642 633 1703 heberent
668 1660 729 1702 noo
751 1643 798 1702 tto
818 1644 942 1703 victorio
960 1645 1106 1703 Teucrion
1123 1660 1186 1703 oer-

117 1750 146 1791 ιι
164 1735 236 1794 titur
258 1737 312 1792 aot
337 1733 441 1792 anona
466 1749 531 1791 seno
557 1731 639 1792 dabit
665 1732 839 1792 diseretmm
866 1736 964 1793 tanta:
995 1731 1186 1793 rationabilis

164 1820 319 1902 persuasio
338 1824 369 1881 et
387 1821 532 1899 conplexa
545 1819 642 1881 omnis
657 1821 754 1899 portis
768 1839 846 1898 quse
856 1823 976 1900 optatos
990 1824 1114 1900 possent
1127 1821 1186 1881 eri-

163 1917 215 1973 tus
233 1929 408 1990 procurare:
426 1909 524 1988 prims
546 1910 745 1971 humanitatis
763 1911 836 1987 fuit,
858 1930 984 1988 sequens
1003 1930 1080 1989 quoe
1099 1930 1187 1989 spon·

165 2003 250 2062 deret
276 2020 312 2059 ex
339 1999 454 2061 divitiis
482 2000 682 2060 adfluentibus
711 2000 909 2062 commodum.
955 2000 1027 2080 quid
1051 2020 1137 2081 ergo,
1161 2002 1188 2062 si

165 2110 286 2170 poroere
305 2092 335 2148 et
353 2109 469 2151 sumere
482 2089 705 2151 inoommodum
718 2089 799 2149 fuit?
831 2090 962 2152 ooourrit
976 2092 1138 2171 depreoons
1157 2094 1188 2151 et

119 2200 147 2240 so
164 2180 210 2241 sit
239 2180 367 2241 victorio
392 2181 448 2239 tue
474 2198 534 2239 non
561 2178 652 2239 unius
679 2198 751 2239 neoe
783 2180 957 2241 conficietur
986 2200 1041 2241 neo
1066 2180 1099 2240 in
1127 2200 1186 2241 uno

165 2271 334 2331 consistunt
348 2288 425 2347 quoe
441 2268 589 2329 ediverso
605 2269 768 2328 metuende
782 2273 860 2329 sunt.
883 2270 1013 2329 dixerat:
1027 2270 1117 2330 finem
1134 2269 1187 2329 ilie
1198 2278 1250 2327 530

165 2361 228 2420 suis
251 2357 388 2437 precibus
410 2358 531 2418 feneret.
563 2355 681 2417 Aeneas
705 2362 806 2418 contro
829 2359 877 2417 out
895 2358 969 2418 totto
986 2359 1096 2418 reddit:
1118 2377 1187 2418 oum

165 2448 240 2509 dioit
263 2451 380 2523 oontrs,
410 2446 542 2507 ostendit
568 2465 628 2506 non
655 2466 719 2507 esse
741 2465 843 2524 preces
871 2447 1008 2525 rogantis
1032 2446 1187 2507 admissos.

166 2538 281 2613 arpenti
299 2541 385 2611 atores
402 2538 472 2596 owrt
488 2553 634 2595 memoras
652 2554 727 2610 quoe
744 2536 839 2596 reuda
856 2536 967 2596 taleme
982 2536 1082 2610 quotis
1095 2553 1188 2609 poree

121 2645 147 2685 ss
165 2629 239 2688 tetis:
258 2626 434 2686 udmimds
450 2625 604 2702 responsio
621 2644 676 2703 pro
695 2643 823 2702 persons
845 2626 910 2684 eius
929 2625 982 2701 qui
1000 2642 1035 2683 eo
1053 2628 1187 2701 tempore

165 2717 245 2776 nulli
263 2715 435 2775 decreverat
452 2732 516 2775 esse
534 2713 718 2792 percendum
736 2716 859 2791 propter
872 2712 1021 2773 Pallantis
1040 2714 1188 2773 ultionem

166 2808 197 2866 et
221 2804 410 2866 commodum
436 2804 580 2864 victoriae
603 2821 689 2879 suue3
719 2802 796 2861 illud
823 2802 903 2862 enim
930 2802 1010 2880 quod
1032 2803 1187 2879 promitte·

165 2895 257 2954 betur
275 2892 315 2953 ed
333 2893 456 2953 viotoris
470 2911 541 2970 opes
556 2912 625 2952 oum
641 2892 710 2969 ipse
727 2892 855 2952 victoris
867 2891 967 2951 fueret
980 2890 1186 2953 transiturum.

165 2983 292 3062 proinde
315 2982 358 3043 sio
381 2980 492 3059 eoepit:
515 2981 638 3042 divitias
660 2984 729 3042 tues
747 3000 836 3058 peroe
854 2980 956 3041 liberis
973 2981 1049 3058 tuis,
1066 2982 1123 3041 hoo
1142 2985 1188 3041 est

121 3091 148 3131 so
166 3093 261 3134 serva.
295 3071 365 3131 inde
388 3070 468 3132 enim
485 3072 570 3148 porei
588 3071 729 3131 dicuntur
752 3070 805 3149 qui
827 3090 887 3131 non
905 3071 1034 3130 multum
1052 3074 1187 3149 erogent,

166 3161 241 3239 quio
259 3162 340 3239 quod
361 3160 521 3221 habuerint
548 3164 683 3238 servent3
706 3180 777 3220 nem
800 3163 831 3220 et
853 3160 947 3220 selem
969 3179 1093 3237 pureum
1114 3160 1187 3220 Ver-

166 3252 261 3331 gilius
283 3249 364 3310 idem
386 3249 463 3309 dixit
481 3250 541 3310 olio
564 3251 630 3310 looo
652 3245 714 3332 (ge.
739 3251 768 3325 3,
780 3242 874 3331 403),
898 3247 972 3327 quis
993 3249 1108 3310 tradite
1131 3248 1188 3309 sibi

239 3422 503 3477 emerentianes
516 3419 575 3474 VR.
630 3424 745 3489 optem
758 3420 816 3475 diri
824 3420 960 3489 potuisset
973 3419 1016 3474 ed.
1072 3424 1189 3489 saperet

165 3492 366 3548 VRiooentr.
421 3497 455 3545 15
474 3490 589 3548 ausvis
606 3492 683 3546 haud
701 3491 744 3545 ed.
801 3497 834 3546 16
853 3497 960 3560 optatos
973 3490 1123 3545 VRodo.
1143 3489 1186 3543 ed.

167 3570 201 3619 17
216 3562 433 3634 prootwaroVIt
447 3579 599 3632 provocare
617 3562 661 3617 ed.
735 3568 768 3616 21
791 3562 943 3618 mutuenda
961 3562 994 3616 R.
1068 3566 1101 3615 tt
1125 3576 1193 3628 pro-

165 3636 290 3692 mittebat
307 3634 378 3690 edF.
451 3639 489 3689 28
503 3637 618 3691 victores
635 3632 766 3707 opesvn
784 3651 850 3708 opes
868 3634 989 3693 emed.
1044 3628 1218 3711 queunt&

161 3713 263 3774 queat
277 3706 302 3758 V
310 3706 410 3772 suerat
422 3723 477 3762 nos
495 3707 531 3765 of.
548 3713 622 3780 8,10
641 3717 706 3771 erat
721 3709 770 3769 ed.
827 3714 865 3767 ‘ts
886 3705 1049 3781 coepitis
1060 3703 1175 3768 empse
1186 3692 1241 3746 ὠ·
