2725 4150
208 333 254 399 34
494 331 636 386 aarum
652 331 945 387 nsuaaeasuaa.

207 499 285 559 haue
306 516 406 558 omues
429 502 593 573 animisque
614 501 776 560 calcatibus
797 502 899 560 urbem
921 501 1100 574 auferimur:
1121 501 1231 561 volun·

207 591 272 648 tate
299 590 400 664 potius
428 593 532 650 nostra
559 594 589 651 et
615 609 676 649 uno
704 589 837 650 omnium
866 592 991 650 oonsilio
1021 592 1230 667 communique

208 678 343 738 tractatu
366 679 405 737 ad
423 681 500 739 hano
518 679 623 738 urbem
641 697 744 738 sumus
763 679 888 740 advecti
924 681 1007 755 pulsi
1024 681 1135 755 saquis,
1154 698 1231 754 quae

207 769 339 827 macima
368 768 515 841 quouaau
543 773 668 827 enircmo
690 769 809 828 isumus
830 768 881 828 Sol
908 770 1069 843 aspiciebat
1095 769 1231 844 Olqiupa:

208 877 269 917 non
295 859 397 933 potuit
423 858 595 917 altitudinis
622 859 775 917 moenium
804 859 910 917 melius
937 860 1035 919 instar
1061 858 1230 935 ostendere;
1261 874 1273 916 e

208 947 254 1006 sol
281 947 362 1005 enim
392 965 461 1005 oum
492 947 626 1005 exoritur
652 949 683 1005 et
710 947 807 1006 adhue
834 949 866 1006 in
897 948 1016 1008 exordio
1049 948 1153 1008 mundi
1184 951 1231 1008 est

202 1036 391 1112 'perindeque
422 1035 455 1094 in
491 1035 612 1108 humili,
643 1035 721 1095 nihil
749 1031 833 1096 videt
861 1039 959 1114 primo
989 1037 1124 1115 nihilque
1161 1056 1229 1097 con·

206 1124 301 1200 tingit
322 1123 381 1183 nisi
409 1125 491 1201 quod
518 1123 699 1184 altissimum
727 1127 833 1185 ceteris
859 1115 960 1186 fuerit.
1005 1126 1081 1186 dixit
1107 1126 1230 1187 laudem

206 1213 358 1272 moenium
397 1213 531 1273 civitatis
568 1232 638 1273 suae
676 1234 755 1292 quae
790 1217 925 1290 fuerunt,
963 1234 1032 1274 cum
1064 1215 1230 1276 incolumia

206 1301 422 1378 perdurabant,
458 1302 543 1362 venit
578 1305 618 1363 ad
653 1305 809 1364 hominum
847 1303 1113 1381 praedicationem,
1151 1325 1230 1382 quae
1247 1322 1272 1362 ro

206 1390 486 1464 commendationis,
527 1411 588 1451 non
628 1394 791 1454 iactantiae
833 1412 923 1453 causa
958 1393 1138 1468 interposita
1175 1397 1230 1470 est,

206 1480 298 1539 simul
329 1483 364 1539 ut
396 1481 584 1541 adfinitatem
610 1482 712 1542 Latini
745 1502 813 1542 cum
844 1501 900 1542 sua
931 1501 1113 1558 suorumque
1145 1502 1230 1544 mon·

206 1572 317 1629 straret
339 1589 403 1630 esse
426 1571 617 1630 coniunctam
640 1572 822 1649 perindeque
842 1571 879 1629 ab
899 1590 933 1630 eo
953 1572 1066 1631 alienos
1085 1590 1145 1631 non
1165 1591 1230 1634 esse

205 1659 260 1736 qui
295 1663 446 1737 rogarent.
492 1661 573 1735 quod
609 1662 709 1737 ipsum
746 1679 806 1718 non
842 1661 957 1720 frustra
992 1662 1231 1738 prosequebatur

207 1749 289 1825 apud
311 1769 379 1807 eum
406 1748 461 1824 qui
488 1767 606 1808 omnem
633 1749 794 1810 vetustatis
825 1749 960 1808 ordinem
989 1754 1103 1826 nosset,
1132 1770 1230 1828 usque
1248 1768 1273 1810 re

206 1838 280 1896 adeo
303 1841 340 1897 ut
362 1838 468 1897 seriem
489 1858 591 1897 rerum
613 1837 756 1898 Latinum
779 1838 927 1898 dicentem
950 1843 1019 1899 ante
1043 1843 1231 1900 momentum

206 1925 347 1986 audisset.
393 1928 431 1986 ab
454 1927 525 1986 Ioue
545 1929 728 2002 principiam
747 1930 878 2002 qeueris:
904 1930 972 2006 plus
995 1929 1127 1990 Ilioneus
1151 1931 1231 1991 dixit

207 2033 299 2093 quam
321 2015 463 2094 Latinus3
492 2016 618 2077 Lamnus
642 2017 755 2095 quippe
779 2017 856 2077 dixit
876 2018 1053 2079 Dardanum
1078 2038 1113 2079 ex
1135 2019 1230 2081 Italia

206 2108 343 2184 genitum
366 2105 481 2167 dedisse
504 2107 651 2186 originem
673 2108 808 2183 Teucris,
831 2107 962 2168 Ilioneus
985 2129 1056 2169 vero
1080 2109 1124 2169 ait
1145 2109 1229 2170 Iovis

207 2196 304 2255 nostri
327 2198 432 2256 auctor
454 2200 501 2257 est
522 2199 655 2275 generis,
679 2197 760 2273 quod
782 2217 877 2275 usque
896 2199 970 2257 adeo
988 2199 1141 2258 laudabile
1159 2199 1229 2276 fuit,
1247 2217 1275 2257 ao

206 2287 242 2344 ut
275 2286 332 2346 hoe
362 2285 472 2345 iterum
509 2288 666 2363 repetisset
702 2287 802 2346 dicens
847 2288 919 2346 Ioue
954 2289 1106 2348 Dardana
1133 2290 1229 2362 pubes

143 2376 314 2450 anaqaudet
345 2392 413 2444 auo,
446 2394 512 2435 ecoe
544 2379 575 2435 et
603 2377 695 2435 tortio
726 2393 779 2435 reu
809 2378 873 2450 ipse
898 2378 981 2436 Iouis
1009 2377 1044 2436 de
1068 2382 1153 2451 qmic
1179 2396 1230 2438 su·

201 2482 316 2538 praua.
367 2465 585 2525 confirmandae
617 2464 755 2525 veritatis
789 2484 881 2525 causa
913 2465 1037 2525 eandem
1071 2486 1135 2526 rem
1167 2487 1230 2529 non

206 2554 310 2629 semel,
341 2554 394 2613 sed
423 2555 552 2614 secundo
582 2557 614 2613 et
639 2555 730 2613 tertio
759 2556 903 2631 repetivit
931 2556 1089 2615 nominans
1117 2556 1229 2634 lovem,

206 2662 266 2718 quo
294 2644 395 2702 nullus
424 2644 524 2720 potior
551 2647 641 2719 esset,
669 2644 760 2718 Iovis,
788 2646 901 2720 inquit,
928 2648 1020 2720 caput
1042 2648 1088 2705 est
1110 2648 1229 2723 generis
1247 2662 1273 2703 ss

205 2732 309 2791 nostri.
355 2751 420 2791 ecce
457 2751 516 2792 non
553 2733 704 2793 recusavit
739 2733 928 2808 Dardanum,
965 2733 1017 2793 sed
1053 2736 1229 2810 posterioris

204 2821 283 2879 huno
307 2822 452 2896 temporis
484 2822 562 2881 dixit
592 2825 623 2880 et
654 2842 715 2881 non
745 2842 763 2881 a
791 2823 933 2883 Dardano
966 2824 1096 2899 coepisse
1124 2825 1229 2885 Troia·

203 2927 313 2968 norum
334 2928 442 2987 genus,
470 2911 522 2970 sed
546 2930 564 2969 a
586 2912 671 2987 love,
701 2912 753 2989 qui
776 2916 853 2972 esset
876 2912 933 2972 diis
957 2913 1095 2973 omnibus
1119 2916 1228 2989 potior.

204 2998 333 3075 denique
353 2999 471 3059 addidit
492 2999 564 3060 Iove
587 3020 644 3061 avo
667 3002 780 3079 gaudet
798 3004 958 3078 posteritas
975 3002 1120 3078 Dardani,
1139 3024 1229 3081 quem

204 3088 330 3148 Latinus
354 3088 472 3148 dixerat
493 3109 529 3148 ex
551 3088 644 3148 Italia
670 3092 839 3168 profectum
858 3094 896 3152 ad
920 3092 1051 3152 Troiam.
1089 3095 1131 3168 et,
1155 3096 1229 3170 quia
1248 3110 1273 3150 so

205 3179 239 3237 in
271 3178 353 3237 omni
384 3198 491 3258 genere
523 3179 721 3238 Troianorum
752 3182 854 3240 nullus
884 3182 984 3258 potior
1020 3182 1093 3256 fuit,
1131 3184 1229 3243 solum

200 3267 377 3352 ‘frequenter
408 3268 561 3343 nominat,
592 3268 628 3327 de
660 3269 767 3329 ceteris
799 3274 880 3330 tacet
911 3289 964 3329 nea
995 3270 1164 3332 inmoratur
1196 3275 1228 3332 in

278 3444 364 3507 'ique
387 3455 439 3492 om.
460 3438 503 3493 ed.
578 3440 707 3494 Seetcris
730 3456 783 3493 om.
803 3439 860 3494 ed:
880 3440 915 3493 of.
935 3445 1036 3507 3,249.
1111 3447 1145 3495 12
1167 3459 1230 3499 mem

199 3525 317 3564 suarum
342 3510 454 3578 quaeV
480 3527 542 3565 cum
565 3528 619 3566 aaa
643 3526 807 3580 meorumque
835 3511 878 3566 ed.
960 3518 992 3566 16
1019 3513 1156 3569 doceutem
1184 3515 1229 3569 ed.

191 3583 232 3627 19
249 3582 324 3633 iacis
341 3584 384 3649 (et
400 3581 489 3652 infra)
508 3581 534 3637 V
552 3583 680 3653 Iuppiter
699 3582 742 3636 ed.
801 3587 834 3636 20
853 3598 990 3652 quousque
1009 3583 1035 3637 V
1053 3586 1126 3652 quod
1144 3604 1231 3656 usque

175 3660 235 3697 noa
254 3665 348 3717 usque
365 3670 422 3709 om.
439 3655 483 3711 ed.
552 3662 586 3712 21
607 3652 750 3713 itemmV
770 3655 882 3709 iuterim
899 3653 944 3707 ed.
1004 3659 1229 3713 associated.

163 3715 205 3763 28
218 3721 602 3799 nctiarVedpciicrnos.
641 3736 677 3787 81
689 3726 848 3787 aolumlls.
859 3742 920 3781 eum
934 3725 979 3779 ed.
1014 3726 1142 3778 simiel
1159 3729 1244 3781 aad.
