2725 4150
527 342 756 399 innumosx
1085 346 1151 412 305

131 516 220 572 mur?
262 531 329 582 uos,
358 533 399 572 eu
425 515 547 572 miseros
569 514 619 588 qui
645 514 741 572 Troos
763 510 885 571 Aebiuis
907 513 1029 571 obiecit?
1075 531 1151 589 quae

133 603 224 662 fortia
246 604 369 662 fuerunt
391 603 523 663 servavit
545 603 585 663 ad
606 603 696 661 finem
719 604 750 660 et
770 601 803 660 in
827 600 934 676 quibus
957 600 1058 660 Venus
1085 602 1153 678 ipsa

132 695 235 768 potuit
257 692 427 768 specialiter
449 693 618 752 deformari.
651 692 799 768 quereris,
822 692 878 765 ait,
901 693 932 749 et
954 690 1153 750 Troianorum

132 783 213 842 mala
227 783 358 860 graviter
371 781 541 859 ingemiscis
555 784 645 858 atque
657 781 690 839 in
708 799 756 839 me
769 780 988 858 congerendam
1000 780 1152 840 existimas

102 872 214 948 squod
249 874 371 931 tuorum
405 872 450 930 est
486 871 652 930 criminum.
712 887 805 946 egone
841 868 958 945 perdidi
993 859 1152 945 imperium

134 959 261 1019 Troiae?
293 979 362 1039 ego,
381 979 421 1019 an
438 960 490 1019 ille
509 960 561 1038 qui
580 957 701 1018 Graecis
715 958 839 1018 miseros
859 959 1005 1018 Troianos
1024 957 1152 1018 obiecit?

134 1052 221 1127 quasi
249 1050 351 1108 dolens
378 1050 501 1108 miseros
528 1050 618 1109 vocat
645 1047 752 1125 quibus
781 1049 867 1107 atrox
894 1049 993 1108 fluerat
1021 1047 1152 1123 inimica,

134 1142 170 1198 ut
199 1157 356 1216 personam
379 1139 505 1198 Veneris
535 1137 713 1216 gravissimo
743 1135 875 1196 invidiae
906 1135 1036 1214 pondero
1068 1156 1152 1214 prae

134 1230 283 1305 gravaret.
339 1227 475 1302 Troiani,
510 1226 625 1304 inquit,
661 1244 720 1285 non
757 1225 958 1303 perdidissent
993 1226 1153 1302 imperium

88 1336 116 1374 ro
134 1317 299 1395 Phrygiae,
332 1317 358 1377 si
386 1317 532 1377 luxuriosi
562 1334 623 1375 non
654 1319 766 1390 essent,
798 1316 825 1374 si
856 1332 916 1373 non
947 1317 978 1374 te
1015 1316 1089 1375 duce
1120 1317 1153 1374 in

135 1407 266 1465 alienum
284 1406 508 1465 matrimonium
526 1405 721 1479 invasissent,
740 1405 765 1464 si
784 1422 844 1463 non
863 1405 902 1464 ad
918 1404 1041 1464 illorum
1060 1405 1153 1464 disso-

134 1498 214 1554 lutos
237 1513 334 1554 mores
356 1497 403 1553 tui
426 1495 544 1554 sceleris
566 1494 713 1554 iunxisses
732 1495 936 1573 augmentum.
968 1511 1043 1566 quur
1061 1505 1207 1556 musaeo

134 1586 193 1656 fuit
215 1601 387 1658 musurqere
409 1585 441 1642 iu
464 1602 551 1643 urum
573 1584 784 1658 Europamque
801 1580 964 1655 Asiamque
987 1586 1014 1641 et
1034 1584 1155 1656 sordem

135 1674 244 1731 soluere
272 1674 372 1745 furto?
423 1690 469 1731 me
498 1673 570 1731 rium
598 1673 779 1732 Durduuius
808 1670 948 1746 Spurium
977 1673 1155 1746 eupuqnuoit

91 1778 116 1819 ro
136 1762 270 1820 adulter?
315 1767 368 1821 uui
390 1779 439 1836 eqo
461 1763 519 1821 telo
541 1762 628 1820 dedi?
658 1763 755 1835 feoiee
779 1760 924 1835 Cupidine
947 1761 1041 1820 bello?
1073 1760 1154 1820 deni·

137 1871 209 1926 que,
238 1851 295 1925 ait,
325 1851 521 1911 discutiamus
551 1868 674 1910 causam
703 1853 775 1910 tunc
804 1849 877 1909 belli
904 1849 1045 1909 commoti
1067 1854 1098 1910 et
1119 1854 1155 1910 tu

135 1939 296 1998 invenieris
319 1941 350 1998 in
374 1941 505 1999 crimine.
537 1942 574 1998 tu
596 1943 676 1999 enim
699 1939 780 1999 viam
803 1941 834 1998 et
851 1939 986 1998 fomitem
1005 1939 1155 2001 adulterio

136 2029 317 2089 conficiendo
340 2029 519 2107 praebuisti3
546 2047 617 2089 nam
648 2047 725 2107 quae
752 2028 813 2089 fuit
840 2047 930 2089 causa
953 2029 1012 2089 alia
1035 2049 1071 2089 ex
1094 2050 1156 2108 qua

136 2120 175 2179 ad
211 2121 459 2197 expugnationem
494 2121 542 2179 tot
576 2119 698 2179 urbium
731 2117 903 2179 veniretur?
956 2122 991 2178 tu
1023 2120 1157 2179 virorum

91 2226 118 2265 ro
135 2227 243 2267 manus
274 2210 410 2283 armasti,
440 2228 499 2285 quo
529 2211 561 2267 in
590 2209 671 2268 facto
702 2207 819 2286 Cupido
848 2211 919 2268 tuus
949 2227 1009 2268 uon
1040 2228 1155 2270 amores

136 2298 255 2372 solitos,
279 2299 331 2357 sed
352 2297 500 2356 bellorum
522 2299 602 2358 faces
626 2299 770 2358 accendit.
821 2316 942 2357 oausam
970 2298 1044 2356 mali
1071 2300 1156 2357 aurei

136 2390 167 2446 et
196 2387 340 2445 iniuriam
362 2386 480 2446 Paridis
512 2389 544 2446 in
576 2387 712 2447 sensibus
745 2387 823 2465 gerit
852 2389 883 2446 et
911 2386 999 2446 huius
1030 2405 1155 2446 commc-

135 2476 335 2535 morationem
362 2476 513 2535 subtiliter
542 2476 629 2551 facit,
658 2479 694 2535 ut
717 2475 855 2536 ostendat
878 2475 1024 2534 excidium
1048 2475 1155 2535 Troiae

136 2566 221 2623 nullo
249 2565 303 2624 deo
333 2585 348 2624 e
372 2566 487 2625 diverso
510 2565 661 2639 veniente,
689 2565 741 2624 sed
769 2565 832 2624 solo
856 2565 934 2623 facto
957 2564 1082 2623 Veneris
1107 2585 1156 2623 ex-

91 2668 117 2710 ro
136 2655 244 2714 titisse.
276 2655 396 2713 foedera
415 2654 529 2714 solvere
547 2655 630 2713 surm
649 2657 696 2713 est
713 2652 899 2713 matrimonii
916 2653 997 2729 iura,
1015 2653 1156 2713 honestos

136 2762 230 2802 nexus
255 2746 285 2802 et
306 2744 428 2802 vincula
450 2745 534 2819 turpi
557 2743 753 2803 conventione
771 2741 942 2802 dissolvere.
974 2747 1044 2802 tuuc
1062 2743 1158 2802 decuit

211 2954 225 3000 1
245 2952 293 3017 qui
314 2950 400 3004 Troos
418 2965 471 3002 om.
490 2948 549 3002 VR.
576 2949 579 3019 l
606 2950 711 3004 achivis
728 2948 754 3001 V
772 2965 805 3003 ue
823 2965 887 3001 cum
905 2947 997 3015 spatio
1015 2965 1104 3003 vacuo
1122 2949 1155 3003 a.

138 3027 153 3073 3
173 3023 312 3088 quaereris
334 3020 386 3073 VR
404 3020 447 3073 ed.
474 3036 542 3073 corr.
563 3020 606 3073 ed.
625 3023 698 3089 post.
771 3026 788 3073 4
807 3020 1046 3089 coriqereudumR
1068 3037 1156 3091 coqer-

137 3092 163 3143 V
186 3108 280 3161 oqqer·
306 3091 348 3145 ed.
380 3093 383 3162 l
413 3093 574 3147 mutimuus
595 3091 629 3146 V.
703 3092 851 3161 bperdedi
873 3089 932 3144 VR.
1006 3097 1022 3145 6
1047 3108 1094 3162 eqo
1119 3110 1158 3147 au

138 3164 182 3216 illi
200 3165 248 3230 qui
261 3162 314 3215 VR
331 3179 413 3233 eqoue
430 3164 481 3216 illu
499 3179 568 3231 quoe
586 3163 629 3217 ed.
693 3163 912 3231 sperdedisseut
925 3161 958 3216 V.
1024 3167 1058 3216 10
1077 3165 1157 3217 luxu·

137 3234 255 3288 rioseR.
278 3237 280 3304 l
302 3233 582 3299 esseutVRfuisseut
600 3235 643 3288 ed.
665 3234 669 3306 1
690 3238 788 3289 iuom.
803 3234 846 3288 ed.
903 3239 935 3287 11
955 3234 993 3288 ud
1007 3234 1129 3288 omVlt.
1152 3234 1155 3305 l

138 3307 280 3359 dissolutis
297 3307 419 3360 moribus
437 3304 480 3357 ed.
562 3311 594 3358 12
614 3308 670 3360 tuis
689 3307 800 3360 cuelcris
818 3305 869 3359 VR
888 3322 957 3359 corr.
977 3305 1019 3359 ed.
1076 3311 1109 3359 13
1128 3321 1158 3359 eo

137 3394 285 3446 rupemque
304 3376 336 3429 V.
393 3382 427 3429 14
440 3383 553 3444 partum
568 3377 593 3429 R
607 3384 716 3447 purtem
730 3376 756 3430 V
774 3394 825 3444 pro
844 3377 980 3446 &emuna
1037 3382 1070 3430 16
1089 3393 1158 3430 coru·

138 3451 205 3502 neoti
232 3455 258 3502 et
284 3455 314 3503 tu
333 3448 384 3500 VR
410 3450 476 3501 moti
503 3455 534 3501 tu
562 3447 633 3502 eds.
717 3454 750 3502 1⁷
777 3449 898 3515 fomitem
916 3446 968 3501 VR
989 3448 1091 3514 foralem
1114 3447 1157 3501 ed.

140 3526 173 3573 18
197 3538 263 3573 uum
285 3536 355 3589 quoe
372 3518 398 3571 R
420 3536 538 3587 mumque
551 3519 584 3573 V.
617 3521 620 3591 ι
650 3536 684 3574 ee
701 3536 754 3588 quo
775 3521 818 3575 ed.
909 3524 942 3571 19
966 3526 1107 3573 erueretur
1124 3517 1158 3573 V.

140 3598 172 3644 21
199 3593 296 3645 solitus
310 3590 343 3643 V.
374 3590 377 3660 l
408 3592 531 3644 ascendit
552 3591 584 3645 a.
672 3596 706 3645 23
732 3593 890 3662 subpliciter
903 3589 929 3642 V
954 3592 1051 3659 suppl·
1070 3590 1098 3642 R
1114 3590 1163 3642 ed.

139 3664 236 3730 simpl·
263 3661 306 3715 ed.
328 3663 400 3729 post.
426 3662 563 3717 subtiliter
586 3679 646 3718 nos.
720 3669 757 3719 ‘24
783 3670 809 3721 ct
834 3663 943 3719 diumso
958 3661 1003 3715 V.
1074 3665 1116 3711 ‘lb
1142 3663 1186 3710 sst

136 3737 215 3799 furto
234 3733 282 3784 VR
300 3733 342 3785 ed.
365 3748 432 3785 corr.
449 3733 493 3787 ed.
506 3737 584 3804 post.
617 3737 620 3812 l
650 3736 865 3796 bomestusVTu.

176 3838 237 3875 Dora
246 3836 343 3885 interpr.
355 3838 422 3889 Vera¹
439 3842 484 3882 vol
495 3844 531 3886 Π
1010 3843 1052 3891 ‘lb
