2725 4150
558 331 808 388 arumnosvn
1147 335 1192 401 43

169 501 299 581 largitor
329 501 398 578 plns
431 500 535 561 debuit
567 502 671 561 offerre
699 520 792 578 quam
818 502 919 562 fuerat
945 502 1133 579 postulatum
1162 505 1194 562 et

170 597 278 667 sponte
307 591 441 669 ingerere
474 591 555 667 quod
585 591 711 650 Troiani
738 611 793 668 per
822 591 1031 652 verecundiam
1060 594 1192 668 praeter·

169 682 324 739 miserant.
378 680 423 738 ait
453 698 524 758 ergo
556 698 617 738 reon
647 682 730 740 vobis
758 698 824 755 repe
851 682 962 741 Latino
991 682 1092 740 divitis
1120 683 1193 740 eber

170 771 237 844 apri
257 770 398 828 Troiaeve
415 770 565 842 opulemio
583 770 688 829 deerd:
709 789 770 845 me,
789 771 902 847 inquit,
920 770 1030 830 Latino
1047 773 1193 848 regnante

139 859 247 918 snibil
277 858 362 919 vobis
393 856 501 933 deerit,
527 858 561 916 in
587 860 709 918 tantum
736 860 771 918 ut
794 860 980 920 arbitremini
1002 879 1038 920 ex
1060 859 1193 918 Troiana

171 949 327 1025 opulentia
351 948 428 1006 nibil
450 966 504 1007 vos
529 948 652 1007 fortuna
675 950 826 1008 saeviente
848 949 1024 1026 perdidisse.
1068 948 1193 1024 pulchre

171 1037 283 1097 adiecit
311 1055 358 1096 me
386 1039 545 1115 regnante,
575 1039 722 1113 quoniam
749 1038 913 1117 longaevus
941 1039 1000 1098 fuit
1027 1046 1058 1098 et
1080 1056 1194 1097 memor

171 1146 235 1186 esse
264 1126 369 1185 debuit
394 1126 543 1185 humanae
571 1126 767 1200 condicionis,
791 1130 840 1187 oui
863 1146 964 1189 omnes
987 1131 1101 1188 aetates
1126 1127 1193 1186 sub·

170 1218 267 1276 ieotae
285 1216 358 1276 sunt
376 1217 407 1274 et
423 1215 552 1274 maxime
571 1234 675 1274 eorum
690 1218 744 1292 qui
757 1217 818 1276 iam
832 1262 1018 1279 .........
1032 1219 1096 1291 ipse
1108 1216 1193 1276 modo

126 1321 153 1361 ro
171 1305 303 1374 Aeneas,
331 1306 424 1363 roostri
451 1306 478 1362 si
505 1309 590 1364 loreto
612 1306 731 1378 cepido,
755 1307 783 1364 si
804 1307 889 1380 torret
910 1307 1033 1380 bospitio
1052 1310 1195 1381 properat

171 1396 303 1454 sociusve
324 1395 437 1462 rocam,
457 1394 597 1453 odoeniot
617 1392 734 1470 [celtes
756 1412 827 1453 reeoe
849 1396 1031 1456 exhorrescet
1053 1394 1255 1470 amieosJ:265

171 1485 236 1560 ipse
266 1502 385 1560 quoque
414 1483 518 1542 veniat
545 1503 598 1542 rex
624 1488 736 1559 vester,
762 1484 789 1543 si
819 1484 984 1544 amicitiam
1006 1488 1139 1544 nostram
1164 1486 1195 1544 et

171 1573 347 1634 societatem
378 1571 529 1633 desiderat
560 1573 690 1632 libenter
721 1573 873 1650 amplecti,
906 1574 963 1632 etsi
993 1574 1074 1632 inter
1104 1573 1194 1631 initia

171 1662 274 1723 venire
297 1661 457 1736 dubitarit3
480 1662 556 1720 nihil
579 1662 615 1721 de
636 1664 771 1722 novitate
789 1681 982 1738 praesumens
1000 1662 1104 1722 vultus
1123 1679 1193 1722 suos

127 1767 152 1808 rs
171 1771 231 1811 non
263 1751 389 1829 deneget
417 1750 518 1827 nobis,
546 1751 689 1827 quoniam
716 1771 751 1810 ex
774 1752 925 1828 praesenti
947 1754 1081 1829 tempore
1105 1752 1195 1810 amici

172 1859 234 1901 esse
258 1842 322 1900 iam
344 1839 504 1916 coepimus.
545 1859 622 1914 pers
644 1841 717 1899 mibi
733 1843 822 1914 pacis
845 1843 900 1901 erit
919 1842 1053 1901 dextram
1070 1841 1195 1915 tetipime

172 1931 308 2005 tererent:
344 1928 438 1988 donec
469 1930 566 1987 maior
597 1930 725 1990 foederis
758 1931 879 1991 aeoedat
909 1932 1085 2005 auotoritas,
1116 1950 1194 2007 quae

172 2038 278 2097 paoem
314 2018 519 2096 plenissimam
552 2018 663 2094 firmet,
696 2039 757 2079 non
788 2022 996 2098 perhorrescat
1027 2020 1116 2081 amici
1147 2021 1196 2081 sui

173 2112 379 2187 cormeum,
411 2109 585 2186 auspicetur
616 2109 807 2169 dextmarum
839 2112 1046 2171 coniunctione
1075 2129 1195 2170 eoncor-

126 2216 154 2255 ao
172 2200 268 2273 diam,
299 2200 372 2274 quia
400 2217 470 2275 pars
500 2198 583 2274 pacis
613 2201 659 2258 est
689 2199 816 2259 dexteris
839 2201 961 2260 interim
982 2201 1104 2260 foedera
1127 2218 1195 2259 eon-

172 2289 298 2349 venisse.
356 2291 554 2365 tyrannorum
589 2307 698 2347 nomen
734 2290 950 2364 posterioribus
988 2288 1115 2350 saeculis
1151 2290 1196 2347 in·

172 2379 322 2437 famatum
351 2380 410 2452 est,
439 2396 510 2435 nam
538 2396 624 2455 reges
654 2379 747 2437 etiam
773 2380 830 2437 hoc
857 2381 977 2438 nomine
1005 2376 1195 2454 dicebantur;

171 2484 243 2526 nam
274 2467 305 2525 et
334 2466 370 2525 de
397 2466 595 2544 Pygmalione
623 2467 666 2526 sie
694 2467 772 2527 dixit
798 2461 844 2549 (1,
860 2460 939 2548 361)
979 2465 1110 2543 „quibus
1141 2469 1196 2525 aut

173 2557 276 2616 odium
308 2553 427 2614 crudele
458 2556 583 2631 tyranni
614 2559 669 2616 aut
700 2560 797 2615 metus
828 2575 897 2616 aeer
925 2554 1017 2615 erat.“
1068 2572 1134 2613 eece
1165 2556 1196 2613 et

127 2660 153 2701 rs
171 2646 261 2704 illum
282 2647 447 2721 tyrannum
470 2645 559 2717 dixit,
583 2664 672 2720 quem
695 2646 853 2705 constabat
874 2665 976 2723 regem
998 2645 1090 2704 fuisse
1115 2644 1195 2720 apud

172 2737 295 2812 Tyrum.
345 2752 396 2793 oos
426 2738 527 2794 contro
553 2736 616 2809 root
644 2751 710 2793 meo
736 2753 816 2793 neoc
841 2736 986 2795 mandato
1007 2735 1125 2807 referte:
1161 2735 1196 2793 ut

172 2825 289 2884 dictum
319 2841 410 2899 supra
440 2827 498 2898 est,
531 2827 561 2882 et
590 2829 754 2900 tyrannum
784 2824 860 2883 dixit
887 2824 1010 2885 Aenean
1038 2826 1070 2883 et
1093 2844 1196 2902 regem

171 2933 255 2973 more
285 2913 400 2972 seilicet
429 2916 563 2972 veterum
593 2914 646 2989 qui
674 2932 759 2991 reges
789 2913 881 2973 etiam
909 2917 1055 2991 tyrannos
1082 2915 1195 2974 vocita-

172 3004 255 3063 bant.
303 3002 403 3061 omnia
432 3002 762 3078 autumarespondendi
791 3004 891 3062 studio
922 3023 991 3063 eum
1019 3004 1197 3080 protulisset

246 3161 261 3209 1
272 3153 479 3223 ponalotumV
493 3161 555 3209 ·tes
568 3154 612 3209 ed.
655 3160 673 3208 4
688 3154 807 3210 deeritV
821 3157 893 3211 derit
905 3156 1021 3224 plurimi
1034 3155 1118 3223 Verg.
1129 3154 1195 3208 libri

173 3235 189 3281 5
208 3233 241 3281 et
259 3226 285 3280 V
303 3233 335 3281 ret
353 3232 403 3281 aot
420 3226 464 3280 ed.
538 3231 553 3279 9
573 3228 706 3280 et-e'om
726 3243 779 3280 om.
800 3227 844 3282 ed.
862 3230 1004 3295 postiam
1022 3226 1130 3294 aliquid
1149 3242 1195 3280 ex-

173 3298 278 3353 cidisse
303 3299 396 3365 petet,
421 3297 475 3351 etsi
497 3297 576 3350 nulla
598 3296 700 3351 lacuna
723 3300 766 3352 est
788 3298 819 3351 in
837 3297 871 3365 V,
893 3316 969 3353 serres
987 3304 1052 3352 aeret
1070 3298 1197 3365 suspicor

174 3371 209 3423 cf.
229 3369 332 3438 epilog.
347 3369 386 3421 in.
436 3373 469 3423 10
488 3367 627 3437 eupidoV
645 3371 679 3421 ut
697 3368 783 3423 schol.
797 3369 899 3424 Veron.
920 3369 957 3422 ad
977 3374 1001 3434 9,
1016 3373 1077 3435 360,
1096 3369 1196 3437 cepido

174 3448 214 3496 ert
231 3441 275 3495 ed.
295 3443 325 3494 et
337 3440 422 3510 Verg.
438 3439 505 3493 libri
522 3455 626 3493 omnes.
648 3441 652 3511 l
673 3442 795 3509 cespite
808 3440 841 3495 V.
907 3447 938 3494 11
954 3441 1197 3494 uoltus-amicos

175 3513 255 3567 deest
272 3512 304 3567 in
321 3512 356 3579 V,
375 3513 425 3566 sed
449 3512 615 3579 explicatur.
676 3517 711 3565 14
729 3510 896 3567 debitereV
914 3518 972 3565 ·ret
985 3509 1028 3563 ed.
1046 3513 1101 3565 -re't
1113 3528 1172 3564 nos.
1190 3510 1195 3582 Ι

174 3587 266 3639 veltres
292 3600 357 3639 suos
381 3583 406 3637 V
433 3584 541 3638 bultem
567 3600 648 3637 soem
675 3584 720 3638 ed.
796 3588 828 3639 19
858 3582 1054 3640 eootaudioue
1081 3600 1141 3637 nm.
1162 3582 1212 3635 ed.

175 3662 209 3707 20
220 3657 345 3707 denotas
356 3656 466 3708 aermon
480 3654 647 3712 Vdecreras
666 3658 742 3716 ieter
761 3658 809 3716 ed.
828 3660 955 3717 desinis
971 3657 1093 3713 iuterim
1112 3668 1172 3708 nus
1187 3668 1231 3703 uu

161 3725 287 3812 decreras
300 3724 410 3777 cererem
427 3727 479 3779 r're?
535 3733 572 3783 28
593 3734 738 3792 ooeobaret
757 3736 807 3793 ed.
