2725 4150
555 328 738 385 erumnas
752 329 805 383 vn
1147 332 1191 399 35

168 497 289 557 nomine
312 497 463 573 Dardani,
490 517 579 575 quem
601 497 729 558 Latinus
757 501 893 559 veterum
919 499 1030 559 fabulis
1058 498 1190 577 recogni-

168 589 234 647 tum
255 587 396 647 babuisse
418 590 545 648 testatis
568 591 627 664 est,
650 587 702 647 sed
725 589 853 648 strictim
875 587 993 648 transit.
1035 607 1102 647 cum
1119 606 1191 648 vero

167 677 300 737 venisset
327 677 367 736 ad
393 696 502 737 nomen
528 677 607 756 regis
635 676 696 752 sui,
725 696 814 753 quem
841 678 947 754 procul
972 676 1063 737 dubio
1086 677 1191 737 ceteris

167 765 322 826 meliorem
344 765 449 826 debuit
470 766 688 841 demonstrare,
712 769 759 827 ait
780 786 831 825 rex
854 768 918 844 ipse
940 767 1021 827 Iovis
1044 767 1080 825 de
1103 769 1192 845 gente

138 874 323 933 ssuprema:
367 875 539 934 supremam
570 857 613 916 sio
643 856 733 931 dixit,
768 857 918 932 quomodo
951 857 997 915 ait
1028 847 1101 937 (49)
1134 858 1191 930 „tu

168 946 326 1024 sanguinis
368 947 494 1005 ultimus
537 943 673 1021 auctor“,
710 947 745 1005 ut
780 947 1002 1006 enumeratione
1043 944 1192 1004 maiorum

165 1035 232 1111 ipse
262 1033 401 1095 videatur
431 1035 465 1094 in
494 1035 561 1093 fine.
607 1035 819 1112 proximiorem
844 1037 946 1094 tamen
969 1034 1046 1094 dixit
1067 1034 1190 1094 Aenean

166 1123 235 1184 Iovi
258 1142 349 1199 quam
378 1128 505 1199 ceteros,
533 1124 676 1199 quoniam
703 1143 796 1200 nepos
823 1124 891 1184 fuit.
939 1125 1046 1183 Troius
1072 1123 1191 1183 Aeaeus

167 1218 221 1273 tua
242 1229 298 1273 uos
320 1213 361 1272 ud
383 1214 489 1273 limina
510 1215 607 1272 misit:
638 1213 742 1272 debuit
763 1216 820 1273 hoc
842 1213 908 1273 loco
932 1213 1074 1292 subiungi
1101 1231 1191 1273 causa

123 1324 149 1365 ro
167 1305 292 1381 propter
315 1320 407 1380 quam
424 1302 510 1362 missi
532 1302 726 1376 videbantur,
749 1304 801 1362 sed
823 1321 944 1362 causam
964 1322 1072 1362 causae
1093 1303 1190 1379 primo

167 1391 307 1467 subiecit,
336 1394 373 1451 ut
398 1394 560 1468 procurata
586 1391 778 1452 miseratione
806 1392 925 1451 facilius
954 1391 1036 1468 quod
1065 1392 1192 1468 optabat

167 1483 295 1541 eliceret.
340 1481 450 1541 idcirco
482 1480 580 1540 dilata
611 1482 757 1559 petitione
790 1480 951 1540 subnexuit
1000 1485 1112 1553 quauta
1135 1498 1191 1554 per

166 1571 277 1630 Idaeos
295 1571 392 1630 saeris
410 1573 506 1643 effusa
523 1571 660 1645 Mpceuis
678 1574 832 1644 tempestus
850 1571 917 1628 ierit
934 1586 1065 1642 compos,
1085 1571 1190 1641 quibus

167 1664 251 1719 octus
273 1663 392 1733 uterque
413 1660 555 1733 Europae
579 1664 664 1733 atque
686 1658 781 1719 Asiae
806 1660 880 1732 tutis
907 1659 1085 1718 mueurrerit
1111 1659 1190 1717 orbis

123 1768 148 1809 ιε
167 1749 265 1809 audiit
286 1747 314 1807 ct
333 1749 446 1821 siquem
472 1749 557 1808 tellau
584 1753 713 1808 extremo
739 1750 839 1822 refuso
866 1749 1014 1807 submovet
1035 1764 1141 1806 oceano
1165 1751 1252 1810 etate

166 1840 279 1912 siquem
290 1842 403 1897 euentu
426 1838 589 1911 pluporum
619 1839 815 1910 quattuorue
841 1838 935 1896 medio
963 1837 1075 1896 dirimit
1097 1838 1191 1911 plupu

166 1927 244 1987 Solis
270 1928 381 2000 iniqui:
409 1945 486 2003 quae
511 1927 667 1987 calamitas
696 1928 846 2004 oppressit
873 1927 996 1986 Troiam
1023 1946 1058 1985 ex
1087 1926 1190 1985 ordine

167 2017 268 2076 fuerat
289 2017 491 2093 referendum,
512 2019 549 2076 ut
570 2019 673 2094 posset
696 2036 732 2075 ex
755 2016 837 2076 duris
860 2017 1053 2093 adversisque
1076 2017 1191 2077 moveri

167 2106 331 2182 miseratio,
349 2106 401 2166 sed
418 2106 615 2167 removendae
633 2108 756 2166 fuerant
774 2125 884 2182 morae,
902 2109 937 2165 ut
954 2109 1071 2166 mature
1089 2109 1192 2182 posset

122 2214 149 2255 ro
167 2196 290 2255 effectus
303 2196 463 2274 legationis
477 2195 596 2273 inpleri.
618 2199 778 2271 utramque
791 2196 886 2274 igitur
903 2198 1052 2273 temperat
1064 2198 1190 2272 partem,

167 2287 202 2344 ut
228 2287 338 2362 tangat
364 2286 438 2344 baec
465 2304 520 2345 nec
546 2287 649 2345 tamen
675 2285 709 2343 in
736 2287 811 2362 ipsis
839 2285 954 2345 diutius
982 2288 1190 2359 commoretur,

166 2391 240 2435 usus
264 2375 430 2451 conpendio
452 2374 607 2434 relationis
631 2377 661 2435 et
684 2393 719 2433 eo
743 2394 803 2452 quo
825 2376 971 2433 maiorem
988 2373 1189 2432 miserationis

165 2465 300 2523 moveret
322 2463 486 2538 adfectum3
510 2464 654 2540 quicquid
676 2465 757 2522 enim
779 2483 840 2523 non
862 2465 944 2523 tacet
960 2463 1042 2521 fama
1061 2464 1092 2520 et
1110 2462 1191 2537 quod

166 2553 206 2612 ad
220 2552 297 2613 caeli
313 2572 409 2630 usque
427 2555 523 2629 partis
542 2556 573 2612 et
593 2555 676 2613 ultra
699 2572 843 2613 oceanum
859 2552 973 2629 perfert
990 2552 1110 2611 constat
1127 2568 1190 2610 esse

122 2660 148 2701 at
165 2642 374 2718 durissimum3
402 2642 481 2702 bona
509 2643 622 2719 quippe
649 2643 698 2703 vel
728 2643 855 2702 adversa
881 2660 937 2717 pro
965 2640 1113 2717 qualitate
1142 2642 1190 2699 sui

165 2731 279 2791 habent
310 2732 423 2791 famam
455 2734 485 2791 et
515 2734 615 2810 magis
646 2732 728 2790 mala
761 2750 852 2808 quam
883 2730 971 2789 bona.
1017 2730 1062 2789 ait
1093 2730 1190 2807 igitur

165 2820 300 2879 Ilioneus
330 2820 404 2896 quid
432 2824 567 2897 repetam
594 2823 765 2881 nostrorum
787 2820 936 2880 malorum
963 2822 1094 2895 textum,
1122 2839 1190 2879 oum

165 2911 355 2988 tempestatis
395 2910 478 2969 illius
518 2910 695 2970 violentiam
738 2910 990 2986 acerbitatemque
1033 2910 1190 2968 infandam

165 3000 248 3058 fama
265 2999 412 3059 referente
430 3000 577 3059 confidam
600 3000 661 3058 tuis
686 2999 808 3059 auribus
832 3000 997 3078 cognitam,
1022 3018 1090 3057 cum
1112 2999 1189 3057 hanc

123 3104 148 3145 ao
165 3089 205 3148 ad
227 3089 318 3148 finem
346 3107 464 3166 quoque
494 3090 599 3148 mundi
626 3091 657 3148 et
682 3090 764 3148 ultra
791 3088 923 3148 siderum
949 3092 1045 3148 metas
1070 3089 1190 3147 credam

237 3300 255 3350 8
273 3312 358 3364 uepos
370 3293 396 3349 V
409 3295 486 3349 Iocis
498 3312 526 3348 u.
541 3295 584 3350 ed.
644 3300 677 3349 10
695 3295 860 3350 uidebuntur
873 3293 899 3347 V
916 3294 1030 3360 sumunt
1042 3292 1129 3347 HOU
1144 3293 1188 3347 ed.

166 3374 199 3421 12
220 3368 332 3437 stuperet
344 3366 371 3419 V
389 3367 498 3436 eliperet
516 3367 558 3421 ed.
578 3368 685 3421 eliceret
702 3383 761 3420 nos.
813 3372 846 3420 15
865 3368 983 3433 siequem
1002 3366 1042 3432 (et
1056 3365 1141 3429 infra)
1155 3364 1188 3418 V.

166 3445 199 3493 17
219 3438 393 3507 oppressitV
411 3440 574 3506 oppresserit
591 3438 635 3493 ed.
692 3443 725 3492 18
740 3440 829 3507 possit
845 3436 866 3489 V
880 3443 974 3505 posset
991 3436 1034 3489 ed.
1090 3442 1125 3490 24
1143 3453 1189 3491 us-

164 3527 217 3580 que
235 3509 262 3566 V
279 3510 322 3566 oet
340 3510 389 3579 qui
406 3508 493 3563 HOU
511 3526 565 3564 om.
581 3509 624 3563 ed.
646 3508 812 3581 AperfertV
825 3510 967 3579 perfertur
985 3506 1028 3560 ed.
1085 3512 1119 3561 25
1139 3510 1189 3562 dci·

152 3583 307 3639 riarium
324 3581 351 3634 V
368 3582 556 3649 firmissimum
579 3582 622 3635 ed.
652 3580 657 3653 Ι
686 3579 776 3637 suiV
799 3596 853 3637 suo
872 3578 919 3636 ed.
989 3583 1025 3633 ‘u
1044 3578 1194 3634 aarum

165 3660 318 3772 ⁰⁰⁷}te'ssm
342 3654 387 3719 (ut
405 3651 489 3721 solet)
514 3652 559 3709 ed,
635 3659 669 3711 29
697 3673 762 3714 eum
785 3656 862 3714 huuc
886 3654 927 3712 od
946 3650 1076 3726 tueroV
1103 3654 1223 3705 temere

155 3738 203 3771 mu
214 3761 220 3771 .
276 3760 282 3772 .

1037 3834 1212 3893 22“.
