2725 4150
559 300 786 359 inunmosx
1116 304 1180 373 401

160 472 213 530 ille
240 471 337 550 igitur
362 471 460 531 mults
486 470 549 530 tela
575 471 730 546 mittebat,
756 470 869 549 figebat
894 470 1005 545 mults,
1033 469 1086 530 sed
1107 470 1182 531 haec

161 560 240 621 scuti
273 558 403 621 ambitus
435 559 616 636 sustinebat,
653 559 878 638 excipiebantur
908 557 1074 620 resistentis
1108 563 1182 636 erte,

160 650 282 710 nullum
307 648 448 710 veniebat
475 650 508 710 in
535 667 652 726 corpus.
698 654 741 709 ter
763 651 872 709 circum
897 649 1062 710 adstantem
1085 647 1245 714 lomosaco

161 739 302 814 equitavit
321 740 355 799 in
377 739 460 800 orbes
483 738 541 799 tela
566 756 660 798 manu
681 739 808 800 iaciens:
835 758 904 799 cum
926 737 1044 800 Aenees
1067 757 1128 800 uno
1150 738 1183 799 in

129 830 227 889 sloco
255 828 444 903 consisteret,
471 831 518 888 ter
544 828 709 889 Mezentius
736 828 837 889 leevos
860 828 893 888 in
916 846 1006 906 gyros
1033 828 1184 888 circumiit

161 919 293 978 stentem
319 935 414 977 menu
439 917 573 996 dirigens
595 918 665 978 tels.
711 922 755 977 ter
776 934 874 978 secum
897 917 1005 977 Troius
1026 916 1111 977 beros
1136 918 1184 977 tn-

160 1023 280 1066 mucem
302 1011 403 1066 ueruto
421 1006 588 1080 mrucnfert
610 1007 733 1082 tcpmiuc
755 1007 870 1067 sticum.
907 1008 1045 1083 quotiens
1068 1006 1183 1066 Mezen-

160 1097 222 1157 tius
246 1094 396 1169 circumiit
412 1096 536 1156 Aeneen
563 1096 647 1174 gyris
674 1097 786 1156 totiens
813 1095 900 1156 heros
923 1095 1031 1155 Troius
1054 1096 1183 1156 occurrit

161 1189 281 1246 scutum
299 1184 442 1260 obiciens,
467 1183 548 1268 quod
565 1185 672 1247 ieculis
694 1185 756 1245 iem
774 1186 874 1246 fueret
891 1183 1017 1246 infinitis
1035 1184 1183 1246 insertum

116 1293 143 1334 ro
162 1277 194 1335 et
216 1274 309 1335 silvae
332 1274 440 1334 faciem
462 1274 661 1351 praeferebat.
701 1274 770 1335 inde
791 1275 843 1334 ubi
865 1278 905 1334 tot
926 1275 1052 1335 traxisse
1072 1293 1182 1345 moros,

161 1367 202 1424 tot
218 1363 335 1438 spicula
352 1362 446 1423 toedet
463 1362 566 1424 cellere
580 1368 606 1423 ct
618 1367 739 1438 creetur
751 1380 858 1438 peyna
876 1379 1047 1438 conpressus
1064 1365 1184 1438 iniqua:

161 1451 216 1514 ubi
247 1455 351 1513 tuntee
384 1454 534 1512 extractae
566 1455 637 1512 sunt
664 1470 781 1528 morae,
812 1452 866 1512 ubi
897 1451 1183 1529 paschasianum

161 1543 292 1604 telorum
321 1561 480 1602 numerum
509 1544 595 1602 scuto
624 1544 746 1619 portere
777 1545 924 1619 tantaque
951 1537 974 1620 †
1004 1544 1115 1618 essent,
1147 1544 1184 1602 ut

161 1632 236 1692 heec
259 1631 331 1695 velli
354 1631 401 1691 vel
423 1632 538 1708 posteri
560 1650 621 1691 non
643 1634 780 1709 possent,
804 1633 835 1690 et
858 1649 926 1690 cum
949 1634 1108 1710 urgeretur
1125 1629 1182 1692 ini·

116 1738 223 1798 1squo
247 1719 413 1780 certamine
432 1712 585 1801 (iniquum
607 1722 759 1780 certamen
779 1719 848 1780 ideo
872 1721 945 1795 fuit,
973 1722 1046 1797 quie
1068 1721 1182 1780 Mezen·

160 1810 223 1872 tius
260 1811 330 1886 equi
365 1809 516 1886 praesidio
553 1808 716 1870 iuvebetur
751 1811 781 1868 et
814 1828 829 1868 e
865 1827 981 1872 summo
1017 1809 1183 1888 pugnabat,

162 1899 279 1958 Aeneas
312 1916 382 1959 vero
413 1898 446 1957 in
477 1899 569 1977 pleno
601 1899 719 1975 positus
755 1900 868 1958 meiere
904 1898 1016 1960 laboris
1052 1899 1182 1977 pondere

161 1979 374 2069 merebatur),
406 1987 500 2047 multa
530 2002 648 2048 movens
680 1989 779 2048 ocimo
811 1990 874 2048 ium
902 1989 1020 2049 tandem
1049 1990 1245 2065 22122ψί18110

161 2078 260 2138 multu
287 2096 364 2155 quee
391 2079 489 2138 fecere
517 2077 637 2138 deberet
663 2078 728 2155 ipse
756 2078 910 2139 conferens
938 2098 1038 2140 secum
1059 2080 1183 2140 tandem

117 2186 144 2227 eo
160 2171 281 2245 reperto
305 2166 429 2227 consilio
452 2168 584 2244 erumpit
605 2168 638 2227 in
660 2169 790 2242 fuctum3
817 2172 881 2227 erte
909 2171 989 2227 enim
1016 2186 1091 2245 opus
1114 2168 1183 2245 fuit,

160 2258 197 2317 ut
214 2258 282 2333 ipsu
300 2258 451 2333 peteretur
469 2274 560 2317 ceusu
574 2275 651 2334 queo
668 2256 863 2334 iniquitatem
877 2258 1047 2317 certaminis
1060 2258 1182 2319 feceret.

162 2347 291 2422 denique
320 2348 412 2405 moris
443 2344 578 2423 abruptis
614 2347 691 2405 iuter
725 2346 872 2406 bellatoris
905 2346 971 2418 eque·
1005 2363 1079 2406 coca
1113 2350 1182 2405 tcm-

155 2452 237 2510 pora
260 2435 364 2495 muttit
384 2435 516 2494 bustum:
542 2454 653 2513 magno
675 2435 733 2495 hoc
756 2434 881 2495 consilio
904 2435 1020 2493 fectum
1043 2436 1102 2510 est3
1129 2454 1181 2494 no·

160 2527 249 2586 verat
284 2525 364 2583 enim
395 2523 577 2584 Mezentium
608 2522 721 2584 idcirco
753 2526 825 2601 equi
855 2522 1000 2583 auxilium
1029 2523 1181 2600 petivisse,

116 2630 143 2672 rs
162 2614 237 2691 quie
259 2614 324 2689 ipse
347 2613 453 2673 debilis
477 2612 544 2673 fuit.
571 2616 651 2673 recte
673 2614 770 2691 igitur
791 2614 908 2673 Aeneas
933 2611 968 2671 de
992 2612 1060 2688 equi
1083 2614 1182 2689 prime

161 2704 294 2780 pernicie
323 2702 482 2781 cogitavit3
513 2704 579 2779 ipso
609 2702 689 2761 enim
719 2701 815 2762 occiso
844 2721 905 2762 non
934 2702 1038 2780 magni
1069 2701 1182 2764 leboris

161 2793 264 2852 fueret
296 2792 335 2851 ed
369 2793 464 2868 ipsius
497 2791 607 2868 equitis
641 2790 799 2851 interitum
830 2792 992 2868 pervenire.
1047 2790 1120 2850 tollit
1151 2808 1182 2852 se
1230 2838 1232 2842 r

162 2885 309 2941 arrectum
328 2881 509 2955 quadrupes,
532 2882 589 2941 hcc
612 2883 658 2940 est
680 2880 785 2940 erectis
808 2880 906 2957 primo
928 2900 983 2957 per
1005 2898 1075 2940 seru
1096 2880 1181 2957 pedi·

162 2970 218 3030 bus
237 2968 341 3046 primis
359 2970 575 3047 posterioribus
594 2971 687 3030 stetit.
724 2969 896 3030 etculcebcs
919 2987 1013 3029 occas
1034 2971 1182 3030 verberet:

116 3077 144 3118 sc
161 3058 351 3137 intellegitur
381 3059 437 3120 hoc
468 3061 586 3121 mutetc
619 3059 769 3120 schemate
804 3057 1019 3135 posterioribus
1055 3058 1181 3135 pedibus

161 3150 335 3223 fecissem,
366 3167 435 3209 cum
464 3148 566 3209 dolore
595 3150 763 3225 pernicioso
789 3148 975 3224 turbaretur,
1005 3148 1181 3226 obsequium

161 3261 377 3271 ——--—-

236 3343 268 3390 11
287 3338 399 3406 mureto
411 3335 445 3392 V.
508 3341 541 3389 12
560 3335 729 3392 ubamoeV
746 3342 850 3392 tractae
868 3335 912 3389 ed.
972 3341 1005 3390 13
1023 3341 1182 3406 tectamque

161 3409 187 3463 V
214 3425 283 3463 corr.
310 3408 353 3463 ed.
392 3407 397 3479 1
437 3413 524 3463 essent
543 3406 569 3460 V
590 3406 634 3462 ed.
662 3410 825 3476 corruptum
856 3409 939 3475 puto:
972 3424 1028 3463 esee
1053 3408 1182 3463 uidebat?

162 3486 197 3534 14
216 3478 361 3536 et=cetV
379 3485 429 3535 aut
446 3481 504 3534 ium
523 3477 566 3533 cd.
640 3484 674 3532 15
696 3480 802 3535 interce
823 3479 969 3535 certamine
988 3479 1049 3534 ideo
1067 3479 1093 3533 V
1112 3495 1181 3534 corr.

161 3552 206 3607 ed.
222 3550 257 3605 cf.
272 3556 332 3605 901.
389 3556 422 3605 16
440 3547 661 3605 iubaterom.
676 3549 719 3604 cd.
741 3549 745 3623 Ι
765 3548 909 3605 cumrcoV
925 3567 973 3606 ee.
988 3567 1040 3604 nos
1055 3550 1192 3605 ocimu

162 3629 197 3678 20
222 3628 329 3692 reporto
349 3620 375 3677 V
397 3637 467 3677 corr.
486 3621 530 3675 ed.
613 3626 646 3678 21
672 3620 777 3695 ipseV
807 3638 881 3679 corr.
904 3622 953 3678 eb.
979 3622 997 3694 V
1025 3622 1137 3688 toccum
1160 3616 1214 3667 eu.

160 3700 197 3748 30
212 3700 332 3748 mutatos
346 3700 449 3749 censete
463 3691 494 3750 V.

197 3798 257 3837 Dcn.
267 3798 366 3850 interpr.
377 3801 447 3855 Verg.
463 3804 514 3847 vol.
524 3806 558 3849 H.
847 3788 851 3797 Ι
1037 3803 1083 3853 ‘bb
