2725 4150
202 314 267 378 472
484 308 626 365 DONATI
642 309 814 365 IN'l'llRPR.
827 307 937 364 VERG.

202 475 286 555 dixit,
300 478 352 540 sed
365 499 420 558 pro
435 479 554 540 vilibus.
586 481 754 539 sternemur
772 476 894 555 campis,
912 497 967 555 per
985 478 1083 538 omnis
1105 496 1227 556 campos

200 569 363 630 iacebimus
386 568 455 630 fusi.
499 569 657 629 inhumata
678 568 842 645 infletaque
864 567 967 643 turba,
996 585 1058 627 non
1080 567 1227 628 habentes

202 660 347 719 solacium
366 658 559 718 lacrimarum
573 661 628 717 aut
643 658 820 718 beneficium
838 657 1017 735 sepulturae.
1052 676 1150 734 quam
1167 659 1227 718 vim

200 749 312 810 habeat
332 748 517 808 humationis
535 746 748 808 detrimentum
766 746 835 807 aliis
853 745 927 806 locis
945 748 1037 823 poeta
1054 747 1227 822 perdocuitz

200 859 274 916 uno,
297 858 366 898 cum
383 838 549 914 Euryalum
570 838 667 896 mater
689 837 803 896 doleret
826 834 957 895 occisum
980 830 1227 915 (9,485)„,21i·
1251 851 1259 891 i

200 929 295 1004 tibus,
313 928 426 1006 inquit,
444 927 581 1004 linquere
598 926 670 986 feris
690 927 744 985 aut
761 924 881 1004 gurgite
897 942 1029 984 mersum
1047 925 1135 984 unda
1155 926 1228 985 feret

200 1020 356 1096 piscesque
370 1017 485 1094 inpasti
498 1016 625 1076 vulnera
638 1013 803 1075 lambent“.
832 1014 914 1090 „beu
925 1017 1008 1074 terra
1024 1015 1135 1092 ignota
1150 1016 1227 1076 cani·

201 1109 257 1166 bus
288 1108 357 1166 date
390 1105 503 1183 praeda
532 1102 649 1164 Latinis
683 1104 866 1181 alitibusque
899 1102 978 1164 iaces
1010 1121 1066 1162 neo
1095 1106 1145 1181 te,
1177 1109 1227 1164 tua

201 1198 309 1255 funera
322 1197 419 1254 mater
436 1194 565 1272 produxi
582 1192 714 1272 pressive
734 1194 838 1254 oculos
856 1196 911 1252 aut
923 1193 1047 1253 vulnera
1061 1192 1130 1253 lavi
1148 1197 1227 1254 veste

201 1288 305 1363 tegens
311 1283 328 1313 “
343 1277 431 1366 (haec
445 1283 471 1344 si
484 1285 673 1359 omittantur,
688 1282 727 1343 ad
740 1283 872 1361 corporis
887 1281 1030 1342 iniuriam
1043 1276 1227 1364 pertinent);
1241 1300 1258 1342 u

203 1375 297 1434 altero
321 1372 456 1434 adseruit
478 1373 552 1450 quid
572 1372 647 1432 mali
677 1373 801 1432 accedat
828 1372 919 1431 etiam
942 1372 1060 1431 animae
1085 1372 1154 1432 eius
1177 1373 1227 1450 qui

202 1465 342 1523 humatus
361 1482 422 1522 non
441 1462 494 1537 sit3
516 1482 576 1522 non
595 1463 675 1522 enim
692 1463 819 1522 fluvium
836 1460 948 1521 transit
964 1461 1134 1538 infernum,
1155 1462 1227 1522 sicut

201 1553 235 1611 in
257 1554 340 1612 sexto
360 1551 437 1611 libro
461 1543 556 1633 (325)
579 1551 691 1611 lectum
714 1570 778 1611 esso
800 1549 989 1610 meminimus
1012 1551 1162 1626 loquente
1186 1550 1226 1611 Si·

202 1641 287 1719 hylle
314 1644 345 1700 et
367 1642 489 1700 Aenean
518 1640 641 1701 docente
669 1641 726 1699 hoc
752 1641 855 1699 modo:
884 1640 981 1714 „haec
1008 1639 1106 1699 omnis
1138 1660 1227 1718 quam

203 1731 298 1792 cernis
320 1732 408 1807 inops
429 1730 647 1806 inhumataque
670 1729 760 1788 turba
783 1731 841 1804 est;
867 1729 996 1805 portitor
1016 1727 1069 1788 ille
1094 1727 1258 1806 Charon3u

201 1823 235 1882 bi
258 1839 333 1898 quos
355 1820 439 1880 vehit
460 1819 544 1880 unde
566 1819 690 1898 sepulti,
715 1837 770 1877 nec
791 1816 873 1893 ripas
898 1819 986 1877 datur
1007 1818 1179 1880 horrendas
1201 1821 1228 1879 et

203 1931 296 1972 rauca
317 1910 432 1969 fluenta
453 1911 658 1985 transportare
680 1907 764 1985 prius
789 1926 881 1985 quam
903 1907 1023 1966 sedibus
1049 1925 1121 1968 ossa
1146 1911 1227 1986 quie·

202 2004 286 2078 runt,
307 2002 427 2060 centum
445 2002 547 2058 errant
564 2017 658 2058 annos
676 1998 866 2074 volitantque
885 1997 958 2056 haec
975 1997 1068 2056 litora
1087 1997 1227 2058 circum“

202 2093 258 2151 hae
278 2092 350 2151 sunt
367 2091 592 2149 inhumatorum
608 2107 736 2165 poenae,
754 2089 791 2145 ut
809 2105 911 2145 eorum
930 2105 1055 2164 corpora
1073 2087 1228 2150 lanientur

204 2185 235 2241 et
257 2178 382 2241 diversis
406 2178 582 2239 subiaceant
607 2176 711 2237 bestiis
742 2178 772 2234 et
800 2195 903 2235 eorum
932 2175 1065 2252 animae,
1096 2195 1170 2238 cum
1192 2178 1228 2239 ad
1241 2192 1261 2233 ri

202 2271 314 2330 inferos
337 2265 486 2343 venerint,
510 2267 636 2328 fluvium
658 2264 842 2327 sollemniter
863 2265 990 2325 transire
1017 2284 1079 2324 non
1102 2268 1228 2342 possint

203 2362 277 2420 haec
294 2359 387 2436 paulo
406 2356 535 2434 amplius
550 2358 684 2433 evagati,
708 2355 781 2432 quia
798 2354 882 2414 locus
896 2353 1027 2429 sinebat,
1044 2355 1228 2417 tradidimus

203 2446 309 2522 latius,
328 2449 459 2507 ceterum
478 2445 647 2505 amaritudo
666 2443 794 2504 Drancis
813 2444 869 2503 hoc
888 2444 994 2519 sensit,
1013 2446 1049 2504 ut
1067 2446 1228 2522 perituros,

204 2539 230 2600 si
254 2538 351 2597 adhuc
374 2538 574 2614 pugnaretur,
601 2533 714 2593 diceret
739 2534 895 2594 universos
920 2552 974 2592 neo
1002 2534 1228 2611 superfuturum

203 2626 336 2703 aliquem
353 2623 407 2702 qui
424 2642 525 2684 caesos
545 2622 684 2700 sepeliret
702 2626 757 2683 aut
774 2624 938 2700 plangeret.
970 2624 1058 2682 etium
1071 2626 1113 2694 tu,
1128 2626 1159 2684 si
1173 2642 1228 2701 quo
1242 2635 1263 2679 re

204 2718 257 2776 tibi
278 2715 337 2783 uis,
364 2715 392 2773 si
410 2714 506 2788 patrii
532 2713 603 2786 quid
624 2712 738 2772 Mortis
762 2714 863 2782 bobes,
891 2712 976 2770 ilium
1003 2711 1102 2785 aspice
1126 2720 1229 2775 unire

142 2814 194 2864 875
205 2806 255 2880 qui
272 2808 369 2863 uocat:
392 2804 419 2862 si
436 2806 472 2864 tu
489 2801 631 2861 fiduciam
645 2802 723 2880 geris
741 2803 857 2863 roboris
877 2803 908 2861 et
923 2800 1038 2878 generis
1059 2802 1118 2877 tui,
1141 2803 1229 2863 illum

205 2893 293 2953 dobes
315 2890 428 2951 intueri
450 2892 547 2950 solum
571 2911 660 2968 quern
678 2891 770 2952 habes
792 2892 825 2951 in
843 2894 897 2951 tua
920 2909 1010 2950 causa
1032 2892 1229 2953 contrarium

278 2982 401 3041 Talibus
433 2981 543 3040 eaursit
574 2980 658 3039 dictis
690 2981 827 3040 uiolentia
861 2980 968 3049 Turni,
1006 2980 1058 3039 dat
1087 2983 1229 3055 gemitur

204 3072 369 3145 rumpitque
386 3070 442 3129 bos
459 3070 517 3128 iuo
530 3073 646 3143 pectore
664 3087 760 3129 uoces:
783 3068 890 3129 ardens
909 3071 978 3128 ante
996 3068 1094 3146 magis
1116 3070 1230 3132 exarsit
1244 3084 1265 3125 u

204 3162 237 3219 in
260 3160 398 3220 Dranoen
420 3158 532 3218 talibus
556 3158 657 3234 dicfis,
684 3158 839 3218 maledicis
862 3158 978 3217 sufficet
1004 3160 1035 3216 et
1058 3156 1229 3237 iniuriosis3

206 3249 286 3328 quod
305 3268 392 3328 aegre
410 3248 553 3326 portabat
570 3248 715 3322 evomuit,
738 3248 835 3326 rupit,
857 3248 970 3323 inquit,
993 3265 1096 3307 vocem
1117 3250 1149 3308 ot
1167 3248 1229 3309 imo

239 3423 243 3431 '
277 3419 392 3474 itabat
409 3418 453 3473 ed.
516 3423 532 3472 t
550 3418 731 3473 alitibus-'1
746 3417 867 3472 lambent
885 3416 988 3471 decimi
1006 3415 1072 3471 libri
1090 3419 1166 3488 (559)
1186 3422 1230 3475 eet

206 3490 357 3546 memoriae
376 3505 468 3545 errore
487 3506 551 3543 cum
565 3488 653 3543 altero
667 3488 729 3543 loco
744 3489 933 3543 coniunctum.
990 3494 1023 3543 10
1037 3506 1056 3543 a
1070 3489 1228 3559 ummov

207 3580 276 3619 corr.
296 3562 340 3617 ed.
414 3567 448 3617 14
465 3577 572 3616 uacua
589 3558 756 3616 eiVetAc.
771 3576 821 3615 noe
840 3560 940 3614 crille.
956 3565 981 3614 ct
999 3559 1043 3614 ed.
1112 3565 1146 3616 21
1162 3578 1229 3632 poe-

199 3640 265 3693 oeni
292 3632 318 3689 V
345 3635 455 3707 possint
482 3648 533 3689 noe
561 3637 678 3702 possum
705 3631 748 3685 ed.
831 3636 865 3684 23
893 3631 1009 3686 draucos
1033 3630 1059 3685 V
1087 3646 1158 3687 corr.
1183 3633 1228 3689 ed.

192 3715 231 3768 26
251 3717 283 3770 tu
303 3727 359 3769 om.
377 3706 411 3768 V.
486 3711 521 3766 29
540 3704 627 3766 turdo
642 3720 697 3775 pro
716 3703 808 3760 Turul
826 3700 925 3756 dotll.

678 3909 766 3929 -.
