2725 4150
550 253 733 310 assumes
752 255 791 309 ns
1115 258 1180 324 237

162 428 264 504 posset
295 425 328 484 in
359 426 535 485 necessitate
571 424 678 485 bellica
709 424 901 484 communire.
955 425 1058 500 rapuit
1088 423 1183 502 igitur

162 515 283 594 cingula
314 513 404 575 occisi
434 514 610 574 Rhamnetis
638 516 745 573 ornata
782 514 880 574 aureis
910 513 1018 589 bullis,
1055 532 1183 592 quorum

161 606 303 664 meritum
330 605 367 663 ut
396 605 567 680 appareret,
600 602 672 663 ordo
707 603 955 663 commemoratur
987 602 1182 681 originalium

162 693 359 753 dominorum.
397 691 555 767 Caedicus,
577 691 693 769 inquit,
720 693 794 752 haec
816 693 940 752 miserat
961 692 1102 767 Remulo,
1129 693 1183 768 qui

132 787 240 843 cesset
263 802 299 840 ex
322 781 432 858 oppido
456 781 589 857 Tiburti,
617 781 724 842 absens
748 782 865 842 absenti
888 782 926 840 ob
949 781 1183 842 confirmwdam

162 871 329 931 amicitiam
351 874 382 929 et
403 871 610 930 honorandam
632 870 758 947 hospitii
779 872 969 950 religionem,
996 871 1049 930 ille
1072 872 1183 944 autem,

161 963 218 1021 hoc
237 963 283 1020 est
300 960 457 1035 Remulus,
480 961 609 1020 moriens
627 960 751 1036 reliquit
767 961 841 1020 haec
859 961 976 1037 nepoti,
1000 959 1053 1037 qui
1071 961 1101 1020 et
1118 959 1183 1036 ipse

161 1051 241 1110 bello
265 1049 397 1110 deiectus
420 1068 488 1109 cum
506 1051 625 1125 fuisset,
649 1051 813 1109 transitum
832 1051 969 1109 fecerunt
987 1049 1026 1109 ad
1043 1049 1183 1123 Rutulos,

162 1140 326 1200 eltutulis
353 1157 432 1199 nunc
460 1139 499 1199 ad
527 1139 705 1215 Euryalum.
753 1139 825 1198 baec
851 1140 932 1211 rapit
959 1141 1045 1212 atqae
1073 1140 1184 1198 moeris

119 1246 144 1286 so
161 1231 355 1304 nequicquam
372 1229 498 1302 fabbas
517 1232 612 1304 aptat,
631 1230 688 1288 hoc
706 1229 752 1288 est
770 1229 840 1305 apto
860 1226 1015 1304 conponit3
1039 1227 1184 1304 quiequid

161 1318 242 1379 enim
256 1318 439 1396 portandum
452 1321 506 1393 est,
524 1318 638 1377 sibene
652 1320 776 1392 feratur,
794 1316 892 1377 levius
906 1315 1050 1376 redditur.
1083 1316 1185 1376 omnia

162 1410 259 1487 igitur
280 1409 416 1485 inposuit
438 1409 550 1468 umeris
572 1409 774 1484 nequicquam
796 1406 938 1481 fortibus,
966 1405 1040 1482 quia
1062 1423 1131 1464 mox
1154 1410 1185 1465 et

161 1498 226 1575 ipse
244 1498 345 1557 fuerat
362 1497 520 1573 periturus.
550 1499 650 1573 potest
668 1499 700 1556 et
718 1496 761 1556 sic
774 1515 891 1556 currere
905 1495 1069 1556 ordinatio:
1083 1495 1185 1554 omnia

162 1588 273 1646 umeris
291 1585 419 1646 fortibus
437 1587 574 1663 inposuit
591 1586 800 1661 nequicquam,
817 1585 889 1662 quia
906 1587 980 1645 haec
999 1585 1098 1644 fuerat
1116 1602 1184 1643 eum

118 1691 143 1732 is
163 1675 270 1736 salutis
289 1675 444 1752 dispendio
467 1674 646 1752 perditans.
682 1679 745 1734 tam
765 1675 882 1749 paleam
899 1675 1036 1747 Messapi
1057 1673 1246 1732 babilemaoc

163 1767 315 1847 aristisque
332 1764 468 1824 &aarum
484 1765 596 1823 induit:
614 1763 721 1824 deinde
738 1764 837 1823 induit
850 1764 908 1825 sibi
922 1764 1041 1842 galeam
1053 1763 1185 1840 Messapi

163 1855 238 1915 satis
266 1853 422 1930 pulchram
449 1855 479 1912 et
506 1853 705 1913 eminentibus
734 1855 832 1914 cristis
861 1855 1010 1932 insignem
1037 1856 1068 1913 et
1091 1852 1182 1930 eapit‘

163 1962 218 2004 suo
251 1942 446 2020 aptissimam.
497 1943 637 2002 excedam
663 1945 769 2002 castris
794 1948 820 2002 et
847 1947 910 2003 tata
938 1946 1107 2018 capesseret:
1137 1942 1184 2002 his

164 2033 256 2112 gestis
291 2031 477 2108 reliquerunt
507 2032 575 2093 loca
605 2032 788 2092 Rutulorum
821 2052 898 2111 quae
931 2033 1051 2094 fuerent
1082 2051 1186 2092 eorum

116 2139 145 2179 ao
164 2124 245 2183 vitae
269 2124 420 2181 contraria
442 2124 473 2181 et
495 2125 564 2182 tuta
585 2122 747 2199 petierunt.

235 2212 355 2270 Interea
376 2213 538 2285 praemissi
557 2213 671 2285 'equites
695 2230 729 2271 ea
751 2214 823 2271 arbe
846 2212 972 2282 Latina,
999 2216 1092 2271 cetera
1114 2211 1186 2269 aaa

164 2303 236 2375 lepte
255 2301 368 2375 campis
384 2302 528 2360 instructa
544 2305 686 2369 moratur,
704 2302 789 2360 ibant
806 2304 833 2359 et
846 2302 947 2359 Tarae
965 2302 1027 2374 reqe'
1043 2316 1186 2372 respousa

163 2391 310 2464 ferebant,
334 2394 503 2459 tercentum,
522 2391 628 2449 saatate'
645 2407 757 2459 maes,
783 2390 918 2448 Volcente
934 2389 1089 2463 maptstro:
1112 2397 1246 2463 quo-3⁷0

165 2481 248 2539 niam
270 2478 368 2556 primo
390 2480 456 2538 loco
475 2479 552 2538 dixit
571 2478 742 2556 praemissi,
765 2479 822 2538 hoc
839 2478 970 2555 primum
988 2494 1185 2554 exponamus:

118 2584 146 2626 aa
165 2568 327 2629 veniebant
349 2569 429 2627 enim
451 2568 581 2644 equites,
603 2568 765 2629 veniebant
787 2569 818 2625 et
840 2566 969 2643 pedites3
997 2585 1032 2625 ex
1055 2568 1185 2642 utroquo

166 2677 232 2717 cum
247 2659 293 2717 est
307 2658 461 2732 exercitus,
480 2677 540 2716 non
554 2660 654 2736 potest
667 2675 728 2715 uno
747 2655 818 2715 duci
835 2655 950 2730 itinere,
970 2656 1042 2731 quia
1059 2656 1186 2713 humani

166 2765 285 2825 gressus
312 2748 415 2824 generi
442 2748 551 2823 equino
579 2746 737 2823 conparari
763 2764 823 2804 non
850 2747 985 2821 possunt.
1031 2764 1067 2803 ne
1091 2744 1186 2822 igitur

165 2856 219 2912 per
233 2838 366 2895 armatos
379 2835 494 2913 pedites
508 2836 690 2912 perindeque
704 2836 843 2895 oneratos
856 2833 1056 2909 tardarentur,
1070 2834 1185 2909 equites

166 2925 257 3002 primi
279 2925 438 3002 praemissi
455 2927 539 3000 sunt,
562 2926 610 2984 illi
631 2944 702 2984 vero
725 2925 880 2983 instructis
904 2923 1059 2983 ordinibus
1082 2942 1185 2999 seque·

119 3030 147 3070 eo
166 3015 277 3073 bantur
296 3033 331 3073 ex
345 3014 419 3073 urbo
438 3013 560 3074 Latina:
584 3034 650 3074 ecce
669 3013 779 3073 dicitur
796 3013 874 3072 unde
892 3012 985 3073 missi
1022 3013 1108 3073 missi
1125 3031 1186 3072 non

240 3226 255 3273 'l
274 3222 323 3289 qai
335 3220 361 3274 V
379 3237 449 3291 qaae
467 3220 510 3275 ed.
568 3226 582 3273 9
601 3236 712 3274 versum
728 3225 779 3274 366
795 3237 858 3274 eum
872 3218 1105 3287 interpretatione
1119 3222 1186 3273 ante

167 3310 191 3347 v.
207 3298 260 3346 364
286 3293 315 3346 ct
339 3292 399 3346 eius
421 3291 682 3360 interpretationem
706 3291 794 3346 habet
813 3291 846 3345 V:
870 3290 1031 3358 transposui
1054 3306 1118 3343 cum
1142 3290 1184 3344 ed.

169 3369 201 3418 13
225 3363 454 3419 sie-ordinatio
472 3363 498 3416 V
520 3366 626 3417 temere
648 3365 718 3417 mut.
740 3363 783 3418 ed.
858 3369 891 3416 16
914 3362 1097 3417 deiude-1⁷
1122 3363 1187 3417 emi-

167 3436 296 3490 nentibus
320 3452 373 3489 om.
396 3437 446 3490 boc
470 3440 510 3489 est
534 3434 681 3488 substituit
706 3435 750 3489 ed.
825 3439 858 3488 18
880 3439 906 3487 et
927 3439 989 3488 tata
1006 3432 1032 3486 V
1052 3450 1086 3487 ac
1103 3438 1122 3487 t.
1142 3432 1186 3487 ed.

168 3512 202 3560 33
232 3508 354 3561 calceate
384 3509 418 3560 ut
448 3505 627 3574 plerumque,
660 3505 731 3559 alibi
761 3505 834 3562 oote-
863 3522 918 3559 uno
951 3505 1012 3559 loco
1044 3506 1126 3574 ealq-
1152 3503 1191 3557 V,

168 3584 202 3631 29
222 3579 424 3646 primi-emt
445 3580 550 3633 temere
575 3579 646 3634 mut.
667 3577 714 3636 ed.
788 3582 823 3635 so
843 3579 924 3636 crissi
941 3580 1149 3640 acu-‘hwa
1165 3589 1212 3627 rc·

162 3649 326 3701 manassent
339 3648 485 3704 mutilavit
503 3652 534 3707 et
554 3654 687 3727 corrupit
707 3654 754 3714 cd.
