2725 4150
178 345 247 413 494
467 340 609 397 DONA'I'I
625 339 795 395 INTERPR.
810 339 918 396 VERG.

178 508 282 570 fraudi
308 527 519 585 armorumque
548 509 634 569 dolis.
679 509 774 568 valles
804 511 861 584 est,
891 509 1006 585 inquit,
1034 498 1116 568 inter
1142 508 1205 568 duo

179 602 277 660 latera
299 617 396 677 usque
418 596 457 658 ad
478 598 595 658 radices
617 599 766 657 montium
787 616 904 674 pressa,
933 617 1025 658 curvo
1053 599 1205 674 anfractu,

179 691 237 749 hoo
256 691 302 749 est
318 688 458 748 flexuosa.
490 686 567 747 hanc
585 688 673 746 tanta
687 687 835 747 densitate
849 688 933 765 ligna
946 688 1096 748 silvestria
1108 687 1205 747 ramis

182 797 217 838 ac
239 777 393 838 frondibus
416 776 598 851 vestiebant,
620 778 657 835 ut
678 775 775 836 fidelis
798 776 930 837 latebras
953 776 1031 836 dolis
1049 778 1205 853 praestare

181 869 284 943 posset
312 868 343 927 et
368 865 504 926 hostibus
534 865 651 925 auferre
679 869 885 943 prospectum,
915 884 1044 943 quorum
1073 857 1204 924 alterum
1235 887 1247 928 ι

181 955 376 1032 proveniebat
393 975 430 1014 ex
446 954 642 1014 multitudine
664 954 820 1031 arborum,
843 956 972 1014 alterurn
995 950 1030 1014 ea
1049 952 1205 1015 occasione

181 1044 304 1104 umbrae
327 1063 404 1121 quae
426 1044 608 1104 fundebatur
629 1065 665 1104 ex
690 1045 856 1105 frondibus.
902 1045 1039 1104 coartata
1061 1061 1132 1104 vero
1156 1047 1204 1104 ut

180 1135 297 1209 rimque
326 1133 423 1193 latera
456 1137 619 1212 angustum
652 1137 734 1194 intra
766 1152 797 1194 se
827 1134 944 1193 aditum
978 1132 1204 1193 transeuntibus

180 1221 331 1298 parabant
351 1240 406 1282 nee
426 1223 564 1283 sinebant
581 1224 625 1283 ire
643 1224 792 1284 confertos
812 1226 867 1283 aut
884 1223 1019 1301 evagari,
1037 1224 1065 1283 si
1083 1223 1204 1284 vellent

180 1311 332 1388 ingressus
355 1311 488 1372 faucium
510 1316 602 1390 atque
630 1331 765 1392 egressus
793 1312 867 1372 satis
894 1312 1035 1390 maligni,
1066 1312 1205 1372 difficiles
1222 1334 1246 1374 uo

182 1402 273 1478 atque
287 1403 431 1462 contrarii
444 1402 659 1480 gradientibus.
689 1404 767 1463 hanc
785 1421 875 1480 super
891 1402 924 1460 id
942 1404 988 1462 est
1006 1420 1096 1479 super
1113 1403 1206 1478 hanc;

181 1488 213 1547 in
236 1492 379 1568 speculis:
400 1491 466 1569 ipse
485 1494 609 1569 exponit
627 1492 701 1569 quid
723 1492 814 1552 sitin
832 1491 961 1570 speculis
980 1489 1104 1551 dicendo
1123 1510 1204 1552 sum·

182 1597 291 1658 meque
313 1580 346 1640 in
367 1581 479 1640 vertice
496 1581 615 1642 montis.
652 1582 688 1642 de
707 1600 822 1641 summo
842 1582 952 1659 quippe
971 1580 1119 1658 speculari
1137 1579 1206 1657 quis

182 1672 283 1745 potest
308 1672 341 1728 et
366 1670 486 1748 longius
513 1671 622 1731 videre.
667 1673 805 1749 ignotam
833 1671 991 1748 planitiem
1022 1662 1100 1729 dixit
1127 1689 1206 1746 quae

182 1758 259 1818 nulli
281 1760 359 1818 esset
380 1760 502 1837 cognita
524 1762 578 1819 aut
600 1779 678 1838 quae
701 1762 734 1819 in
756 1761 817 1818 imo
845 1760 1018 1818 constitutis
1040 1757 1207 1836 suspicioni
1224 1778 1247 1819 ιι

183 1865 247 1907 esse
269 1866 330 1907 non
352 1852 461 1924 posset.
493 1850 568 1909 haec
585 1852 733 1926 oportune
751 1850 871 1924 poterat
889 1850 1039 1924 suscipere
1057 1847 1205 1908 venientis

183 1938 275 2013 atque
299 1939 485 1998 occasionem
509 1939 580 1999 dare
602 1939 652 2000 vel
675 1936 850 1998 occurrendi
867 1937 1005 1998 hostibus
1029 1937 1134 1997 dextra
1158 1937 1207 1997 vel

181 2026 270 2086 laeva
292 2027 341 2087 vel
362 2041 436 2087 saxa
454 2028 621 2105 perniciosa
639 2026 786 2088 volvendi.
818 2027 900 2087 tutes
920 2046 990 2105 ergo
1009 2025 1207 2104 praestabant

182 2115 313 2176 altitudo
335 2119 447 2177 montis
470 2120 502 2176 et
524 2118 689 2178 constituta
710 2116 742 2176 in
765 2134 881 2176 summo
904 2116 1056 2193 planities.
1091 2117 1205 2192 dextra,

181 2204 297 2281 inquit,
327 2225 362 2266 ae
390 2208 489 2281 laeva,
520 2208 646 2267 alteram
674 2207 724 2265 vel
750 2209 910 2283 utramque
939 2206 1114 2285 intellegere
1145 2226 1206 2266 non
1224 2225 1249 2266 ro

182 2311 341 2371 possumus
359 2296 418 2357 nisi
431 2317 485 2373 per
503 2316 570 2355 eum
590 2298 643 2373 qui
661 2295 767 2355 inille
785 2295 911 2372 planitie
926 2297 1003 2354 forte
1023 2295 1206 2371 constiterit3

182 2384 247 2460 ipse
272 2385 351 2443 enim
374 2406 443 2446 cum
466 2405 529 2445 sese
552 2383 746 2460 converterit,
768 2386 889 2445 laevum
907 2384 1103 2462 dextrumque
1126 2402 1206 2445 com·

182 2472 296 2550 mutat,
313 2475 367 2533 sed
385 2478 475 2553 poeta
492 2474 535 2534 sie
552 2475 671 2534 laevam
690 2473 767 2533 dixit
785 2477 815 2534 et
833 2474 985 2534 dexteram
1002 2477 1037 2533 ut
1055 2476 1133 2533 hano
1152 2476 1207 2533 aut

122 2563 269 2627 batillum
291 2565 412 2623 intuens
434 2565 554 2623 faceret.
585 2564 642 2622 boc
663 2564 779 2623 tecente
801 2568 870 2623 eota
890 2565 986 2637 ferire
1007 2565 1124 2638 reptem
1143 2565 1207 2623 eie·

182 2671 266 2713 rure:
288 2655 324 2712 ut
346 2652 515 2713 ostenderet
536 2651 596 2711 loci
618 2651 828 2713 difficultatem
853 2653 958 2712 multis
982 2652 1138 2731 generibus
1162 2654 1205 2712 in·
1225 2670 1250 2712 re

183 2743 318 2822 peditam
340 2742 419 2801 adiri
440 2760 500 2800 non
523 2759 610 2817 posse
637 2742 698 2802 uisi
720 2742 758 2802 ab
783 2744 830 2801 hie
854 2743 908 2819 qui
936 2741 1000 2801 eius
1028 2742 1129 2803 aditus
1153 2747 1207 2801 aut

185 2834 307 2895 semitas
330 2834 465 2907 nossent,
493 2831 569 2890 dixit
591 2831 727 2890 Turnum
750 2850 784 2891 eo
812 2832 995 2908 pervolasse,
1025 2833 1130 2909 utpote
1154 2826 1207 2908 qui

184 2925 245 2984 iret
273 2923 313 2982 ad
339 2921 469 3000 cognita.
514 2920 610 2980 fertur
639 2921 729 2996 dixit,
758 2925 795 2981 ut
823 2920 1007 2981 celeritatem
1037 2921 1208 2981 ostenderet

186 3011 370 3088 festinantis3
388 3009 530 3072 velociter
543 3010 622 3069 enim
635 3009 849 3087 praeveniendi
862 3010 982 3070 firarant
995 3010 1114 3070 Aeneae
1127 3012 1206 3070 trao-

185 3106 283 3180 tatus,
311 3121 348 3161 nc
371 3102 516 3177 exparte
539 3099 633 3159 Turni
655 3099 719 3159 doli
741 3119 776 3159 ae
798 3099 913 3160 fraudis
941 3099 1053 3175 periret
1081 3100 1253 3160 occasione

261 3316 276 3365 ‘1
299 3309 458 3365 umbrorum
481 3324 550 3377 quoe
571 3306 762 3375 fundebantur
785 3305 829 3359 ed.
903 3306 1110 3374 epareoaetV
1127 3324 1208 3376 prae·

188 3384 288 3439 debunt
304 3380 348 3436 ed.
376 3380 380 3452 l
406 3378 543 3435 aienntV
561 3394 631 3432 corr.
650 3378 695 3431 ed.
723 3377 727 3449 l
754 3394 868 3447 coepere
885 3379 911 3431 ei
928 3379 1014 3432 celeret
1029 3377 1056 3431 V
1074 3394 1144 3431 corr.
1163 3378 1207 3432 ed.

191 3460 224 3509 10
249 3454 375 3522 saucium
399 3468 453 3506 om.
477 3451 521 3506 ed.
599 3455 632 3503 11
655 3450 727 3504 idem
748 3447 774 3502 V
796 3449 827 3503 id
850 3454 888 3503 est
913 3465 982 3502 corr.
1002 3448 1045 3503 ed.
1125 3455 1157 3502 12
1183 3456 1210 3504 et

189 3527 307 3596 menete
323 3522 409 3593 paulo
427 3523 546 3578 inferius
563 3524 639 3576 recte
657 3523 690 3575 in
706 3537 747 3590 ep.
761 3518 795 3575 V.
870 3526 902 3573 16
917 3526 1006 3589 potest
1018 3519 1044 3573 V
1058 3520 1101 3574 ed.
1118 3528 1211 3590 posset

190 3598 498 3726 ἓεοιιβὸαξιὶοιῆωξιᾶθὲιῗιιῡ
521 3598 593 3720 edu
621 3592 791 3719 mtegram
807 3589 1021 3718 vvelcVorliltgdiem
1039 3597 1214 3719 ocignciirireel

185 3743 277 3800 altera
295 3739 339 3799 ed.
414 3744 449 3796 26
467 3738 545 3795 addc
558 3736 585 3791 V
603 3752 673 3791 corr.
693 3734 738 3790 ed.
