2725 4150
202 339 267 404 468
485 334 626 390 DONATI
642 334 812 390 INTERPR.
827 333 936 390 Visos.

201 506 298 565 multa
325 505 479 581 multaque
507 503 674 579 mandasti,
698 502 773 562 adde
801 522 909 579 unum,
937 504 1018 581 quod
1039 506 1142 582 potest
1165 505 1232 566 foe·

202 596 307 654 derum
336 595 525 654 sacramenta
550 593 677 653 firmare.
725 593 869 669 quoniam
894 612 1039 672 magnum
1061 594 1122 653 fuit
1145 595 1233 671 quod

201 684 355 744 nitebatur
381 683 510 759 efficere,
537 685 574 742 ut
600 681 780 742 facilitatem
806 682 988 758 ostenderet,
1017 703 1112 743 unum
1140 683 1233 760 dixit,

201 777 237 833 ut
259 794 295 832 ex
318 773 488 851 quantitate
511 772 629 831 numeri
651 770 823 831 extenuatio
846 774 1032 847 nasceretur,
1060 771 1150 849 quasi
1176 793 1234 836 neo

202 863 323 924 difficile
346 881 400 923 neo
423 881 527 940 grave,
556 860 608 920 sed
635 879 731 919 unum
754 859 865 921 diceret
888 880 952 923 esse
974 861 1156 922 faciendum
1203 865 1235 923 et
1262 878 1275 920 e

201 971 305 1013 revera
327 972 421 1012 unum
442 952 514 1026 fuit,
543 949 594 1010 sed
618 950 783 1010 maximum
808 951 839 1010 et
866 949 948 1028 quod
968 969 1088 1011 omnem
1111 953 1235 1031 negotii

202 1042 402 1103 substantiam
420 1040 594 1100 contineret.
630 1058 685 1098 nee
700 1041 731 1099 te
748 1039 840 1100 ullius
858 1040 1003 1101 violentia
1016 1040 1133 1101 meet:
1157 1043 1233 1120 sup·

201 1150 303 1207 presso
331 1131 450 1190 nomine
474 1130 610 1188 Turnum
635 1127 752 1206 tetigit,
783 1130 837 1206 qui
862 1130 896 1189 in
923 1149 957 1188 so
988 1129 1070 1206 qnod
1092 1129 1233 1193 Drances

140 1235 191 1283 355
202 1222 301 1278 fuerat
320 1221 514 1297 suggesturus
530 1219 652 1295 poteret
663 1217 754 1278 laedi.
776 1219 848 1292 quio
859 1219 983 1294 poetam
997 1220 1109 1294 eprepio
1120 1237 1234 1294 genero

202 1310 354 1382 dipnisqoe
372 1308 539 1382 hymenaeis
558 1308 608 1366 des
622 1311 710 1381 poter
728 1310 755 1365 et
763 1325 868 1381 paoem
885 1309 962 1368 bono
980 1309 1234 1383 erumperem
1251 1327 1275 1367 ro

201 1398 324 1471 iungas:
346 1397 412 1457 leus
435 1397 526 1456 unius
544 1395 626 1455 dieta
644 1399 690 1456 est
708 1398 739 1455 et
756 1396 788 1456 in
807 1417 843 1456 eu
861 1397 984 1458 alterius
1003 1393 1128 1474 oblique
1146 1400 1233 1460 vitu-

201 1487 333 1563 peratio,
356 1505 423 1545 oum
438 1487 519 1545 enim
533 1485 672 1563 egregius
692 1484 803 1544 dieitur
822 1487 870 1544 oui
887 1505 1013 1546 munere
1025 1485 1235 1549 mittebantur

202 1577 232 1635 et
260 1575 411 1635 adfinitati
432 1573 536 1634 Latini
562 1574 651 1653 digne
679 1573 871 1649 conveniens,
902 1577 980 1636 alter
1005 1594 1059 1636 nee
1087 1577 1234 1656 egregius

202 1663 354 1724 iudicatus
373 1665 419 1724 est
442 1666 472 1722 et
494 1665 594 1723 minus
619 1663 798 1724 conveniens
817 1665 871 1739 qui
888 1667 967 1742 regis
984 1664 1078 1724 filiam
1097 1665 1232 1728 duceret

202 1753 321 1813 dicebat
339 1756 440 1814 autem
458 1753 630 1830 plenissime
647 1752 735 1812 rebus
754 1752 883 1828 publicis
902 1755 1108 1830 profuturum,
1127 1755 1155 1815 si
1174 1757 1233 1818 hoo
1249 1774 1273 1816 rs

202 1844 299 1920 fieret,
319 1844 435 1902 remota
454 1861 545 1902 eausa
563 1841 696 1902 bellandi
714 1860 818 1918 paoem
837 1842 927 1919 plena
946 1845 1127 1904 aeternitate
1143 1864 1233 1906 man·

203 1951 312 1992 aurem.
349 1933 462 2008 petris,
484 1931 599 2008 inquit,
623 1931 757 1991 officium
780 1933 838 2007 est,
861 1932 910 1992 vel
932 1933 1059 1992 maxime
1081 1932 1116 1992 in
1137 1952 1233 1996 eausa

203 2021 421 2084 coniunctionis
445 2021 538 2100 filiae,
560 2020 716 2099 providere
736 2020 810 2098 quid
829 2020 870 2081 sit
891 2021 924 2081 in
944 2024 1051 2083 ceteris
1069 2023 1182 2087 melius
1201 2028 1233 2086 et

202 2112 378 2189 perpensius
401 2112 566 2187 petitorum
588 2111 719 2190 deligere
748 2110 926 2189 digniorem,
956 2132 1011 2172 nee
1038 2115 1121 2173 errat
1148 2114 1232 2191 quis·

204 2201 270 2278 quis
300 2203 357 2260 hoo
385 2202 502 2276 feeerit3
529 2201 561 2259 in
588 2202 714 2276 paterno
738 2200 849 2277 quippe
873 2203 991 2278 pectore
1015 2201 1148 2279 primum
1173 2204 1234 2266 sibi
1248 2221 1272 2262 so

202 2292 302 2350 locum
315 2290 479 2350 liberorum
493 2289 580 2350 debet
593 2288 690 2365 pietas
709 2290 869 2350 vindicare.
903 2291 1007 2363 quodsi
1025 2295 1126 2351 tantus
1143 2293 1234 2354 babet

202 2384 310 2439 mentes
333 2385 360 2439 et
377 2384 497 2453 pectora
519 2383 619 2447 terror,
647 2378 746 2452 ipsum
768 2381 940 2439 obtestemur
966 2381 1140 2453 ueniamque
1168 2400 1234 2443 ore-

202 2488 269 2528 mus
292 2471 330 2528 ob
352 2471 432 2544 ipso:
454 2468 533 2528 redit
556 2468 594 2527 ad
611 2466 793 2528 invidiosam
811 2469 986 2529 dictionem:
1010 2470 1064 2529 aut
1085 2471 1114 2529 si
1131 2473 1232 2550 tanto,

202 2558 317 2634 inquit,
348 2558 485 2619 ducimur
514 2559 598 2617 metu
626 2559 773 2635 tantaque
802 2558 835 2617 in
864 2558 950 2618 nobis
973 2558 1068 2618 Turni
1097 2559 1232 2623 formido

204 2650 263 2722 est,
292 2648 391 2724 ipsum
421 2664 560 2726 rogemus
591 2647 623 2705 eb
652 2646 690 2706 ab
719 2647 785 2723 ipso
809 2647 1000 2725 deprecemur
1024 2648 1105 2725 quod
1128 2653 1234 2727 potest
1249 2665 1272 2708 ss

204 2736 361 2813 provenire
384 2739 500 2813 perte.
545 2735 620 2795 dioit
643 2737 792 2811 quomodo
819 2738 852 2795 id
875 2738 995 2797 Turnus
1023 2737 1120 2815 possit
1141 2759 1233 2817 prae·

204 2828 298 2885 sture:
330 2828 413 2886 cedat
438 2825 551 2903 inquit:
579 2824 680 2884 sedere
709 2828 755 2886 est
782 2826 880 2885 locum
907 2827 977 2886 dere
1003 2826 1130 2887 meliori
1181 2831 1233 2891 sue

198 2916 357 2989 proprium
383 2916 446 2990 regi
467 2915 641 2989 patriaeque
669 2916 810 2974 remittat:
840 2918 871 2975 et
896 2917 1032 2993 patiatur
1060 2936 1161 2995 regem
1196 2939 1232 2980 ae

204 3007 321 3081 patrem
344 3003 391 3064 uti
408 3004 473 3063 iure
492 3022 546 3064 suo
565 3005 596 3062 et
618 3004 700 3064 sinet
717 3004 839 3082 propria
858 3005 997 3065 libertate
1017 3006 1140 3067 definire
1160 3011 1232 3069 uni·

204 3112 305 3155 versos
320 3113 355 3154 ee
369 3093 454 3170 sequi
468 3093 547 3170 quod
561 3092 621 3154 sibi
634 3092 822 3153 commodum
839 3096 998 3154 tractando
1014 3098 1231 3172 perspexerint.
1249 3112 1273 3153 so

143 3197 195 3248 360
205 3184 276 3259 quid
293 3185 414 3244 miseros
432 3184 534 3243 wtiens
551 3183 584 3242 in
602 3187 706 3257 aperto
719 3184 855 3257 periculo
874 3185 945 3243 civis
959 3186 1083 3258 proicis,
1102 3202 1118 3244 o
1138 3185 1232 3249 Latio

278 3378 294 3426 2
325 3389 408 3442 poem
438 3388 569 3441 magnum
600 3371 687 3437 fuerit
717 3371 761 3426 ed.
849 3376 882 3425 18
910 3388 959 3427 nee
981 3371 1007 3425 V
1034 3374 1126 3428 minus
1154 3374 1230 3431 eur.

207 3448 240 3497 18
264 3444 380 3511 quodsi
399 3442 425 3496 V
446 3442 489 3497 ed.
513 3442 581 3511 quid
602 3443 639 3497 sit
660 3458 719 3496 nos.
798 3447 831 3496 19
853 3445 997 3512 perpensis
1017 3443 1043 3497 V
1063 3460 1133 3499 oorr.
1155 3447 1202 3501 ad.

201 3515 360 3583 peditomm
373 3514 399 3568 V
417 3515 498 3569 sciret
515 3513 559 3569 ed.
580 3514 583 3585 t
604 3530 654 3568 nec
667 3513 693 3566 V
711 3530 768 3569 oon
786 3514 829 3570 ed.
852 3515 854 3584 t
876 3514 974 3570 eratV
989 3515 1031 3569 ed.
1051 3521 1127 3572 errat
1139 3532 1203 3573 nos.

199 3585 376 3658 quisqete‘eV
400 3587 449 3657 qui
474 3585 518 3640 ed.
591 3590 625 3638 st
651 3586 744 3654 inquit
770 3602 824 3640 om.
848 3584 892 3639 ed.
965 3591 999 3640 28
1022 3589 1170 3657 patrioque
1194 3589 1231 3647 V.

193 3666 233 3717 29
251 3663 404 3721 uniemur
420 3658 443 3717 V
462 3676 513 3718 ·so
531 3656 575 3715 ed.
594 3673 653 3714 ooo
669 3673 732 3712 nos.
797 3662 830 3712 80
848 3660 1035 3725 perpererat
1048 3658 1074 3712 V
1092 3661 1151 3715 -aeit
1168 3661 1231 3719 ed.=

185 3752 260 3813 ergo
279 3756 342 3798 non
361 3735 574 3813 suspicandum
593 3734 638 3792 est
652 3730 730 3788 iton.
747 3726 1009 3801 putriquebeg'uee.
