2725 4150
200 343 266 409 516
482 339 623 395 norem
642 307 812 396 musaea
826 340 936 395 vaae.

202 509 293 570 fuisse
320 509 460 585 bellanti,
487 529 524 569 ne
552 512 751 587 exponeretur
773 509 902 570 Camilla
929 508 966 569 de
994 508 1099 585 maiis,
1126 508 1156 568 si
1182 510 1228 569 in·

201 620 289 677 pares
312 602 412 659 essent
432 599 465 658 in
488 618 580 658 causa
602 601 813 673 certaminum,
840 601 894 659 aut
920 598 988 676 ipsa
1015 617 1094 676 quae
1121 598 1228 661 lauda·

201 688 291 749 batur
322 692 401 749 esset
430 688 568 763 inferior,
605 690 632 748 si
667 689 879 748 exercitatione
914 688 987 747 illae
1022 689 1228 765 praestarent3

202 782 304 838 tamen
332 779 466 855 ipsarum
495 777 666 855 praesentia
695 797 756 836 non
784 797 881 837 vacua
909 777 982 851 fixit,
1009 775 1173 853 quoniam,
1194 779 1229 837 ut

202 866 317 926 dictum
335 869 390 942 est,
408 868 575 927 ministerio
593 866 743 927 iuvabant
756 886 907 944 operaque
920 866 1093 926 bellantem.
1125 867 1228 940 quake
1253 882 1264 923 s

141 957 354 1019 caesaraeae
389 974 455 1015 eam
490 958 617 1028 flamina
650 957 888 1016 lbermodooatis
919 956 1045 1030 pateant
1080 959 1108 1014 et
1138 958 1229 1030 pictis

203 1047 350 1106 bellantur
371 1043 540 1106 Amazones
563 1047 668 1114 armis,
693 1062 747 1104 seu
765 1047 875 1105 circum
891 1045 1072 1119 Hippolyten
1090 1061 1146 1104 seu
1164 1063 1229 1105 uem

202 1154 234 1195 se
264 1136 383 1195 Martia
420 1153 511 1195 merres
545 1135 730 1194 Penthesilea
771 1137 862 1208 refert
895 1151 1058 1209 caepasque
1094 1135 1228 1194 munte

203 1225 329 1284 turnultus
350 1225 479 1298 feninea
502 1225 633 1283 multam
655 1225 766 1283 anese
789 1226 911 1299 amena
932 1224 1036 1298 peltis:
1061 1223 1159 1299 tales,
1185 1225 1228 1283 in·

204 1314 284 1390 quit,
315 1314 504 1391 apparebant
532 1313 640 1373 Italiae
662 1314 796 1391 virgines
826 1313 930 1391 quales
960 1314 1031 1372 sunt
1059 1312 1227 1374 Amazones
1243 1330 1263 1370 ιο

204 1421 309 1478 verae,
332 1422 401 1463 oum
423 1403 541 1480 aliquos
563 1404 688 1480 pulsant
709 1402 789 1462 bello
813 1406 867 1462 aut
888 1404 973 1480 ipsae
995 1402 1161 1478 pulsantur
1178 1404 1230 1463 aut

205 1512 273 1552 oum
300 1511 331 1553 se
358 1495 429 1569 post
450 1492 609 1552 victoriam
636 1493 729 1551 refert
750 1492 940 1552 Penthesilea
967 1510 1056 1550 curru
1083 1495 1175 1553 vecta
1199 1494 1229 1553 st

205 1581 370 1641 ululatibus
393 1583 481 1642 laetis
504 1584 689 1658 superiorem
707 1600 738 1641 se
756 1581 849 1658 plena
866 1581 1071 1659 gratulatione
1089 1583 1227 1642 testatur.

144 1684 290 1744 torquem
311 1671 365 1729 telo
384 1672 529 1745 primeca,
553 1688 637 1746 paean
655 1675 849 1744 pestremmn,
873 1688 981 1744 aspera
1003 1671 1099 1744 sirpo,
1119 1671 1225 1731 dees?

206 1764 258 1820 cat
287 1764 356 1833 quot
382 1761 465 1818 buoni
493 1761 649 1819 peameca
678 1778 801 1833 corpora
830 1761 954 1833 fwedts?
999 1759 1139 1819 confecta
1162 1778 1224 1820 con-
1242 1776 1266 1818 rs

206 1851 364 1927 paratione
399 1849 479 1909 redit
514 1849 553 1908 ad
591 1848 752 1910 Camillam
784 1848 936 1908 admirans
967 1849 1000 1906 in
1033 1867 1069 1908 ea
1100 1847 1230 1911 feriendi

206 1939 389 1999 celeritatem
411 1941 442 1998 et
464 1939 599 1998 fusorem
618 1938 870 1998 inaestimabilem
887 1956 1056 2014 numerum3
1079 1938 1154 1998 nam
1172 1938 1229 1998 dis·

207 2029 288 2089 cerni
310 2047 370 2088 non
393 2030 512 2106 poterat
534 2048 623 2106 quem
646 2027 744 2105 primo
767 2028 847 2104 loeo,
871 2046 960 2105 quem
978 2028 1131 2105 postremo
1150 2046 1229 2090 mac·

206 2119 313 2195 tasset3
343 2121 430 2179 tanta
460 2118 571 2195 quippe
600 2118 758 2197 pugnandi
787 2136 835 2177 ars
866 2119 897 2175 et
926 2118 1062 2177 celeritas
1092 2117 1167 2193 fuit,
1196 2120 1232 2179 ut

207 2227 303 2285 neque
335 2208 407 2266 ordo
436 2228 534 2284 neque
566 2226 707 2268 numerus
741 2207 905 2267 occisorum
941 2206 1001 2266 dici
1037 2210 1142 2283 posset
1178 2209 1232 2268 aut
1247 2225 1271 2266 rc

208 2296 318 2375 colligi.
352 2299 406 2356 aut
424 2300 498 2373 quot
515 2298 600 2356 humi
613 2299 775 2357 morientia
789 2315 914 2372 corpora
928 2295 1050 2355 fundis?
1069 2296 1233 2357 morientia

209 2386 295 2461 dixit,
317 2404 378 2444 non
399 2388 529 2460 mortua,
552 2388 587 2445 ut
609 2386 779 2446 ostenderet
796 2388 915 2445 tantam
933 2386 1026 2445 fuisse
1046 2385 1234 2446 celeritatem

209 2474 324 2550 caedis,
346 2477 383 2534 ut
404 2476 555 2535 innumeri
577 2477 677 2535 essent
699 2477 759 2536 fusi
786 2494 840 2535 nec
866 2478 968 2534 tamen
996 2474 1095 2534 adhuc
1118 2475 1232 2553 aliquis

209 2563 341 2623 animam
362 2563 550 2624 reddidisset.
580 2564 740 2624 Eandem
765 2563 856 2639 Clytio
875 2566 1009 2637 primeca
1020 2568 1122 2637 patre,
1147 2566 1235 2624 outae

209 2657 343 2729 apertum
362 2654 480 2713 adversi
498 2654 585 2728 berapc
603 2655 822 2714 transverberat
839 2654 931 2712 abiete
944 2658 1061 2727 pectas:
1079 2672 1150 2712 oum
1167 2654 1273 2730 ipsese

208 2741 361 2803 laudantis
391 2742 493 2803 studio
523 2742 648 2803 dixisset
677 2743 806 2803 discerni
837 2762 897 2801 non
929 2760 1016 2819 posse
1048 2761 1138 2818 quem
1169 2744 1234 2804 telo

209 2834 352 2909 primum,
389 2852 479 2910 quem
514 2835 698 2909 postremum
730 2831 858 2892 Camilla
895 2830 1039 2891 dimicans
1076 2830 1236 2892 deiecisset

211 2923 383 2999 quantaque
406 2920 598 2981 morientium
617 2941 743 2998 corpora
760 2920 941 2998 reliquisset,
959 2941 996 2979 ne
1015 2922 1080 2996 ipss
1099 2920 1158 2981 sibi
1175 2922 1236 2983 hoo

211 3031 318 3089 genere
347 3010 498 3071 videretur
526 3010 669 3071 indixisse
700 3012 854 3071 silentium
884 3013 938 3070 aut
969 3011 1001 3069 in
1033 3012 1235 3088 generalitate

212 3100 356 3161 Camillae
378 3101 490 3179 glorias
513 3099 671 3175 minuisse,
693 3101 794 3179 tangit
812 3099 982 3176 specialiter
1001 3099 1036 3159 de
1055 3099 1235 3161 fortioribus
1253 3119 1277 3160 a

212 3190 344 3267 aliquos,
366 3193 402 3250 ut
424 3209 459 3249 ex
481 3189 556 3267 ipsis
580 3192 726 3267 appareat
749 3188 899 3267 quomodo
923 3189 1013 3248 ceteri
1030 3188 1144 3248 fixerint
1162 3189 1236 3250 fusi.

211 3280 321 3355 primo,
340 3280 449 3355 inquit,
468 3279 625 3338 Eunaeum
644 3278 754 3340 stravit
773 3299 788 3337 e
809 3278 908 3355 Clytio
927 3280 1012 3355 patre
1030 3278 1236 3358 progenitum,

212 3368 296 3428 ouius
320 3371 457 3445 apertum
480 3367 598 3428 adversi
625 3368 717 3446 longa
743 3367 967 3428 transverberat
993 3366 1090 3427 abiete
1118 3370 1235 3444 peetus.

284 3592 488 3662 epaontomV
506 3609 589 3661 praem
607 3593 651 3647 ed.
726 3592 872 3648 seratas
895 3589 938 3645 ed.
1017 3595 1050 3644 10
1074 3592 1165 3646 Italae
1189 3594 1235 3649 ed.

209 3663 506 3806 ssgsrgtigfiympsgtded.
525 3665 567 3722 ait
584 3663 626 3718 ed.
646 3665 719 3733 poet.
799 3667 831 3716 17
855 3662 1003 3729 effusorum
1021 3661 1047 3716 V
1065 3668 1090 3717 et
1107 3662 1237 3731 farm
