2725 4150
538 287 780 344 aarumosxr
1101 291 1168 359 455

151 459 190 516 ad
213 455 367 532 Aenean“‚
390 476 449 533 quo
472 458 538 517 loco
562 459 593 516 et
614 476 737 535 precum
760 457 855 534 partis
878 457 999 518 videtur
1020 455 1168 536 tetigiss03

150 565 274 605 munera
292 546 371 605 enim
389 548 453 606 sine
472 545 608 623 precibus
622 547 723 607 offerri
740 566 801 606 non
819 548 952 623 possunt.
985 550 1012 605 ct
1028 564 1169 621 responsu

150 637 239 695 cimici
257 654 332 709 quae
349 636 421 705 sint,
440 653 492 694 ros
510 636 627 710 optimc,
646 637 724 712 repis
742 636 854 695 sudati
871 639 897 695 et
915 636 1231 710 maestosuocuo

151 726 294 786 sententia
323 725 410 784 betto:
441 725 532 784 simul
560 726 726 785 necessarie
755 725 874 803 posuit3
903 744 963 784 non
995 725 1075 784 enim
1105 726 1170 785 sola

119 829 293 889 oresponsa
315 815 481 874 rettulerat
528 813 605 874 dixit
627 812 706 874 enim
728 815 846 874 labores
872 813 989 875 itineris
1012 817 1169 892 superatos

151 906 181 963 et
203 905 301 962 cetera
324 923 400 980 quae
424 901 560 980 superius
583 903 664 964 dicta
691 906 762 963 sunt
792 905 823 963 et
845 923 922 981 quae
946 905 1024 964 esset
1046 903 1110 964 eius
1133 903 1170 964 de

151 993 228 1053 bello
251 994 408 1053 sententia.
454 993 603 1052 sententia
629 995 676 1053 est
703 1011 764 1071 qua
787 993 939 1071 profertur
966 992 1111 1071 quioquid
1134 991 1170 1052 de

150 1101 332 1159 unaquaque
355 1101 386 1141 re
409 1081 555 1142 sentimus
578 1084 609 1140 et
630 1083 870 1159 pronuntiamus.
908 1101 972 1142 ecoe
995 1087 1110 1161 quanta
1134 1083 1169 1142 de

150 1171 269 1230 Aeneae
292 1171 454 1231 virtutibus
472 1172 648 1231 laudantur:
672 1172 766 1232 animi
788 1173 850 1231 eius
863 1172 943 1232 bona
956 1173 1121 1233 laudantur
1139 1175 1170 1233 et

106 1277 132 1316 ιο
150 1259 283 1336 corporis
311 1262 343 1319 et
364 1261 487 1319 fortuna
509 1262 681 1340 prosperior
707 1262 798 1321 etiam
824 1261 862 1320 ab
884 1263 971 1322 hoste
992 1262 1170 1340 praefertur,

150 1350 277 1426 denique
300 1351 332 1408 in
355 1349 460 1410 alienis
483 1349 571 1410 terris
593 1351 695 1428 potior
716 1349 875 1411 invenitur.
916 1349 1056 1411 turbatur
1077 1351 1170 1411 Italia

149 1442 179 1498 et
197 1441 299 1516 potius
319 1441 473 1499 contracta
491 1438 670 1500 coniuratio:
691 1440 848 1500 Diomedes
867 1458 928 1499 non
946 1439 1038 1499 audet
1055 1440 1169 1499 auxilia

148 1529 255 1606 largiri
286 1529 427 1588 adversus
454 1527 555 1605 ipsum
582 1531 613 1588 et
638 1528 750 1588 ubido
778 1527 906 1589 victoria
937 1547 993 1589 sua
1022 1530 1170 1607 gratulari

149 1618 253 1677 debuit
275 1637 386 1696 poenas
409 1637 440 1678 se
464 1637 499 1677 ac
517 1636 587 1678 suos
607 1617 723 1678 dedisse
740 1621 872 1678 testatus
889 1622 948 1694 est,
971 1617 1077 1677 suadet
1096 1636 1168 1694 quo·

105 1726 130 1766 15
150 1728 208 1784 que
227 1707 417 1768 concordiam
435 1709 466 1766 et
483 1708 515 1766 in
534 1707 633 1767 alieno
648 1708 780 1785 periculo
804 1707 961 1768 consilium
980 1709 1084 1767 contra
1098 1706 1169 1766 dare

149 1796 304 1873 formidat3
327 1798 359 1856 in
378 1798 442 1856 eius
460 1815 551 1857 causa
569 1796 661 1857 etiam
679 1797 759 1857 dona
776 1794 940 1858 vincuntur
957 1799 988 1856 et
1002 1795 1069 1856 auri
1086 1797 1168 1873 cupi·

149 1887 227 1945 ditas
250 1887 395 1946 temnitur
417 1887 470 1945 aut
488 1904 559 1946 sano
582 1887 787 1964 postponitur,
811 1905 870 1962 quo
893 1886 979 1962 fides,
1008 1906 1067 1964 quo
1093 1887 1169 1946 solet

149 1976 244 2035 omnis
268 1977 360 2034 etiam
382 1975 570 2034 necessitudo
598 1975 762 2052 corrumpi3
795 1975 899 2036 laudea
927 1977 1021 2036 animi
1051 1976 1114 2037 eius
1138 1978 1169 2036 et

149 2065 280 2141 corporis
304 2065 497 2142 prosequitur
518 2065 659 2126 inimicus
681 2067 713 2126 et
734 2065 848 2125 fatetur
869 2069 983 2127 metum
1006 2067 1059 2143 qui
1080 2068 1168 2145 puta·

103 2175 130 2214 so
147 2155 237 2213 batur
259 2156 393 2214 extitisse
416 2155 560 2233 superior.
599 2154 796 2233 praeponitur
819 2155 942 2215 deorum
964 2158 996 2215 et
1017 2156 1116 2215 Fauni
1139 2160 1169 2216 et

148 2243 250 2303 Latini
268 2243 378 2303 iudicio
397 2245 513 2304 cunctis
526 2243 723 2322 petitionibus
738 2263 828 2324 gener
842 2247 873 2304 et
886 2246 1038 2321 praelatus
1052 2245 1167 2305 civibus

148 2334 263 2392 cunctis
286 2334 351 2409 ipse
374 2333 495 2412 dignior
514 2333 675 2394 iudicatur.
720 2334 845 2395 Iunonis
870 2333 939 2393 odia
961 2334 1080 2394 devicta
1103 2352 1167 2393 suc·

148 2422 293 2481 cumbunt
310 2422 509 2500 factionisque
528 2422 592 2483 eius
611 2426 779 2483 commenta
799 2424 969 2499 solvuntur,
993 2417 1096 2502 [nihil]
1120 2442 1167 2481 ex-

148 2513 275 2571 citatum
301 2511 333 2570 in
361 2512 425 2571 eius
452 2512 613 2589 perniciem
639 2531 736 2588 mare,
763 2512 841 2571 nihil
870 2515 1051 2573 commotum
1080 2530 1168 2590 saepe

102 2601 245 2659 revaluit
272 2601 389 2661 caelum
416 2621 469 2662 nec
499 2603 616 2679 profuit
646 2602 684 2661 ab
716 2602 821 2661 inferis
849 2604 1004 2663 evocatum
1030 2601 1169 2661 Furiam:

148 2693 251 2749 contra
275 2692 376 2750 omnia
399 2690 531 2750 obtinuit
553 2691 681 2751 felicitas
704 2690 771 2752 viri.
810 2693 842 2749 et
863 2692 971 2751 virtuti
994 2691 1056 2751 eius
1080 2692 1169 2751 cessit

148 2779 201 2854 qui
224 2781 379 2856 superarit
395 2780 489 2839 Ilium
511 2782 542 2839 et
563 2799 625 2839 non
647 2782 711 2840 tam
734 2779 892 2839 victoriam
915 2781 1001 2841 sein
1024 2798 1058 2839 eo
1078 2798 1168 2857 quae·

147 2870 233 2942 sisse,
257 2870 309 2928 sed
326 2869 482 2945 piaculum
500 2870 656 2929 admisisse
673 2870 803 2928 testatus
822 2873 875 2929 est.
906 2871 980 2929 haec
997 2870 1057 2928 loci
1077 2886 1168 2928 causa

147 2958 228 3017 dicta
251 2960 334 3034 sunt,
358 2961 488 3018 ceterum
505 2979 559 3035 per
577 2958 673 3018 omnis
687 2957 780 3019 libros
795 2977 887 3034 quam
900 2960 1057 3018 materiam
1076 2956 1168 3035 scrip·

101 3063 128 3102 so
147 3049 187 3106 sit
210 3050 301 3123 poeta
323 3038 475 3108 evidenter
494 3047 636 3107 ostendit:
659 3041 759 3107 totum
780 3047 860 3107 enim
878 3066 1010 3124 carmen,
1032 3049 1068 3107 ut
1089 3046 1168 3107 inter

219 3259 234 3305 2
261 3254 333 3307 cuim
351 3251 378 3306 V
402 3271 422 3308 e.
446 3253 606 3308 huiusmodi
631 3253 675 3308 ed.
758 3258 774 3307 3
799 3261 866 3309 suut
889 3253 933 3308 ed.
963 3253 967 3326 Α
999 3270 1095 3324 repom
1123 3252 1166 3308 ed.

146 3331 163 3378 4
181 3324 389 3379 neceesariacV
408 3326 467 3380 ·rio
485 3324 529 3378 ed.
603 3330 618 3379 ‘1
634 3325 788 3394 profcmtur
806 3325 839 3381 V.
913 3330 947 3379 10
961 3328 1105 3395 profertur
1123 3325 1166 3379 ed.

147 3402 181 3448 14
196 3412 302 3462 poenos
319 3412 353 3450 oc
365 3395 435 3465 Vp.
455 3412 483 3450 ae
500 3412 534 3450 ac
551 3412 603 3450 nos
621 3413 655 3451 ac
673 3396 729 3451 del.
743 3395 786 3452 ed.
861 3402 894 3451 io
914 3398 1064 3452 momatur
1081 3395 1108 3448 V
1126 3413 1167 3451 re-

145 3473 273 3521 nuuntur
290 3466 334 3521 ed.
408 3473 441 3521 17
460 3469 643 3523 contemnitur
660 3467 704 3523 ed.
732 3467 736 3540 Α
766 3470 866 3523 ausoui
880 3468 1098 3537 postponiturV
1117 3473 1168 3523 aut

145 3555 212 3592 saue
230 3555 256 3606 p.
276 3555 327 3592 nos
348 3554 401 3593 om.
421 3538 464 3593 ed.
539 3544 572 3593 22
591 3539 732 3595 iudicatus
750 3538 793 3593 ed.
867 3545 902 3593 ‘tt
921 3538 1112 3595 cassamus
1133 3538 1187 3584 ab.

145 3609 218 3663 nihil
241 3609 367 3677 praefixi.
440 3614 474 3664 25
498 3618 659 3669 reuocatam*
681 3610 729 3669 ed.
806 3617 842 3667 ‘t‘t
869 3617 936 3666 iou
950 3609 978 3663 V
1009 3611 1133 3660 murore
1158 3598 1211 3645 ao.

142 3686 177 3732 29
193 3682 334 3748 seriose&
351 3680 394 3737 ed.
