2725 4150
562 347 746 402 AENEIDOS
764 347 789 402 X
1119 350 1183 415 307

169 520 247 591 cupit
269 518 418 577 discordia
439 519 541 589 tuem,
565 533 640 588 quoe
658 517 760 589 cuique
778 520 820 575 est
835 517 958 589 fortuuo
975 516 1072 580 leodio,
1097 535 1186 590 quom

169 610 289 681 quisque
311 611 390 666 secat
411 624 504 679 spuu,
529 607 604 664 Tros
626 606 794 664 Rutulusne
820 607 888 679 fuat
911 606 992 664 uulle
1018 605 1186 664 diacriuiue

168 698 290 765 iubebo,
324 713 377 754 seu
409 696 482 768 fotis
510 695 624 754 Italum
657 699 756 754 castro
780 695 935 761 ,obsidioue
963 697 1095 753 teueutur
1126 695 1187 752 siue
1197 707 1248 757 110

170 803 266 845 errore
287 787 366 844 molo
391 785 497 843 Troiae
513 786 687 857 monitisque
709 785 851 853 sinistris,
875 801 927 843 uec
949 784 1076 842 Rutulos
1098 783 1185 852 solvo,

138 897 151 937 s
170 894 226 934 suo
249 876 351 947 cuique
372 891 476 933 euerso
498 873 626 933 laborem
638 875 845 947 fortunamque
862 873 968 945 fueut,
987 889 1039 931 reu
1052 872 1188 946 Iuppiter

170 965 305 1023 omuibus
331 964 421 1032 ideru
451 966 518 1038 soto
543 964 625 1022 oium
647 963 808 1021 iuoeuieut:
835 963 972 1037 Iuppiter
995 981 1062 1020 cum
1086 960 1188 1020 studio

170 1053 302 1130 partium
331 1053 421 1129 plena
448 1052 618 1112 constantia
645 1051 749 1111 sedare
776 1070 836 1110 non
865 1053 979 1128 posset,
1010 1051 1189 1111 sententium

170 1162 225 1218 pro
250 1143 345 1201 altera
367 1142 466 1201 noluit
488 1141 577 1216 ferre,
600 1142 653 1200 sed
675 1143 819 1218 utresque
842 1140 885 1200 sic
908 1140 1036 1216 dimisit,
1054 1143 1089 1199 ut
1106 1141 1189 1199 nulla
1279 1167 1282 1171 ·

172 1232 307 1308 superior
338 1230 524 1305 abscederet,
556 1248 591 1290 eo
623 1231 763 1290 videlicet
795 1248 898 1304 causa,
936 1234 970 1288 ut
1005 1249 1059 1290 nec
1095 1230 1188 1288 filiam

125 1343 153 1382 ro
171 1322 303 1380 laederet
331 1339 386 1380 nec
415 1340 545 1380 uxorem.
598 1321 731 1396 quando,
763 1319 875 1395 inquit,
907 1322 1008 1379 uestro
1040 1319 1189 1378 discordia

171 1411 263 1470 nullis
287 1409 424 1469 concludi
446 1409 581 1468 terminis
604 1412 718 1485 potest,
742 1409 862 1468 dimitto
890 1409 962 1468 fetis
990 1410 1021 1467 et
1043 1408 1189 1468 Troianos
1240 1462 1242 1466 .

172 1503 204 1559 et
224 1499 367 1558 Rutulos:
391 1499 506 1558 dabunt
526 1498 582 1557 illa
605 1499 653 1558 oui
675 1498 828 1559 voluerint
846 1500 877 1556 et
896 1515 986 1573 quam
1006 1497 1190 1556 decreverint

172 1590 262 1648 viem.
311 1591 383 1647 tunc
412 1587 589 1663 probabitur
623 1588 692 1665 quis
726 1587 835 1646 fiducia
867 1588 987 1646 meliore
1020 1587 1190 1660 contendat,

173 1680 261 1742 erunt
283 1678 365 1753 apud
387 1697 434 1736 me
457 1696 558 1736 omnes
578 1679 731 1753 aequales,
751 1676 870 1736 docebit
887 1678 985 1735 exitus
1004 1696 1104 1735 rerum
1122 1677 1189 1752 quis

126 1786 154 1827 ro
172 1769 305 1826 fatorum
327 1767 495 1841 voluntate,
519 1768 588 1843 quis
616 1766 758 1826 audaciae
785 1765 955 1825 temeritate
982 1765 1112 1824 nitatur:
1139 1784 1191 1824 rex

172 1857 310 1932 Iuppiter
339 1856 475 1915 omnibus
503 1856 591 1915 idem.
636 1855 730 1931 Styqii
754 1873 810 1929 per
838 1856 965 1926 fhuuiuo
991 1856 1109 1928 fratris,
1136 1872 1192 1930 per

171 1947 235 2018 pice
257 1947 392 2004 torreutis
415 1949 536 2018 utraque
558 1947 698 2020 euoqiue
719 1946 805 2018 uuas
828 1944 934 2003 adnuit
956 1948 982 2003 et
1004 1948 1093 2003 utun
1117 1948 1192 2003 uutu
1203 1957 1253 2007 115

173 2036 329 2108 tremefecit
354 2034 515 2111 Olcinium.
561 2035 617 2094 hoc
645 2053 675 2095 se
704 2037 893 2096 servaturum
918 2033 1033 2094 iurarit
1056 2033 1193 2111 Iuppiter

173 2144 228 2201 per
250 2124 388 2203 Stygem,
412 2126 497 2184 cuius
521 2125 581 2184 alio
604 2125 669 2185 loco
695 2118 740 2205 (6,
756 2118 835 2205 324)
863 2128 954 2202 poeta
983 2143 1192 2183 commemora·

127 2233 156 2273 eo
173 2214 287 2273 tionem
319 2215 391 2273 fecit
422 2215 522 2273 dicens
553 2214 620 2289 „dii
651 2216 738 2274 ouius
767 2216 867 2273 iurare
897 2214 1006 2273 timent
1036 2218 1066 2272 et
1089 2214 1193 2272 fallere

174 2302 314 2362 numen“.
359 2304 407 2362 bie
427 2304 499 2376 tuis
520 2304 622 2376 feudi:
644 2304 735 2362 finem
756 2302 854 2364 uerbis
877 2303 1042 2379 inpositum
1066 2304 1105 2361 ad
1132 2321 1193 2360 om·

174 2393 259 2451 nium
285 2411 444 2468 personum
471 2392 619 2469 pertinere
645 2392 882 2471 intellegendum
909 2394 968 2466 est3
995 2410 1067 2449 nam
1093 2390 1193 2450 nullus

176 2482 281 2540 dehinc
313 2482 430 2558 aliquid
463 2481 545 2540 dixit.
604 2482 676 2540 solio
708 2485 770 2540 tutu
800 2481 938 2554 Iupiter
970 2496 1058 2538 uureo
1090 2480 1193 2553 surqit,

176 2570 328 2630 coelicolae
349 2571 479 2629 medium
500 2588 584 2645 quem
607 2571 647 2629 od
670 2570 775 2629 limiuo
798 2570 921 2629 olucuut:
944 2571 975 2627 et
997 2568 1072 2627 solio
1096 2569 1195 2628 solum

129 2676 157 2718 se
177 2660 286 2720 sedisse
321 2660 503 2719 monstravit
538 2662 568 2719 et
605 2660 702 2719 solum
734 2660 895 2718 surrexisse
928 2658 1027 2716 soluto
1060 2658 1194 2719 consilio.

177 2768 265 2826 quem
286 2749 419 2808 medium
441 2767 544 2808 omnes
567 2748 610 2807 dii
632 2748 820 2807 deduxerunt
843 2746 881 2806 ad
904 2746 1003 2806 sedem
1025 2766 1112 2805 suam
1139 2748 1196 2807 hoc

177 2841 224 2898 est
252 2837 291 2897 ad
316 2858 383 2898 eam
413 2838 489 2897 caeli
518 2841 636 2914 partem
657 2838 690 2896 in
714 2856 774 2913 qua
797 2835 975 2897 commorari
998 2839 1028 2895 et
1051 2835 1196 2897 adsiduus

177 2946 240 2987 esse
254 2930 456 2988 consueverat.
489 2927 569 3005 quod
588 2927 665 2986 dixit
681 2927 826 3001 medium,
844 2943 1003 3001 possumus
1021 2926 1196 3004 intellegere

177 3020 282 3093 utpote
305 3017 467 3093 potiorem,
496 3036 535 3075 an
561 3017 706 3092 medium,
734 3017 806 3093 quia
833 3016 954 3092 utrique
977 3016 1059 3092 parti
1081 3015 1142 3074 fuit
1164 3016 1197 3074 in

131 3123 159 3163 eo
177 3106 337 3166 iudicando
361 3105 546 3167 communis?

266 3196 387 3254 Iutereo
409 3196 514 3254 Rutuli
534 3195 628 3269 portis
651 3196 761 3253 circum
783 3194 918 3253 omuibus
940 3193 1053 3253 iustuut
1070 3198 1197 3253 steruere

179 3285 265 3344 coede
296 3285 376 3343 uiros
408 3289 435 3342 et
464 3285 580 3344 moeuio
608 3285 721 3358 uuyere
749 3285 894 3357 flammis:
922 3283 1036 3344 reditus
1067 3285 1112 3343 est
1139 3285 1197 3342 iste

250 3452 474 3579 trutulosw
503 3452 659 3523 uefictVIt.
724 3455 872 3510 lmouitis
890 3453 1006 3523 quaer.
1037 3453 1041 3527 l
1070 3455 1199 3509 sinixtris

178 3525 461 3668 ffolmdbdiindlt.
544 3602 577 3651 19
594 3603 703 3667 styyou
716 3596 775 3652 VR.
857 3603 891 3652 21
914 3614 1015 3652 uorueu
1031 3596 1139 3666 dcix
1152 3612 1210 3647 uu.-

178 3671 251 3739 meu)
269 3667 303 3723 V.
358 3671 393 3722 28
411 3684 475 3723 oreo
490 3685 543 3737 pro
561 3685 646 3725 aureo
659 3666 722 3727 VR.
777 3666 1072 3727 successatricum.
1128 3667 1170 3714 t&
1189 3676 1236 3712 w·

179 3740 228 3792 VR
244 3746 298 3793 aut
312 3739 354 3793 ecl¹
382 3739 392 3811 l
412 3746 499 3809 poete
513 3741 565 3797 VR
584 3760 657 3801 corr.
672 3744 722 3802 ed.

509 3526 513 3597 ι
542 3526 677 3581 suuueu
690 3524 749 3579 vu.
823 3532 856 3580 12
875 3527 927 3581 ula
945 3526 970 3579 u
987 3527 1032 3580 stu
1044 3525 1070 3580 v
1084 3542 1138 3580 om.
1153 3525 1198 3580 eo.

1040 3840 1100 3897 *to*
