2725 4150
198 322 241 387 28
484 319 624 374 DONATI
641 319 811 375 INTERPR.
824 319 934 374 valta.

198 489 240 546 sit
271 487 326 547 sub
357 486 490 567 imagine
520 507 640 549 servans
667 489 788 565 falcem3
820 490 863 548 sic
889 486 969 547 enim
995 488 1052 548 sub
1075 487 1219 566 imaginis

199 576 292 636 oculis
319 577 392 650 suit,
421 580 458 636 ut
486 579 609 638 ferentis
639 577 807 655 aspectibus
835 597 951 655 semper
983 581 1061 638 esset
1092 578 1218 638 obiecta.

199 685 321 725 curvam
351 686 403 725 our
432 667 542 727 dixerit
567 668 762 727 manifestum
789 669 847 742 est3
879 668 923 726 sic
952 668 1031 726 enim
1062 668 1221 742 formatur,

199 757 298 815 erecta
334 755 445 834 quippe
486 758 577 816 aliam
618 755 747 834 speciem
787 757 869 815 facit.
918 756 1047 830 Iaaiqac
1085 756 1222 829 bifrontis

198 845 311 920 imago:
340 863 415 919 una,
446 844 559 922 inquit,
588 846 657 905 Iani
686 847 790 905 statua
821 846 893 920 fuit,
925 845 978 905 sed
1007 845 1082 907 duas
1114 845 1221 904 habuit
1254 860 1266 900 ι

198 935 312 994 frontes
341 934 523 1012 perindeque
554 935 647 994 facies
679 934 768 1008 duas,
800 955 893 994 unam
921 954 994 1012 prae
1024 954 1064 1011 se,
1094 936 1222 994 alteram

199 1022 296 1084 dorso.
341 1025 450 1097 altique
478 1025 515 1083 ab
542 1025 654 1098 criptae
679 1041 775 1099 repes:
807 1044 825 1083 a
848 1025 971 1100 speciali
998 1024 1221 1084 enumeratione

200 1114 239 1172 ad
270 1113 498 1191 generalitatem
530 1132 561 1172 se
594 1113 743 1178 conuertit
775 1114 939 1190 conpendio
966 1113 1114 1172 referendi
1146 1130 1220 1173 usus

200 1206 230 1262 et
260 1202 315 1261 illa
347 1221 437 1261 causa
468 1203 517 1261 vel
547 1203 689 1278 maxime,
721 1205 756 1262 ut
785 1207 908 1281 augeret
937 1204 1086 1262 maiorum
1117 1201 1221 1262 Latini

199 1311 369 1366 numerum3
398 1293 431 1350 in
454 1290 650 1369 generalitate
673 1293 753 1352 enim
774 1293 892 1351 infinita
920 1291 1090 1351 aestimatio
1118 1295 1164 1349 est
1191 1295 1222 1350 et
1243 1307 1268 1346 ιι

199 1381 268 1456 plus
286 1379 475 1459 intellegitur
492 1400 585 1458 quam
598 1383 710 1442 veritas
728 1382 828 1441 habet.
858 1382 1030 1452 Martiaque
1042 1380 1077 1438 ob
1087 1381 1223 1452 patriam

194 1471 359 1544 pugnando
381 1471 506 1530 vaiacra
523 1473 626 1545 paesi:
657 1475 813 1531 tantarum
834 1471 882 1528 illi
904 1469 1067 1546 gloriarum
1090 1468 1223 1544 fuemmt,

200 1562 235 1618 ut
260 1577 316 1635 pro
344 1552 444 1635 patria
471 1561 529 1620 hoo
556 1565 602 1621 est
628 1580 682 1637 pro
708 1558 822 1618 tuenda
849 1558 989 1617 libertate
1012 1559 1060 1616 vel
1084 1557 1223 1635 augenda

199 1648 354 1724 republica
376 1668 432 1708 sua
455 1652 485 1708 et
507 1668 658 1727 pugnasse
682 1668 732 1709 eos
755 1667 843 1723 saepe
866 1651 897 1707 et
914 1648 1040 1708 vulnera
1058 1649 1224 1725 pugnantis

201 1738 348 1813 excepisse
372 1738 506 1797 dubitari
528 1758 589 1796 non
617 1741 727 1814 posset.
772 1738 921 1809 multaque
943 1742 1099 1810 practerea
1127 1739 1223 1796 sacris
1244 1752 1269 1793 ιι

200 1830 232 1885 ia
251 1828 386 1901 postibus
413 1845 514 1886 arma:
545 1828 658 1886 indicia
688 1829 790 1886 autem
819 1826 941 1886 vimutis
971 1827 1102 1902 ipsorum
1133 1829 1224 1902 rapta

200 1916 338 1975 hostibus
362 1917 459 1991 spolia
482 1916 685 1989 testabantur,
715 1935 791 1991 quae
818 1916 911 1974 infixa
938 1915 1074 1991 postibus
1104 1916 1153 1974 vel
1177 1917 1223 1973 in-

201 2005 294 2064 terius
317 2006 451 2083 reposita
474 2005 546 2081 quid
569 2006 683 2084 singuli
702 2004 864 2084 gessissent
883 2007 1016 2082 apertius
1040 2004 1223 2064 indicabant.

201 2094 412 2154 deseribuntur
430 2094 534 2154 eadem
551 2097 619 2172 ipsa
637 2096 694 2154 hoo
713 2095 815 2154 modo:
834 2096 943 2170 captivi
957 2096 1086 2168 pendeat
1104 2112 1224 2153 carras:

201 2202 305 2243 currus
323 2186 403 2243 inter
421 2203 505 2242 arma
523 2185 730 2261 principaliter
743 2184 857 2260 posuit,
877 2184 957 2261 quod
974 2184 1088 2244 fuerint
1106 2185 1224 2243 adversi
1243 2200 1269 2239 eo

200 2273 352 2348 hostibus3
370 2293 521 2333 armorum
541 2275 621 2332 enim
639 2274 873 2352 significationes
892 2277 923 2332 et
940 2275 1053 2332 multas
1071 2272 1223 2351 Vergilius

201 2362 304 2441 posuit
321 2367 352 2423 et
370 2362 512 2435 diversas,
526 2364 651 2440 proinde
665 2383 721 2440 pro
741 2363 830 2422 armis
845 2363 974 2422 habetur
995 2362 1138 2439 quicquid
1156 2364 1223 2422 hos·

140 2460 192 2509 185
201 2458 264 2512 tem
277 2472 448 2531 expugnare
461 2454 602 2529 potuerit.
634 2470 796 2525 caecaeque
809 2470 924 2511 secares
938 2456 964 2510 et
977 2454 1082 2511 crisim
1095 2453 1225 2524 capacem

203 2548 229 2601 et
243 2547 399 2617 portarum
416 2544 546 2616 inperalia
564 2543 710 2601 oleastro:
737 2543 838 2601 omnia
856 2541 919 2601 sine
933 2542 1021 2600 modo
1036 2541 1085 2600 vel
1100 2559 1224 2599 numero

202 2634 317 2709 posuit,
335 2636 370 2691 ut
388 2633 456 2709 plus
475 2632 639 2691 arbitretur
656 2631 862 2708 unusquisque
879 2650 969 2707 quam
988 2631 1056 2689 fuit.
1102 2650 1224 2690 nevero
1244 2643 1268 2685 ιι

202 2722 234 2778 in
267 2721 487 2802 expugnatione
521 2722 678 2780 civitatum
710 2723 801 2796 etque
841 2723 998 2797 portarum
1037 2720 1102 2779 leve
1120 2781 1124 2786 ,
1140 2721 1225 2795 quid-

202 2810 273 2867 dam
287 2809 438 2868 videretur
456 2810 602 2884 effectum,
619 2810 756 2887 ingentia
769 2810 871 2886 inquit
888 2810 1029 2885 claustra,
1048 2813 1084 2867 ut
1102 2820 1226 2885 aspectu

203 2898 392 2957 ostenderent
415 2902 562 2974 quantum
585 2899 697 2958 laboris
715 2899 823 2959 fuisset
840 2900 1007 2976 inpensum,
1029 2902 1065 2958 ut
1083 2902 1226 2975 superata

201 2988 432 3046 retraherentur.
469 2989 639 3062 mirataque
661 2989 801 3063 clipaaae
820 2994 972 3063 ereptaque
989 2994 1086 3048 rostra
1104 2989 1224 3054 caricis,

275 3217 291 3265 ὅ
314 3213 406 3282 imago
430 3211 572 3265 lemmatis
596 3210 660 3263 finis
682 3211 713 3263 in
732 3209 758 3263 V
779 3212 910 3265 vestibula
933 3211 1063 3265 astabant
1085 3210 1149 3263 add.
1173 3211 1225 3279 ed,

204 3284 254 3338 sed
272 3301 329 3337 non
346 3282 510 3351 explicatur.
565 3288 580 3335 7
599 3283 693 3337 deorse
709 3280 732 3333 V
748 3299 818 3351 prae
835 3283 915 3336 dorso
933 3281 977 3335 ed.
1003 3281 1006 3352 l
1032 3299 1050 3333 a
1068 3298 1121 3335 om.
1137 3281 1163 3335 V
1182 3283 1225 3336 ed.

205 3361 220 3407 9
239 3357 369 3410 maiorem
387 3354 432 3409 ed.
487 3360 521 3407 12
539 3354 650 3408 aalma
663 3353 698 3406 V.
722 3353 725 3424 l
750 3352 848 3407 illicV
865 3354 910 3407 c'llc'
927 3368 989 3406 nos:
1010 3352 1102 3405 locum
1120 3355 1226 3408 temere

203 3429 273 3480 mut.
293 3427 337 3480 ed.
409 3431 443 3480 15
462 3426 590 3480 dabimrc
607 3424 633 3478 V
652 3441 722 3478 corr.
741 3424 811 3478 edF.
886 3429 919 3477 17
939 3425 1174 3491 qaae—interius
1196 3426 1226 3479 in

205 3497 358 3551 absurdum
377 3498 503 3566 corrupit
521 3497 564 3551 ed.
621 3501 654 3550 18
673 3497 813 3551 caucaseae
826 3495 852 3549 V
871 3512 941 3548 corr.
960 3494 1003 3548 ed.
1059 3500 1093 3549 20
1111 3496 1227 3562 faecerat

194 3569 238 3619 ed
326 3575 364 3621 23
382 3571 511 3638 potuerit
533 3568 558 3622 V
580 3570 672 3639 possit
698 3566 741 3620 ed.
824 3572 856 3620 2⁷
886 3572 1010 3634 aspectas
1032 3565 1058 3619 V
1086 3583 1155 3622 corr.
1181 3569 1225 3623 ed.

179 3638 221 3684 28
243 3645 378 3699 quantus
408 3642 518 3698 labora
543 3642 634 3711 fursee
658 3638 685 3695 V
714 3654 784 3694 corr.
812 3638 856 3694 ed.
893 3637 901 3706 l
938 3644 1067 3705 superata
1099 3654 1153 3693 om.
1182 3640 1225 3694 ed.

163 3703 205 3749 29
220 3706 471 3769 mbaaherentar
487 3714 533 3770 ed.
