2725 4150
210 333 273 398 192
493 327 634 384 DONATI
651 327 821 383 INTERPR.
835 325 946 383 VERG.

207 497 289 557 funis
308 516 374 557 ecce
392 496 502 556 iterum
520 496 685 557 stimulat.“
712 498 769 556 hoc
788 496 946 556 consilium
963 496 1042 555 hanc
1059 497 1145 555 tanet
1162 494 1232 555 aub-

208 588 353 647 stantiam
376 587 537 662 commodi,
559 606 610 662 ne,
634 587 706 644 dum
729 587 815 662 prius
832 586 926 645 refert
943 603 1079 660 causam,
1096 583 1233 645 medium

207 680 325 754 tempus
339 677 491 736 celeritate
508 677 605 735 hostis
624 678 654 734 et
672 675 831 736 velocitate
849 676 1046 751 praeventum
1063 674 1234 735 necessaria

207 786 267 826 non
291 767 371 826 sinat
393 767 539 842 oportune
563 765 691 841 disponi.
737 765 783 824 ait
804 764 900 843 igitur
921 764 997 824 ferte
1024 762 1079 824 citi
1103 763 1233 841 ferrum,

207 855 413 914 festinandum
445 853 525 912 enim
553 854 613 912 fuit
643 853 781 914 hostibus
810 854 843 913 in
875 853 1010 931 proximo
1048 851 1234 913 constitutis.
1264 866 1276 908 e

207 945 431 1022 proximitatem
455 943 566 1020 quippe
589 944 681 1002 istam
703 943 865 1002 nuntiabat
891 941 1069 1022 magnitudo
1096 940 1234 1020 pulveris

208 1036 239 1093 et
267 1033 360 1092 nubes
390 1034 458 1091 atra
484 1032 648 1109 praebebat
675 1031 829 1092 indicium.
881 1032 949 1091 date
979 1031 1056 1091 tela:
1085 1049 1147 1091 non
1173 1031 1235 1091 hoc

206 1122 287 1181 idem
310 1123 363 1198 qui
386 1121 519 1181 dandum
541 1121 658 1180 dixerat
680 1121 806 1198 ferrum3
833 1122 944 1181 ferrum
968 1121 1080 1198 quippe
1104 1120 1233 1181 alterius

207 1210 317 1288 speciei
339 1213 439 1287 potest
460 1211 569 1271 habere
590 1210 839 1288 significationem
863 1213 894 1270 et
915 1210 977 1269 tela
998 1208 1138 1287 alterim3
1160 1228 1234 1270 nam

207 1304 278 1360 sunt
300 1299 409 1378 gladii,
432 1302 503 1359 sunt
525 1301 664 1378 sagittae.
711 1302 790 1359 certe
813 1303 844 1360 et
866 1299 909 1359 sic
932 1299 1029 1376 accipi
1050 1301 1154 1375 potest
1174 1299 1235 1359 hoc
1252 1320 1277 1360 ro

208 1389 335 1465 dictum,
358 1392 394 1449 ut
420 1389 531 1448 ferrum
560 1390 656 1465 primo
683 1389 824 1449 videatur
851 1388 960 1449 dixisse
988 1387 1236 1466 praeparandum

207 1480 240 1538 in
266 1478 378 1555 hastis,
406 1477 526 1557 sagittis
553 1481 584 1537 et
611 1477 735 1556 gladiis,
757 1479 820 1538 tela
841 1498 912 1538 vero
935 1479 967 1536 in
990 1477 1235 1555 quibuscumque

208 1568 361 1645 speciebus
385 1586 461 1644 quae
484 1566 617 1627 occidere
639 1567 792 1627 hominem
809 1569 944 1645 possent,
962 1570 998 1626 ut
1016 1565 1235 1644 suntlapides,

208 1659 303 1718 fustes
327 1660 357 1716 et
380 1659 478 1717 cetera
501 1675 578 1732 quae
602 1655 760 1731 eiusmodi,
784 1656 891 1734 quibus
916 1655 1022 1733 repelli
1038 1654 1136 1716 hostis
1160 1675 1235 1733 que·

209 1751 242 1807 at
264 1748 319 1807 aut
340 1748 499 1823 superatus
523 1745 704 1805 occumbere.
750 1747 804 1805 citi
831 1746 921 1805 semel
950 1745 1069 1823 quidem
1097 1745 1236 1821 positum
1252 1762 1276 1805 rs

207 1855 262 1895 nos
281 1835 418 1895 omnibus
428 1834 521 1894 ¹dictis
537 1839 683 1912 aptemus,
698 1853 757 1910 quo
771 1834 878 1895 melior
890 1835 1059 1894 intellectus
1075 1838 1236 1912 appareat,

207 1927 242 1984 ut
256 1926 297 1985 sit
315 1924 368 1984 citi
386 1925 461 1983 ferte
480 1924 601 1998 ferrum,
620 1925 673 1984 citi
696 1924 765 1983 date
784 1925 854 2000 tela,
873 1923 926 1983 citi
943 1941 1045 1983 muros
1065 1923 1235 2000 ascendite,

207 2032 267 2072 non
291 2014 370 2072 enim
392 2013 424 2071 in
446 2015 534 2074 tanta
552 2012 777 2091 perturbatione
796 2013 857 2072 fuit
879 2032 914 2072 ex
932 2013 994 2074 illis
1013 2011 1130 2090 aliquid
1149 2013 1236 2092 quod

208 2104 328 2180 segnius
351 2104 452 2162 curari
474 2102 633 2163 debuisset.
668 2121 734 2163 ecce
756 2103 921 2164 novissima
943 2104 1107 2163 intervenit
1130 2122 1234 2180 causa,

207 2193 317 2271 hostis,
339 2191 453 2269 inquit,
476 2193 574 2251 adest:
597 2212 658 2252 non
681 2192 758 2251 dixit
785 2193 973 2269 adfuturum,
1000 2212 1038 2251 ne
1066 2192 1154 2252 daret
1184 2211 1233 2254 oc·
1250 2211 1274 2252 se

209 2283 359 2341 casionem
381 2281 549 2356 differendi,
573 2283 624 2341 sed
646 2283 708 2341 iam
733 2282 847 2357 adesse,
865 2284 901 2341 ut
918 2299 1058 2358 praesens
1077 2281 1235 2343 videretur

207 2390 322 2449 urgere.
368 2371 563 2431 novissimum
586 2370 645 2430 fuit
667 2372 748 2446 heia,
772 2371 853 2447 quod
876 2371 989 2430 dictum
1011 2370 1162 2431 hortantis
1186 2373 1235 2432 est

208 2461 309 2538 potius
333 2480 424 2537 quam
446 2459 584 2520 iubentis.
629 2461 741 2534 ingenti
763 2462 888 2519 clamore
905 2478 962 2534 per
984 2460 1079 2519 anais
1102 2460 1236 2520 condunt

208 2568 239 2610 sc
258 2551 364 2609 Teucri
375 2553 481 2625 portae
499 2553 526 2608 et
542 2550 658 2609 omerio
676 2550 823 2622 conplent:
845 2551 1058 2628 congesserunt
1076 2567 1107 2609 ee
1127 2567 1233 2611 omnes

208 2641 289 2699 intra
311 2641 416 2715 saepta
439 2641 606 2698 castrorum
629 2641 660 2698 et
688 2639 886 2715 oppleverant
913 2640 1016 2716 portas
1044 2640 1075 2697 et
1101 2639 1233 2700 moenia.
1249 2654 1273 2697 a

209 2732 320 2788 crimen
342 2730 443 2805 potuit
465 2727 535 2787 duci
557 2730 588 2787 et
609 2727 805 2787 manifestum
826 2728 943 2787 timoris
965 2727 1110 2787 indicium
1132 2727 1234 2789 videri

209 2818 291 2894 quod
304 2817 441 2878 veniente
458 2819 544 2877 hoste
559 2836 621 2878 sese
636 2817 799 2878 clauserint
811 2819 913 2894 potius
927 2837 1018 2895 quam
1031 2818 1234 2878 instruxerint

209 2908 311 2966 aciem.
365 2907 422 2966 hoc
453 2924 545 2984 genus
579 2906 806 2967 obtrectationis
834 2928 871 2966 ne
907 2908 980 2967 viris
1017 2905 1147 2966 fortibus
1185 2908 1233 2967 in-

164 3004 199 3053 40
208 2997 352 3071 haereret,
375 2998 486 3073 purgat
503 2996 629 3055 honesta
647 2996 837 3057 excusatione
856 2996 1007 3076 Vergilius
1026 2995 1127 3054 dicens
1145 3013 1233 3056 nam·

209 3102 263 3158 que
285 3086 329 3144 tta
351 3085 501 3144 discederes
518 3089 712 3158 praeceperat
732 3087 858 3161 optimus
880 3088 974 3146 armis
991 3083 1118 3153 Aeneas,
1142 3085 1234 3159 aqua
1249 3101 1273 3143 a

209 3177 320 3233 interea
346 3174 612 3246 fortuna-fuisset,
647 3192 706 3233 rere
739 3179 850 3235 stram
879 3175 1021 3235 auderent
1050 3174 1143 3233 actem
1172 3192 1233 3236 nere

210 3265 323 3323 aedem
342 3280 452 3335 campo,
472 3267 570 3321 castro
588 3263 673 3322 modo
693 3268 719 3323 ct
736 3268 811 3323 latos
828 3267 979 3324 errorent
997 3280 1101 3337 aggere
1113 3280 1232 3325 muros:

209 3352 335 3427 Aeneas,
343 3353 453 3430 inquit,
462 3351 611 3427 afutrnus,
620 3354 674 3430 qui
688 3355 817 3413 tractare
830 3355 931 3413 nosset
943 3352 1058 3412 incerta
1071 3351 1233 3431 bellorum,

282 3509 297 3557 2
315 3504 431 3559 necdum
444 3503 470 3557 V
487 3504 589 3560 redum
607 3505 651 3561 ed.
669 3522 704 3561 ne
721 3505 788 3561 dum
805 3521 864 3559 nos.
892 3504 895 3576 l
924 3504 1009 3571 refert
1019 3503 1045 3557 V
1062 3504 1167 3572 reseret
1185 3505 1232 3564 ed.

204 3580 242 3629 12
257 3573 389 3632 hastcV
406 3577 494 3633 bostra
511 3575 554 3631 ed.
633 3582 667 3631 14
693 3592 763 3645 quac
787 3575 921 3631 eiusmodi
940 3574 965 3629 V
987 3576 1146 3631 huiusmodi
1168 3577 1233 3634 aine

190 3664 269 3716 quae
287 3648 331 3705 ed.
391 3654 426 3707 16
446 3646 538 3709 nosV
555 3666 614 3708 aon
632 3647 677 3706 ed.
696 3664 752 3703 om.
769 3646 815 3703 ed.
829 3647 904 3716 poet.
957 3653 990 3701 17
1010 3654 1036 3703 et
1054 3648 1103 3703 citi
1120 3645 1165 3702 bie
1185 3648 1232 3708 ed.

183 3724 220 3773 24
240 3739 275 3780 ee
288 3726 365 3795 poet
382 3729 515 3787 condunt
534 3743 589 3784 om.
604 3722 642 3781 V.
717 3726 754 3777 ‘lb
772 3719 919 3790 enatem
935 3717 981 3771 bb·
