2725 4150
198 324 265 389 630
482 318 624 374 DONATI
642 306 813 373 INTERPR.
827 316 935 371 VERG.

195 495 264 549 uoto
292 490 419 549 record:
456 488 538 566 quod
569 489 688 547 locutus
721 490 780 561 est,
815 486 930 562 inquit,
967 485 1131 562 deprecans
1163 505 1228 547 non

196 579 378 639 smmum
396 581 456 654 est3
479 598 550 638 nam
568 596 637 636 mox
656 576 685 635 ei
702 575 803 635 adfuit
821 575 869 635 dei
882 577 1049 652 praesentis
1068 574 1227 635 auxilium

196 668 270 728 dicit
288 667 452 745 quomodo:
470 684 597 742 nomem
615 667 667 725 dm
686 666 801 724 lustaus
820 665 950 737 lentoque
966 666 1000 723 ir
1018 666 1110 738 stirpe
1127 683 1228 726 moro·

196 763 243 817 tus
256 758 370 816 virttem
383 757 456 816 taut
472 757 544 815 ultis
557 756 652 815 uetuit
668 755 831 814 disctudem
844 771 960 813 morsus
973 755 1086 813 roboris
1095 753 1227 815 Acamas.

196 848 267 907 dum
285 847 390 905 aititur
408 863 477 905 acer
494 850 521 904 et
539 846 641 913 instat,
664 861 771 903 rursus
791 845 825 902 ire
843 844 967 917 aurigae
984 844 1092 917 fumum
1109 848 1228 904 mutate
1258 857 1270 898 s

195 936 315 995 Metisci
332 936 485 1008 procurrit
500 936 645 1009 fratrique
668 950 766 991 ensem
788 933 844 992 dee
861 933 990 992 Daunia
1006 924 1117 991 reddit:
1139 952 1227 1011 prae·

196 1026 309 1086 stitisse
332 1023 449 1101 aliquid
472 1024 611 1084 Faunum
633 1023 735 1082 Turno
759 1040 813 1098 pro
833 1021 980 1083 desiderio
1004 1022 1229 1099 deprecationis

195 1115 312 1192 posuit,
335 1114 466 1172 obteram
485 1158 493 1171 .
513 1156 547 1172 ..

380 1201 473 1261 Deest
494 1201 705 1277 interpretatio
728 1218 824 1277 usque
849 1199 888 1259 ad
910 1220 938 1257 v.
963 1201 1039 1259 846.

268 1310 394 1350 ...uno
414 1294 504 1367 atque
519 1290 622 1350 eodem
637 1292 743 1366 partu:
766 1308 858 1365 quam
877 1289 1063 1349 detestabilis
1082 1289 1228 1349 nascendi
1246 1305 1271 1345 ro

196 1379 331 1441 condicio
356 1399 434 1457 quae
457 1380 567 1457 triplex
589 1380 705 1438 malum
734 1380 825 1438 semel
849 1378 954 1437 effudit
976 1380 1008 1437 et
1030 1377 1128 1438 omnis
1151 1378 1227 1439 diris

197 1470 346 1549 anguibus
378 1470 490 1545 vinxit,
522 1468 661 1529 omnibus
692 1467 756 1528 alas
786 1467 939 1543 att-ibuit,
971 1470 1006 1525 ut
1034 1468 1066 1525 in
1096 1468 1228 1527 exitium

195 1560 352 1619 bominum
375 1562 406 1618 et
429 1558 630 1618 substantiam
652 1558 779 1617 nocendi
801 1558 946 1616 haberent
969 1560 999 1615 et
1022 1557 1132 1616 celeres
1158 1578 1228 1633 per-

196 1650 314 1726 gerentl
336 1648 493 1707 tuleris
512 1649 691 1707 adscitum:
713 1665 774 1705 non
796 1649 872 1720 tres,
895 1646 947 1705 sed
967 1646 1058 1722 duae;
1082 1646 1229 1725 Megaera

133 1738 277 1797 Stoenim
304 1738 430 1798 inmissa
458 1756 518 1797 non
543 1738 611 1796 brit.
643 1738 780 1809 saeuique
801 1737 835 1794 iu
858 1737 958 1794 timiue
980 1735 1057 1811 regis
1080 1741 1230 1809 apparent
1246 1752 1272 1794 rs

197 1831 361 1901 oceanique
383 1831 491 1885 metum
513 1827 687 1886 mortalibus
705 1826 814 1900 aceris,
839 1826 866 1884 si
884 1825 1001 1899 quamde
1021 1826 1108 1883 teturu
1130 1825 1227 1885 borri-

196 1918 286 1989 ecum
307 1918 478 1989 morbosque
496 1917 583 1975 deme
604 1933 657 1974 rer
674 1916 795 1974 metitm
811 1916 932 1974 meritas
950 1920 1003 1974 out
1021 1915 1092 1974 betto
1110 1917 1229 1975 territet

196 2007 295 2065 urbis:
322 2024 446 2065 saevum
468 2025 570 2084 regem
589 2004 677 2080 dixit,
702 2024 762 2065 non
781 2022 897 2081 semper
920 2023 1056 2080 saevum,
1080 2002 1133 2062 sed
1151 2006 1227 2065 tune

197 2115 263 2156 curn
288 2101 323 2154 e'x
347 2097 450 2170 aliqua
478 2114 569 2155 causa
597 2097 809 2154 commovetur.
840 2094 917 2153 istae
946 2113 1016 2172 ergo
1048 2093 1087 2153 ad
1114 2094 1227 2154 solium

198 2186 358 2246 observant
379 2185 460 2263 regis
483 2189 514 2245 et
536 2184 656 2258 limina,
686 2187 722 2243 ut
742 2184 879 2244 homines
905 2187 1051 2257 terreant,
1080 2183 1227 2243 iniectum
1245 2199 1273 2239 so

196 2279 311 2334 metum
334 2274 449 2334 faciant
471 2274 610 2334 terrendo
634 2274 766 2350 peiorem
790 2292 824 2332 eo
847 2276 982 2350 tempore
1005 2293 1066 2350 quo
1085 2273 1227 2350 Iuppiter

197 2364 367 2424 hominibus
386 2366 440 2423 aut
457 2363 576 2423 morbos
591 2366 681 2440 parat
700 2366 755 2422 aut
773 2366 901 2422 mortem
919 2365 973 2422 aut
990 2363 1074 2422 urbis
1089 2363 1227 2441 exagitat

197 2454 283 2513 bello.
325 2455 447 2513 meritas
475 2453 589 2531 inquit,
620 2455 657 2511 ut
684 2453 855 2512 ostenderet
881 2451 984 2512 Iovem
1011 2472 1072 2512 non
1101 2470 1225 2511 saevum

197 2561 273 2617 esse,
297 2542 350 2602 sed
372 2544 502 2617 iustum3
524 2542 586 2602 illis
610 2544 689 2601 enim
707 2542 782 2601 haec
800 2542 930 2601 inmittit
949 2542 1002 2618 qui
1020 2540 1223 2618 delinquendo

195 2632 368 2691 meruerint.
391 2633 500 2691 torum
516 2650 611 2691 uuum
633 2631 752 2690 celerem
770 2631 891 2690 demittit
914 2632 951 2690 ub
975 2632 1088 2690 aethere
1109 2647 1224 2689 summo
1243 2648 1271 2690 ss

196 2719 377 2796 [Iuppiter]:
402 2740 467 2780 ecce
491 2740 552 2780 non
575 2722 621 2780 est
643 2721 827 2796 superfluum
857 2721 937 2798 quod
964 2721 995 2778 in
1023 2719 1225 2796 descriptione

195 2810 323 2870 istarum
353 2811 470 2868 alarum
500 2811 743 2870 commemoratio
770 2811 852 2869 facta
880 2811 938 2869 est:
971 2829 1042 2868 nam
1073 2809 1225 2886 quomodo

196 2902 297 2976 posset
320 2899 440 2958 demitti
463 2919 498 2959 ex
522 2901 584 2959 alto
608 2900 727 2958 aethere
747 2902 801 2958 aut
819 2900 973 2975 pervenire
992 2898 1142 2973 celeriter,
1165 2899 1226 2958 nisi

268 3075 283 3122 2
307 3070 474 3137 depresseritis
494 3067 520 3122 V
543 3070 588 3124 det
607 3070 762 3137 praeseutia
784 3086 836 3124 noe
859 3070 1030 3138 deprecantis
1051 3068 1105 3122 edI
1128 3071 1225 3138 depre-

195 3142 272 3195 cuuti
291 3140 362 3195 eds.
429 3145 446 3194 8
465 3147 582 3195 ceterum
600 3140 663 3194 finis
682 3139 746 3194 folii
765 3147 817 3194 224
831 3140 878 3194 Bb
898 3138 1026 3209 sequitur
1043 3139 1092 3194 fol.
1108 3145 1160 3194 233
1179 3140 1224 3194 in-

195 3212 303 3281 cipiens
323 3212 389 3282 (Aa)
409 3211 445 3264 ab
464 3229 521 3266 usae
540 3218 620 3281 atque
639 3212 730 3267 eodem
743 3211 872 3282 partuV
890 3211 994 3267 lemma
1011 3211 1145 3281 praefixit
1161 3213 1224 3267 eds

195 3283 241 3352 (de
267 3282 365 3337 ordine
391 3284 608 3351 quaternionum
631 3283 696 3338 vide
721 3283 946 3352 praefationem).
1026 3290 1059 3336 12
1084 3285 1178 3339 uiuuit
1198 3283 1224 3337 V

194 3356 289 3409 tuerit
311 3353 355 3408 ed.
420 3361 454 3408 14
471 3356 539 3410 baec
555 3371 607 3424 pro
625 3356 677 3410 bae
691 3353 724 3409 V.
753 3355 757 3426 1
787 3372 892 3410 macera
909 3354 943 3409 V.
1004 3361 1038 3410 15
1057 3356 1184 3410 immersa
1198 3354 1224 3408 V

193 3427 327 3480 immersa
347 3425 391 3480 ed.
410 3428 442 3480 iu
460 3443 553 3481 meuse
577 3427 620 3480 ed.
639 3428 723 3494 post,
742 3426 823 3495 quasi
845 3427 880 3481 de
898 3426 971 3480 Iovis
989 3442 1088 3480 mensa
1107 3429 1223 3496 agatur!

193 3498 311 3552 terruisse
329 3513 392 3550 nos:
412 3497 577 3553 Tartaream
591 3497 754 3566 Megaeram
768 3497 839 3553 Don.
854 3499 885 3552 in
899 3497 1048 3552 Tartarum
1064 3497 1222 3568 relegatam

182 3571 281 3641 putat.
359 3575 394 3627 20
412 3568 526 3644 repesV
542 3569 586 3624 ed.
603 3571 676 3640 regis
694 3585 753 3623 nos.
828 3576 861 3623 21
878 3571 973 3638 peiore
993 3570 1036 3624 ed.
1055 3573 1129 3638 post.
1159 3570 1163 3642 Ι
1192 3586 1224 3623 eo

178 3661 235 3704 om.
259 3646 307 3704 ed.
326 3647 407 3720 post.
467 3649 502 3703 25
523 3640 678 3702 demittitV
702 3639 995 3707 demisitVerg.tttut.
1045 3646 1079 3694 26
1094 3642 1223 3710 Iuppiter

168 3716 314 3782 lemmati
334 3722 447 3781 addidi
467 3720 550 3781 intra
567 3734 622 3791 pro
637 3714 781 3772 tammate
797 3707 963 3777 eedpiitV.
1026 3713 1066 3758 ‘ts
1083 3709 1233 3761 mamimus.
