<?xml version="1.0" encoding="UTF-8"?>
<!DOCTYPE html PUBLIC "-//W3C//DTD XHTML 1.0 Transitional//EN"
    "http://www.w3.org/TR/xhtml1/DTD/xhtml1-transitional.dtd">
<html xmlns="http://www.w3.org/1999/xhtml" xml:lang="en" lang="en">
 <head>
  <title>
</title>
<meta http-equiv="Content-Type" content="text/html;charset=utf-8" />
  <meta name='ocr-system' content='tesseract 3.04.00' />
  <meta name='ocr-capabilities' content='ocr_page ocr_carea ocr_par ocr_line ocrx_word'/>
</head>
<body>
  <div class='ocr_page' id='page_1' title='image "./tibericlaudidon00georgoog_0123.png"; bbox 0 0 2725 4150; ppageno 0'>
   <div class='ocr_carea' id='block_1_1' title="bbox 183 320 917 390">
    <p class='ocr_par' dir='ltr' id='par_1_1' title="bbox 183 320 917 390">
     <span class='ocr_line' id='line_1_1' title="bbox 183 320 917 390; baseline -0.008 -9"><span class='ocrx_word' id='word_1_1' title='bbox 183 326 247 390; x_wconf 79' lang='grc'>120</span> <span class='ocrx_word' id='word_1_2' title='bbox 463 320 604 375; x_wconf 85' lang='lat' dir='ltr'><strong>DONATI</strong></span> <span class='ocrx_word' id='word_1_3' title='bbox 622 321 793 376; x_wconf 79' lang='lat' dir='ltr'>INTERPR.</span> <span class='ocrx_word' id='word_1_4' title='bbox 808 320 917 375; x_wconf 81' lang='lat' dir='ltr'>VERG.</span> 
     </span>
    </p>
   </div>
   <div class='ocr_carea' id='block_1_2' title="bbox 135 490 1253 3335">
    <p class='ocr_par' dir='ltr' id='par_1_2' title="bbox 135 490 1252 2709">
     <span class='ocr_line' id='line_1_2' title="bbox 135 490 1202 563; baseline -0.006 -10"><span class='ocrx_word' id='word_1_5' title='bbox 135 504 170 553; x_wconf 83' lang='lat'>45</span> <span class='ocrx_word' id='word_1_6' title='bbox 179 492 256 563; x_wconf 79' lang='lat' dir='ltr'>fetus</span> <span class='ocrx_word' id='word_1_7' title='bbox 271 491 358 550; x_wconf 79' lang='lat' dir='ltr'>coiea</span> <span class='ocrx_word' id='word_1_8' title='bbox 371 492 477 550; x_wconf 75' lang='lat' dir='ltr'>iacebit</span> <span class='ocrx_word' id='word_1_9' title='bbox 489 491 567 561; x_wconf 75' lang='lat' dir='ltr'>olba,</span> <span class='ocrx_word' id='word_1_10' title='bbox 582 491 642 550; x_wconf 87' lang='lat' dir='ltr'>solo</span> <span class='ocrx_word' id='word_1_11' title='bbox 655 492 809 557; x_wconf 75' lang='lat' dir='ltr'>recubans,</span> <span class='ocrx_word' id='word_1_12' title='bbox 820 490 881 550; x_wconf 78' lang='lat' dir='ltr'>albi</span> <span class='ocrx_word' id='word_1_13' title='bbox 894 491 1004 549; x_wconf 75' lang='lat' dir='ltr'>circam</span> <span class='ocrx_word' id='word_1_14' title='bbox 1016 490 1109 548; x_wconf 80' lang='lat' dir='ltr'>ubera</span> <span class='ocrx_word' id='word_1_15' title='bbox 1122 490 1202 547; x_wconf 80' lang='lat' dir='ltr'>noti:</span> 
     </span>
     <span class='ocr_line' id='line_1_3' title="bbox 180 578 1202 658; baseline -0.004 -19"><span class='ocrx_word' id='word_1_16' title='bbox 180 579 326 658; x_wconf 79' lang='lat' dir='ltr'>benignus</span> <span class='ocrx_word' id='word_1_17' title='bbox 352 581 484 640; x_wconf 89' lang='lat' dir='ltr'>monitor</span> <span class='ocrx_word' id='word_1_18' title='bbox 510 581 611 640; x_wconf 89' lang='lat' dir='ltr'>omnia</span> <span class='ocrx_word' id='word_1_19' title='bbox 639 579 667 639; x_wconf 92' lang='lat' dir='ltr'>ei</span> <span class='ocrx_word' id='word_1_20' title='bbox 690 579 798 638; x_wconf 90' lang='lat' dir='ltr'>adimit</span> <span class='ocrx_word' id='word_1_21' title='bbox 820 598 897 655; x_wconf 86' lang='lat' dir='ltr'>quae</span> <span class='ocrx_word' id='word_1_22' title='bbox 919 580 1067 639; x_wconf 89' lang='lat' dir='ltr'>incertum</span> <span class='ocrx_word' id='word_1_23' title='bbox 1089 578 1202 636; x_wconf 91' lang='lat' dir='ltr'>bellum</span> 
     </span>
     <span class='ocr_line' id='line_1_4' title="bbox 179 668 1202 746; baseline -0.002 -19"><span class='ocrx_word' id='word_1_24' title='bbox 179 670 324 746; x_wconf 79' lang='lat' dir='ltr'>fecerant3</span> <span class='ocrx_word' id='word_1_25' title='bbox 354 672 480 729; x_wconf 84' lang='lat' dir='ltr'>noverat</span> <span class='ocrx_word' id='word_1_26' title='bbox 509 670 622 745; x_wconf 86' lang='lat' dir='ltr'>quippe</span> <span class='ocrx_word' id='word_1_27' title='bbox 651 669 764 728; x_wconf 90' lang='lat' dir='ltr'>multos</span> <span class='ocrx_word' id='word_1_28' title='bbox 794 669 927 728; x_wconf 87' lang='lat' dir='ltr'>homines</span> <span class='ocrx_word' id='word_1_29' title='bbox 957 668 1026 727; x_wconf 89' lang='lat' dir='ltr'>falli</span> <span class='ocrx_word' id='word_1_30' title='bbox 1046 687 1102 743; x_wconf 87' lang='lat' dir='ltr'>per</span> <span class='ocrx_word' id='word_1_31' title='bbox 1124 686 1202 726; x_wconf 89' lang='lat' dir='ltr'>som-</span> 
     </span>
     <span class='ocr_line' id='line_1_5' title="bbox 180 756 1203 835; baseline -0.003 -18"><span class='ocrx_word' id='word_1_32' title='bbox 180 760 265 817; x_wconf 91' lang='lat' dir='ltr'>nium</span> <span class='ocrx_word' id='word_1_33' title='bbox 284 760 314 817; x_wconf 87' lang='lat' dir='ltr'>et</span> <span class='ocrx_word' id='word_1_34' title='bbox 332 758 480 818; x_wconf 88' lang='lat' dir='ltr'>somniare</span> <span class='ocrx_word' id='word_1_35' title='bbox 499 758 659 835; x_wconf 84' lang='lat' dir='ltr'>superflua,</span> <span class='ocrx_word' id='word_1_36' title='bbox 679 758 760 835; x_wconf 88' lang='lat' dir='ltr'>quod</span> <span class='ocrx_word' id='word_1_37' title='bbox 777 778 814 817; x_wconf 92' lang='lat' dir='ltr'>ne</span> <span class='ocrx_word' id='word_1_38' title='bbox 832 760 951 817; x_wconf 90' lang='lat' dir='ltr'>Aeneae</span> <span class='ocrx_word' id='word_1_39' title='bbox 975 756 1130 831; x_wconf 87' lang='lat' dir='ltr'>accideret,</span> <span class='ocrx_word' id='word_1_40' title='bbox 1149 757 1203 815; x_wconf 92' lang='lat' dir='ltr'>dat</span> 
     </span>
     <span class='ocr_line' id='line_1_6' title="bbox 180 845 1248 926; baseline -0.005 -19"><span class='ocrx_word' id='word_1_41' title='bbox 180 848 209 907; x_wconf 88' lang='lat' dir='ltr'>ei</span> <span class='ocrx_word' id='word_1_42' title='bbox 231 848 392 908; x_wconf 84' lang='lat' dir='ltr'>dormienti</span> <span class='ocrx_word' id='word_1_43' title='bbox 414 848 513 926; x_wconf 80' lang='lat' dir='ltr'>signa,</span> <span class='ocrx_word' id='word_1_44' title='bbox 538 866 615 924; x_wconf 91' lang='lat' dir='ltr'>quae</span> <span class='ocrx_word' id='word_1_45' title='bbox 638 848 769 926; x_wconf 83' lang='lat' dir='ltr'>vigilans</span> <span class='ocrx_word' id='word_1_46' title='bbox 789 848 930 925; x_wconf 88' lang='lat' dir='ltr'>probaret</span> <span class='ocrx_word' id='word_1_47' title='bbox 952 848 985 904; x_wconf 93' lang='lat' dir='ltr'>in</span> <span class='ocrx_word' id='word_1_48' title='bbox 1007 847 1081 905; x_wconf 90' lang='lat' dir='ltr'>luce.</span> <span class='ocrx_word' id='word_1_49' title='bbox 1122 845 1202 916; x_wconf 72' lang='lat' dir='ltr'>hinc,</span> <span class='ocrx_word' id='word_1_50' title='bbox 1235 861 1248 901; x_wconf 82' lang='lat' dir='ltr'>o</span> 
     </span>
     <span class='ocr_line' id='line_1_7' title="bbox 180 936 1203 1014; baseline -0.001 -19"><span class='ocrx_word' id='word_1_51' title='bbox 180 938 293 1014; x_wconf 85' lang='lat' dir='ltr'>inquit,</span> <span class='ocrx_word' id='word_1_52' title='bbox 317 938 391 996; x_wconf 89' lang='lat' dir='ltr'>scies</span> <span class='ocrx_word' id='word_1_53' title='bbox 415 938 493 996; x_wconf 85' lang='lat' dir='ltr'>veris</span> <span class='ocrx_word' id='word_1_54' title='bbox 517 939 547 995; x_wconf 86' lang='lat' dir='ltr'>te</span> <span class='ocrx_word' id='word_1_55' title='bbox 570 937 703 1012; x_wconf 83' lang='lat' dir='ltr'>institui,</span> <span class='ocrx_word' id='word_1_56' title='bbox 727 956 796 996; x_wconf 89' lang='lat' dir='ltr'>oum</span> <span class='ocrx_word' id='word_1_57' title='bbox 819 937 974 1014; x_wconf 87' lang='lat' dir='ltr'>praedicta</span> <span class='ocrx_word' id='word_1_58' title='bbox 995 936 1027 994; x_wconf 87' lang='lat' dir='ltr'>in</span> <span class='ocrx_word' id='word_1_59' title='bbox 1050 936 1203 1011; x_wconf 73' lang='lat' dir='ltr'>praesenti</span> 
     </span>
     <span class='ocr_line' id='line_1_8' title="bbox 180 1024 1202 1104; baseline -0.002 -19"><span class='ocrx_word' id='word_1_60' title='bbox 180 1028 247 1104; x_wconf 91' lang='lat' dir='ltr'>ipsa</span> <span class='ocrx_word' id='word_1_61' title='bbox 270 1029 441 1086; x_wconf 85' lang='lat' dir='ltr'>occurrente</span> <span class='ocrx_word' id='word_1_62' title='bbox 464 1026 592 1086; x_wconf 84' lang='lat' dir='ltr'>veritate</span> <span class='ocrx_word' id='word_1_63' title='bbox 615 1028 799 1104; x_wconf 82' lang='lat' dir='ltr'>cognoveris.</span> <span class='ocrx_word' id='word_1_64' title='bbox 844 1027 955 1104; x_wconf 88' lang='lat' dir='ltr'>quippe</span> <span class='ocrx_word' id='word_1_65' title='bbox 977 1026 1058 1084; x_wconf 90' lang='lat' dir='ltr'>inter</span> <span class='ocrx_word' id='word_1_66' title='bbox 1079 1024 1202 1084; x_wconf 89' lang='lat' dir='ltr'>litoreas</span> 
     </span>
     <span class='ocr_line' id='line_1_9' title="bbox 180 1114 1202 1193; baseline -0.002 -19"><span class='ocrx_word' id='word_1_67' title='bbox 180 1116 263 1175; x_wconf 86' lang='lat' dir='ltr'>ilices</span> <span class='ocrx_word' id='word_1_68' title='bbox 287 1119 417 1193; x_wconf 81' lang='lat' dir='ltr'>emerget</span> <span class='ocrx_word' id='word_1_69' title='bbox 445 1134 494 1174; x_wconf 90' lang='lat' dir='ltr'>sus</span> <span class='ocrx_word' id='word_1_70' title='bbox 523 1116 637 1174; x_wconf 88' lang='lat' dir='ltr'>formae</span> <span class='ocrx_word' id='word_1_71' title='bbox 660 1117 810 1175; x_wconf 85' lang='lat' dir='ltr'>maximae</span> <span class='ocrx_word' id='word_1_72' title='bbox 840 1136 909 1175; x_wconf 92' lang='lat' dir='ltr'>cum</span> <span class='ocrx_word' id='word_1_73' title='bbox 931 1114 1044 1173; x_wconf 85' lang='lat' dir='ltr'>fetibus</span> <span class='ocrx_word' id='word_1_74' title='bbox 1066 1114 1202 1192; x_wconf 80' lang='lat' dir='ltr'>triginta.</span> 
     </span>
     <span class='ocr_line' id='line_1_10' title="bbox 181 1204 1204 1283; baseline -0.002 -20"><span class='ocrx_word' id='word_1_75' title='bbox 181 1224 234 1263; x_wconf 92' lang='lat' dir='ltr'>nec</span> <span class='ocrx_word' id='word_1_76' title='bbox 256 1204 395 1263; x_wconf 79' lang='lat' dir='ltr'>inmerito</span> <span class='ocrx_word' id='word_1_77' title='bbox 418 1204 537 1283; x_wconf 83' lang='lat' dir='ltr'>ingens,</span> <span class='ocrx_word' id='word_1_78' title='bbox 561 1223 638 1281; x_wconf 88' lang='lat' dir='ltr'>quae</span> <span class='ocrx_word' id='word_1_79' title='bbox 661 1210 762 1281; x_wconf 86' lang='lat' dir='ltr'>posset</span> <span class='ocrx_word' id='word_1_80' title='bbox 784 1224 845 1264; x_wconf 92' lang='lat' dir='ltr'>uno</span> <span class='ocrx_word' id='word_1_81' title='bbox 868 1208 959 1280; x_wconf 89' lang='lat' dir='ltr'>partu</span> <span class='ocrx_word' id='word_1_82' title='bbox 982 1205 1063 1262; x_wconf 82' lang='lat' dir='ltr'>tanti</span> <span class='ocrx_word' id='word_1_83' title='bbox 1084 1205 1204 1262; x_wconf 88' lang='lat' dir='ltr'>numeri</span> 
     </span>
     <span class='ocr_line' id='line_1_11' title="bbox 179 1293 1249 1372; baseline -0.001 -19"><span class='ocrx_word' id='word_1_84' title='bbox 179 1294 340 1353; x_wconf 88' lang='lat' dir='ltr'>incolumis</span> <span class='ocrx_word' id='word_1_85' title='bbox 362 1294 441 1353; x_wconf 88' lang='lat' dir='ltr'>fetus</span> <span class='ocrx_word' id='word_1_86' title='bbox 461 1312 614 1370; x_wconf 85' lang='lat' dir='ltr'>exponere.</span> <span class='ocrx_word' id='word_1_87' title='bbox 657 1294 717 1354; x_wconf 86' lang='lat' dir='ltr'>fuit</span> <span class='ocrx_word' id='word_1_88' title='bbox 740 1314 810 1372; x_wconf 83' lang='lat' dir='ltr'>ergo</span> <span class='ocrx_word' id='word_1_89' title='bbox 833 1314 929 1351; x_wconf 91' lang='lat' dir='ltr'>unum</span> <span class='ocrx_word' id='word_1_90' title='bbox 952 1293 1072 1369; x_wconf 83' lang='lat' dir='ltr'>signum</span> <span class='ocrx_word' id='word_1_91' title='bbox 1095 1313 1114 1351; x_wconf 90' lang='lat' dir='ltr'>a</span> <span class='ocrx_word' id='word_1_92' title='bbox 1136 1294 1249 1352; x_wconf 84' lang='lat' dir='ltr'>loco1⁰</span> 
     </span>
     <span class='ocr_line' id='line_1_12' title="bbox 181 1382 1202 1461; baseline -0.002 -19"><span class='ocrx_word' id='word_1_93' title='bbox 181 1387 212 1442; x_wconf 89' lang='lat' dir='ltr'>et</span> <span class='ocrx_word' id='word_1_94' title='bbox 241 1382 304 1443; x_wconf 89' lang='lat' dir='ltr'>eius</span> <span class='ocrx_word' id='word_1_95' title='bbox 335 1385 497 1460; x_wconf 72' lang='lat' dir='ltr'>qualitate,</span> <span class='ocrx_word' id='word_1_96' title='bbox 528 1384 653 1443; x_wconf 87' lang='lat' dir='ltr'>alterum</span> <span class='ocrx_word' id='word_1_97' title='bbox 684 1403 702 1441; x_wconf 92' lang='lat' dir='ltr'>a</span> <span class='ocrx_word' id='word_1_98' title='bbox 732 1402 838 1461; x_wconf 83' lang='lat' dir='ltr'>genere</span> <span class='ocrx_word' id='word_1_99' title='bbox 866 1382 1006 1441; x_wconf 90' lang='lat' dir='ltr'>animalis</span> <span class='ocrx_word' id='word_1_100' title='bbox 1034 1384 1065 1440; x_wconf 91' lang='lat' dir='ltr'>et</span> <span class='ocrx_word' id='word_1_101' title='bbox 1086 1384 1202 1460; x_wconf 80' lang='lat' dir='ltr'>magni·</span> 
     </span>
     <span class='ocr_line' id='line_1_13' title="bbox 180 1471 1204 1549; baseline -0.003 -17"><span class='ocrx_word' id='word_1_102' title='bbox 180 1473 294 1547; x_wconf 87' lang='lat' dir='ltr'>tudine,</span> <span class='ocrx_word' id='word_1_103' title='bbox 313 1475 438 1533; x_wconf 85' lang='lat' dir='ltr'>tertium</span> <span class='ocrx_word' id='word_1_104' title='bbox 457 1473 537 1549; x_wconf 92' lang='lat' dir='ltr'>quod</span> <span class='ocrx_word' id='word_1_105' title='bbox 555 1491 714 1532; x_wconf 89' lang='lat' dir='ltr'>numeroso</span> <span class='ocrx_word' id='word_1_106' title='bbox 733 1475 765 1531; x_wconf 87' lang='lat' dir='ltr'>in</span> <span class='ocrx_word' id='word_1_107' title='bbox 784 1472 848 1530; x_wconf 90' lang='lat' dir='ltr'>fetu</span> <span class='ocrx_word' id='word_1_108' title='bbox 863 1471 1046 1545; x_wconf 83' lang='lat' dir='ltr'>consisteret,</span> <span class='ocrx_word' id='word_1_109' title='bbox 1061 1475 1204 1546; x_wconf 86' lang='lat' dir='ltr'>quartum</span> 
     </span>
     <span class='ocr_line' id='line_1_14' title="bbox 182 1559 1204 1639; baseline -0.001 -18"><span class='ocrx_word' id='word_1_110' title='bbox 182 1564 262 1639; x_wconf 92' lang='lat' dir='ltr'>quod</span> <span class='ocrx_word' id='word_1_111' title='bbox 281 1562 400 1623; x_wconf 82' lang='lat' dir='ltr'>risurus</span> <span class='ocrx_word' id='word_1_112' title='bbox 420 1564 498 1623; x_wconf 89' lang='lat' dir='ltr'>esset</span> <span class='ocrx_word' id='word_1_113' title='bbox 514 1562 663 1621; x_wconf 87' lang='lat' dir='ltr'>iacentem</span> <span class='ocrx_word' id='word_1_114' title='bbox 681 1562 761 1621; x_wconf 88' lang='lat' dir='ltr'>natis</span> <span class='ocrx_word' id='word_1_115' title='bbox 780 1561 892 1620; x_wconf 89' lang='lat' dir='ltr'>circum</span> <span class='ocrx_word' id='word_1_116' title='bbox 910 1559 1003 1619; x_wconf 87' lang='lat' dir='ltr'>ubera</span> <span class='ocrx_word' id='word_1_117' title='bbox 1022 1561 1204 1634; x_wconf 85' lang='lat' dir='ltr'>constitutis,</span> 
     </span>
     <span class='ocr_line' id='line_1_15' title="bbox 181 1649 1205 1728; baseline -0.002 -18"><span class='ocrx_word' id='word_1_118' title='bbox 181 1654 320 1727; x_wconf 88' lang='lat' dir='ltr'>quintum</span> <span class='ocrx_word' id='word_1_119' title='bbox 339 1652 419 1728; x_wconf 92' lang='lat' dir='ltr'>quod</span> <span class='ocrx_word' id='word_1_120' title='bbox 439 1652 500 1710; x_wconf 83' lang='lat' dir='ltr'>albi</span> <span class='ocrx_word' id='word_1_121' title='bbox 519 1670 621 1710; x_wconf 90' lang='lat' dir='ltr'>omnes</span> <span class='ocrx_word' id='word_1_122' title='bbox 643 1654 673 1710; x_wconf 89' lang='lat' dir='ltr'>et</span> <span class='ocrx_word' id='word_1_123' title='bbox 696 1671 757 1711; x_wconf 90' lang='lat' dir='ltr'>uno</span> <span class='ocrx_word' id='word_1_124' title='bbox 781 1651 879 1709; x_wconf 87' lang='lat' dir='ltr'>colore</span> <span class='ocrx_word' id='word_1_125' title='bbox 903 1669 972 1708; x_wconf 90' lang='lat' dir='ltr'>cum</span> <span class='ocrx_word' id='word_1_126' title='bbox 989 1654 1094 1709; x_wconf 87' lang='lat' dir='ltr'>matre.</span> <span class='ocrx_word' id='word_1_127' title='bbox 1132 1649 1205 1726; x_wconf 90' lang='lat' dir='ltr'>quid</span> 
     </span>
     <span class='ocr_line' id='line_1_16' title="bbox 182 1739 1250 1819; baseline -0.004 -18"><span class='ocrx_word' id='word_1_128' title='bbox 182 1745 280 1801; x_wconf 90' lang='lat' dir='ltr'>autem</span> <span class='ocrx_word' id='word_1_129' title='bbox 301 1742 483 1819; x_wconf 85' lang='lat' dir='ltr'>significaret</span> <span class='ocrx_word' id='word_1_130' title='bbox 504 1741 561 1799; x_wconf 92' lang='lat' dir='ltr'>hoe</span> <span class='ocrx_word' id='word_1_131' title='bbox 574 1741 674 1815; x_wconf 92' lang='lat' dir='ltr'>ipsum</span> <span class='ocrx_word' id='word_1_132' title='bbox 688 1741 770 1815; x_wconf 92' lang='lat' dir='ltr'>quod</span> <span class='ocrx_word' id='word_1_133' title='bbox 784 1739 1015 1816; x_wconf 83' lang='lat' dir='ltr'>praedicebatur</span> <span class='ocrx_word' id='word_1_134' title='bbox 1027 1739 1092 1815; x_wconf 89' lang='lat' dir='ltr'>ipse</span> <span class='ocrx_word' id='word_1_135' title='bbox 1107 1740 1205 1814; x_wconf 89' lang='lat' dir='ltr'>aperit</span> <span class='ocrx_word' id='word_1_136' title='bbox 1224 1751 1250 1791; x_wconf 82' lang='lat'>1⁵</span> 
     </span>
     <span class='ocr_line' id='line_1_17' title="bbox 182 1828 1205 1907; baseline -0.002 -18"><span class='ocrx_word' id='word_1_137' title='bbox 182 1835 273 1906; x_wconf 88' lang='lat' dir='ltr'>atque</span> <span class='ocrx_word' id='word_1_138' title='bbox 300 1830 364 1907; x_wconf 87' lang='lat' dir='ltr'>ipse</span> <span class='ocrx_word' id='word_1_139' title='bbox 392 1829 526 1906; x_wconf 86' lang='lat' dir='ltr'>disponit</span> <span class='ocrx_word' id='word_1_140' title='bbox 553 1829 666 1888; x_wconf 91' lang='lat' dir='ltr'>dicens:</span> <span class='ocrx_word' id='word_1_141' title='bbox 693 1847 727 1888; x_wconf 78' lang='lat' dir='ltr'>ee</span> <span class='ocrx_word' id='word_1_142' title='bbox 750 1846 806 1902; x_wconf 76' lang='lat' dir='ltr'>quo</span> <span class='ocrx_word' id='word_1_143' title='bbox 829 1833 872 1887; x_wconf 86' lang='lat' dir='ltr'>ter</span> <span class='ocrx_word' id='word_1_144' title='bbox 894 1828 978 1888; x_wconf 77' lang='lat' dir='ltr'>denis</span> <span class='ocrx_word' id='word_1_145' title='bbox 1000 1830 1102 1886; x_wconf 80' lang='lat' dir='ltr'>orbem</span> <span class='ocrx_word' id='word_1_146' title='bbox 1124 1829 1205 1887; x_wconf 83' lang='lat' dir='ltr'>rede·</span> 
     </span>
     <span class='ocr_line' id='line_1_18' title="bbox 181 1916 1206 1992; baseline -0.003 -14"><span class='ocrx_word' id='word_1_147' title='bbox 181 1920 302 1978; x_wconf 78' lang='lat' dir='ltr'>cotibus</span> <span class='ocrx_word' id='word_1_148' title='bbox 331 1920 421 1977; x_wconf 64' lang='lat' dir='ltr'>anob</span> <span class='ocrx_word' id='word_1_149' title='bbox 450 1918 601 1977; x_wconf 76' lang='lat' dir='ltr'>Ascanius</span> <span class='ocrx_word' id='word_1_150' title='bbox 634 1919 709 1977; x_wconf 82' lang='lat' dir='ltr'>clari</span> <span class='ocrx_word' id='word_1_151' title='bbox 741 1919 842 1977; x_wconf 79' lang='lat' dir='ltr'>condet</span> <span class='ocrx_word' id='word_1_152' title='bbox 873 1918 1051 1992; x_wconf 72' lang='lat' dir='ltr'>superemines</span> <span class='ocrx_word' id='word_1_153' title='bbox 1080 1916 1206 1977; x_wconf 81' lang='lat' dir='ltr'>Album:</span> 
     </span>
     <span class='ocr_line' id='line_1_19' title="bbox 181 2006 1205 2085; baseline 0.001 -20"><span class='ocrx_word' id='word_1_154' title='bbox 181 2009 251 2081; x_wconf 90' lang='lat' dir='ltr'>hoc,</span> <span class='ocrx_word' id='word_1_155' title='bbox 281 2006 397 2084; x_wconf 87' lang='lat' dir='ltr'>inquit,</span> <span class='ocrx_word' id='word_1_156' title='bbox 425 2008 511 2085; x_wconf 83' lang='lat' dir='ltr'>signo</span> <span class='ocrx_word' id='word_1_157' title='bbox 539 2009 727 2067; x_wconf 89' lang='lat' dir='ltr'>monstratur</span> <span class='ocrx_word' id='word_1_158' title='bbox 753 2007 901 2067; x_wconf 84' lang='lat' dir='ltr'>Ascanius</span> <span class='ocrx_word' id='word_1_159' title='bbox 930 2008 1103 2066; x_wconf 89' lang='lat' dir='ltr'>conditurus</span> <span class='ocrx_word' id='word_1_160' title='bbox 1134 2006 1205 2066; x_wconf 86' lang='lat' dir='ltr'>civi·</span> 
     </span>
     <span class='ocr_line' id='line_1_20' title="bbox 181 2096 1205 2175; baseline 0 -19"><span class='ocrx_word' id='word_1_161' title='bbox 181 2100 277 2156; x_wconf 88' lang='lat' dir='ltr'>tatem</span> <span class='ocrx_word' id='word_1_162' title='bbox 299 2096 411 2155; x_wconf 85' lang='lat' dir='ltr'>Albam</span> <span class='ocrx_word' id='word_1_163' title='bbox 438 2100 529 2173; x_wconf 87' lang='lat' dir='ltr'>atque</span> <span class='ocrx_word' id='word_1_164' title='bbox 556 2098 587 2155; x_wconf 93' lang='lat' dir='ltr'>in</span> <span class='ocrx_word' id='word_1_165' title='bbox 611 2116 647 2156; x_wconf 91' lang='lat' dir='ltr'>ea</span> <span class='ocrx_word' id='word_1_166' title='bbox 670 2118 725 2174; x_wconf 93' lang='lat' dir='ltr'>per</span> <span class='ocrx_word' id='word_1_167' title='bbox 746 2099 874 2175; x_wconf 87' lang='lat' dir='ltr'>triginta</span> <span class='ocrx_word' id='word_1_168' title='bbox 898 2116 991 2157; x_wconf 90' lang='lat' dir='ltr'>annos</span> <span class='ocrx_word' id='word_1_169' title='bbox 1014 2099 1205 2174; x_wconf 81' lang='lat' dir='ltr'>regnaturus.</span> 
     </span>
     <span class='ocr_line' id='line_1_21' title="bbox 183 2186 1252 2262; baseline -0.001 -16"><span class='ocrx_word' id='word_1_170' title='bbox 183 2186 335 2262; x_wconf 87' lang='lat' dir='ltr'>conplevit</span> <span class='ocrx_word' id='word_1_171' title='bbox 359 2187 459 2244; x_wconf 87' lang='lat' dir='ltr'>omnia</span> <span class='ocrx_word' id='word_1_172' title='bbox 483 2205 560 2261; x_wconf 89' lang='lat' dir='ltr'>quae</span> <span class='ocrx_word' id='word_1_173' title='bbox 584 2186 761 2245; x_wconf 89' lang='lat' dir='ltr'>adimendae</span> <span class='ocrx_word' id='word_1_174' title='bbox 784 2186 995 2246; x_wconf 91' lang='lat' dir='ltr'>sollicitudinis</span> <span class='ocrx_word' id='word_1_175' title='bbox 1024 2204 1114 2244; x_wconf 90' lang='lat' dir='ltr'>causa</span> <span class='ocrx_word' id='word_1_176' title='bbox 1136 2205 1205 2262; x_wconf 92' lang='lat' dir='ltr'>pro·</span> <span class='ocrx_word' id='word_1_177' title='bbox 1224 2199 1252 2238; x_wconf 75' lang='lat'>²⁰</span> 
     </span>
     <span class='ocr_line' id='line_1_22' title="bbox 182 2274 1205 2353; baseline -0.003 -18"><span class='ocrx_word' id='word_1_178' title='bbox 182 2279 302 2336; x_wconf 89' lang='lat' dir='ltr'>secutus</span> <span class='ocrx_word' id='word_1_179' title='bbox 331 2279 388 2350; x_wconf 89' lang='lat' dir='ltr'>est,</span> <span class='ocrx_word' id='word_1_180' title='bbox 416 2275 493 2334; x_wconf 85' lang='lat' dir='ltr'>dixit</span> <span class='ocrx_word' id='word_1_181' title='bbox 521 2277 582 2335; x_wconf 89' lang='lat' dir='ltr'>alia</span> <span class='ocrx_word' id='word_1_182' title='bbox 610 2295 730 2353; x_wconf 91' lang='lat' dir='ltr'>quoque</span> <span class='ocrx_word' id='word_1_183' title='bbox 753 2296 831 2351; x_wconf 90' lang='lat' dir='ltr'>quae</span> <span class='ocrx_word' id='word_1_184' title='bbox 855 2277 991 2335; x_wconf 87' lang='lat' dir='ltr'>tenerent</span> <span class='ocrx_word' id='word_1_185' title='bbox 1013 2274 1110 2333; x_wconf 83' lang='lat' dir='ltr'>futuri</span> <span class='ocrx_word' id='word_1_186' title='bbox 1132 2278 1205 2334; x_wconf 87' lang='lat' dir='ltr'>tem-</span> 
     </span>
     <span class='ocr_line' id='line_1_23' title="bbox 181 2364 1206 2443; baseline -0.002 -19"><span class='ocrx_word' id='word_1_187' title='bbox 181 2365 263 2443; x_wconf 89' lang='lat' dir='ltr'>poris</span> <span class='ocrx_word' id='word_1_188' title='bbox 287 2385 379 2441; x_wconf 89' lang='lat' dir='ltr'>spem,</span> <span class='ocrx_word' id='word_1_189' title='bbox 401 2365 433 2423; x_wconf 88' lang='lat' dir='ltr'>in</span> <span class='ocrx_word' id='word_1_190' title='bbox 456 2368 577 2424; x_wconf 87' lang='lat' dir='ltr'>tantum</span> <span class='ocrx_word' id='word_1_191' title='bbox 595 2369 630 2424; x_wconf 91' lang='lat' dir='ltr'>ut</span> <span class='ocrx_word' id='word_1_192' title='bbox 648 2366 880 2442; x_wconf 88' lang='lat' dir='ltr'>prosperitatem</span> <span class='ocrx_word' id='word_1_193' title='bbox 898 2366 995 2441; x_wconf 89' lang='lat' dir='ltr'>ipsam</span> <span class='ocrx_word' id='word_1_194' title='bbox 1019 2364 1130 2423; x_wconf 86' lang='lat' dir='ltr'>diceret</span> <span class='ocrx_word' id='word_1_195' title='bbox 1152 2385 1206 2440; x_wconf 90' lang='lat' dir='ltr'>per</span> 
     </span>
     <span class='ocr_line' id='line_1_24' title="bbox 182 2454 1205 2532; baseline -0.003 -18"><span class='ocrx_word' id='word_1_196' title='bbox 182 2457 304 2515; x_wconf 88' lang='lat' dir='ltr'>Aenean</span> <span class='ocrx_word' id='word_1_197' title='bbox 326 2456 427 2531; x_wconf 89' lang='lat' dir='ltr'>ipsum</span> <span class='ocrx_word' id='word_1_198' title='bbox 451 2455 489 2514; x_wconf 82' lang='lat' dir='ltr'>ad</span> <span class='ocrx_word' id='word_1_199' title='bbox 511 2454 676 2514; x_wconf 85' lang='lat' dir='ltr'>Ascanium</span> <span class='ocrx_word' id='word_1_200' title='bbox 700 2475 818 2532; x_wconf 87' lang='lat' dir='ltr'>quoque</span> <span class='ocrx_word' id='word_1_201' title='bbox 842 2459 1009 2514; x_wconf 83' lang='lat' dir='ltr'>venturam.</span> <span class='ocrx_word' id='word_1_202' title='bbox 1051 2454 1205 2512; x_wconf 90' lang='lat' dir='ltr'>confirma·</span> 
     </span>
     <span class='ocr_line' id='line_1_25' title="bbox 181 2542 1206 2620; baseline -0.004 -15"><span class='ocrx_word' id='word_1_203' title='bbox 181 2547 273 2605; x_wconf 91' lang='lat' dir='ltr'>tionis</span> <span class='ocrx_word' id='word_1_204' title='bbox 302 2545 436 2604; x_wconf 88' lang='lat' dir='ltr'>omnium</span> <span class='ocrx_word' id='word_1_205' title='bbox 459 2544 518 2603; x_wconf 85' lang='lat' dir='ltr'>fuit</span> <span class='ocrx_word' id='word_1_206' title='bbox 544 2545 616 2603; x_wconf 78' lang='lat' dir='ltr'>leuci</span> <span class='ocrx_word' id='word_1_207' title='bbox 640 2547 750 2603; x_wconf 80' lang='lat' dir='ltr'>incerto</span> <span class='ocrx_word' id='word_1_208' title='bbox 774 2561 860 2612; x_wconf 82' lang='lat' dir='ltr'>cono,</span> <span class='ocrx_word' id='word_1_209' title='bbox 885 2543 966 2620; x_wconf 93' lang='lat' dir='ltr'>quod</span> <span class='ocrx_word' id='word_1_210' title='bbox 985 2544 1061 2602; x_wconf 87' lang='lat' dir='ltr'>solet</span> <span class='ocrx_word' id='word_1_211' title='bbox 1080 2542 1206 2617; x_wconf 87' lang='lat' dir='ltr'>evenire,</span> 
     </span>
     <span class='ocr_line' id='line_1_26' title="bbox 182 2633 1251 2709; baseline -0.002 -17"><span class='ocrx_word' id='word_1_212' title='bbox 182 2635 254 2694; x_wconf 89' lang='lat' dir='ltr'>dum</span> <span class='ocrx_word' id='word_1_213' title='bbox 275 2636 410 2694; x_wconf 91' lang='lat' dir='ltr'>homines</span> <span class='ocrx_word' id='word_1_214' title='bbox 435 2633 594 2692; x_wconf 87' lang='lat' dir='ltr'>dormiunt.</span> <span class='ocrx_word' id='word_1_215' title='bbox 646 2635 719 2707; x_wconf 87' lang='lat' dir='ltr'>ista,</span> <span class='ocrx_word' id='word_1_216' title='bbox 742 2633 856 2709; x_wconf 84' lang='lat' dir='ltr'>inquit,</span> <span class='ocrx_word' id='word_1_217' title='bbox 879 2652 951 2692; x_wconf 89' lang='lat' dir='ltr'>vera</span> <span class='ocrx_word' id='word_1_218' title='bbox 974 2635 1045 2691; x_wconf 89' lang='lat' dir='ltr'>sunt</span> <span class='ocrx_word' id='word_1_219' title='bbox 1072 2635 1102 2690; x_wconf 89' lang='lat' dir='ltr'>et</span> <span class='ocrx_word' id='word_1_220' title='bbox 1126 2635 1205 2691; x_wconf 88' lang='lat' dir='ltr'>certo</span> <span class='ocrx_word' id='word_1_221' title='bbox 1225 2643 1251 2684; x_wconf 77' lang='lat'>2⁶</span> 
     </span>
    </p>

    <p class='ocr_par' dir='ltr' id='par_1_3' title="bbox 137 2723 1253 3335">
     <span class='ocr_line' id='line_1_27' title="bbox 137 2723 1207 2800; baseline -0.001 -19"><span class='ocrx_word' id='word_1_222' title='bbox 137 2732 172 2781; x_wconf 82' lang='lat'>50</span> <span class='ocrx_word' id='word_1_223' title='bbox 181 2725 375 2800; x_wconf 84' lang='lat' dir='ltr'>proferuntur</span> <span class='ocrx_word' id='word_1_224' title='bbox 398 2726 527 2782; x_wconf 87' lang='lat' dir='ltr'>auctore.</span> <span class='ocrx_word' id='word_1_225' title='bbox 559 2740 639 2781; x_wconf 77' lang='lat' dir='ltr'>neoc</span> <span class='ocrx_word' id='word_1_226' title='bbox 657 2741 716 2796; x_wconf 79' lang='lat' dir='ltr'>qua</span> <span class='ocrx_word' id='word_1_227' title='bbox 734 2725 847 2782; x_wconf 76' lang='lat' dir='ltr'>rotrone</span> <span class='ocrx_word' id='word_1_228' title='bbox 866 2723 942 2794; x_wconf 77' lang='lat' dir='ltr'>qood</span> <span class='ocrx_word' id='word_1_229' title='bbox 960 2723 1052 2780; x_wconf 81' lang='lat' dir='ltr'>instat</span> <span class='ocrx_word' id='word_1_230' title='bbox 1069 2723 1207 2795; x_wconf 76' lang='lat' dir='ltr'>expedies</span> 
     </span>
     <span class='ocr_line' id='line_1_28' title="bbox 181 2811 1206 2888; baseline -0.001 -18"><span class='ocrx_word' id='word_1_231' title='bbox 181 2815 272 2871; x_wconf 78' lang='lat' dir='ltr'>vietor</span> <span class='ocrx_word' id='word_1_232' title='bbox 289 2815 410 2884; x_wconf 77' lang='lat' dir='ltr'>puceis,</span> <span class='ocrx_word' id='word_1_233' title='bbox 431 2813 561 2879; x_wconf 80' lang='lat' dir='ltr'>adverte,</span> <span class='ocrx_word' id='word_1_234' title='bbox 580 2813 699 2871; x_wconf 84' lang='lat' dir='ltr'>docebo:</span> <span class='ocrx_word' id='word_1_235' title='bbox 725 2814 779 2888; x_wconf 92' lang='lat' dir='ltr'>qui</span> <span class='ocrx_word' id='word_1_236' title='bbox 801 2811 992 2888; x_wconf 85' lang='lat' dir='ltr'>praedixerat</span> <span class='ocrx_word' id='word_1_237' title='bbox 1013 2811 1111 2870; x_wconf 80' lang='lat' dir='ltr'>futuri</span> <span class='ocrx_word' id='word_1_238' title='bbox 1133 2814 1206 2870; x_wconf 89' lang='lat' dir='ltr'>tem-</span> 
     </span>
     <span class='ocr_line' id='line_1_29' title="bbox 182 2901 1206 2979; baseline 0 -21"><span class='ocrx_word' id='word_1_239' title='bbox 182 2903 263 2978; x_wconf 91' lang='lat' dir='ltr'>poris</span> <span class='ocrx_word' id='word_1_240' title='bbox 286 2901 365 2959; x_wconf 89' lang='lat' dir='ltr'>bona</span> <span class='ocrx_word' id='word_1_241' title='bbox 387 2903 461 2959; x_wconf 89' lang='lat' dir='ltr'>haut</span> <span class='ocrx_word' id='word_1_242' title='bbox 485 2901 626 2979; x_wconf 87' lang='lat' dir='ltr'>ambigua</span> <span class='ocrx_word' id='word_1_243' title='bbox 650 2903 742 2960; x_wconf 89' lang='lat' dir='ltr'>etiam</span> <span class='ocrx_word' id='word_1_244' title='bbox 765 2902 801 2960; x_wconf 90' lang='lat' dir='ltr'>de</span> <span class='ocrx_word' id='word_1_245' title='bbox 827 2901 978 2976; x_wconf 87' lang='lat' dir='ltr'>praesenti</span> <span class='ocrx_word' id='word_1_246' title='bbox 1005 2902 1206 2977; x_wconf 89' lang='lat' dir='ltr'>prosperitate</span> 
     </span>
     <span class='ocr_line' id='line_1_30' title="bbox 181 2990 1206 3066; baseline -0.001 -18"><span class='ocrx_word' id='word_1_247' title='bbox 181 2991 391 3066; x_wconf 89' lang='lat' dir='ltr'>pronuntiasse</span> <span class='ocrx_word' id='word_1_248' title='bbox 410 2990 569 3049; x_wconf 83' lang='lat' dir='ltr'>videbatur</span> <span class='ocrx_word' id='word_1_249' title='bbox 588 2993 738 3050; x_wconf 88' lang='lat' dir='ltr'>ettamen</span> <span class='ocrx_word' id='word_1_250' title='bbox 758 2990 835 3049; x_wconf 87' lang='lat' dir='ltr'>nibil</span> <span class='ocrx_word' id='word_1_251' title='bbox 853 2992 956 3051; x_wconf 84' lang='lat' dir='ltr'>volens</span> <span class='ocrx_word' id='word_1_252' title='bbox 975 2990 1007 3047; x_wconf 94' lang='lat' dir='ltr'>in</span> <span class='ocrx_word' id='word_1_253' title='bbox 1027 2990 1143 3048; x_wconf 89' lang='lat' dir='ltr'>occulto</span> <span class='ocrx_word' id='word_1_254' title='bbox 1162 3009 1206 3048; x_wconf 90' lang='lat' dir='ltr'>re-</span> 
     </span>
     <span class='ocr_line' id='line_1_31' title="bbox 183 3078 1253 3156; baseline 0 -19"><span class='ocrx_word' id='word_1_255' title='bbox 183 3099 301 3137; x_wconf 86' lang='lat' dir='ltr'>manere</span> <span class='ocrx_word' id='word_1_256' title='bbox 325 3078 443 3138; x_wconf 88' lang='lat' dir='ltr'>addidit</span> <span class='ocrx_word' id='word_1_257' title='bbox 465 3080 557 3139; x_wconf 90' lang='lat' dir='ltr'>etiam</span> <span class='ocrx_word' id='word_1_258' title='bbox 579 3081 653 3139; x_wconf 91' lang='lat' dir='ltr'>haec</span> <span class='ocrx_word' id='word_1_259' title='bbox 676 3099 753 3156; x_wconf 91' lang='lat' dir='ltr'>quae</span> <span class='ocrx_word' id='word_1_260' title='bbox 776 3081 864 3138; x_wconf 85' lang='lat' dir='ltr'>illum</span> <span class='ocrx_word' id='word_1_261' title='bbox 888 3080 1020 3138; x_wconf 86' lang='lat' dir='ltr'>facerent</span> <span class='ocrx_word' id='word_1_262' title='bbox 1042 3078 1206 3137; x_wconf 90' lang='lat' dir='ltr'>laetiorem.</span> <span class='ocrx_word' id='word_1_263' title='bbox 1227 3089 1253 3129; x_wconf 78' lang='lat'>³⁰</span> 
     </span>
     <span class='ocr_line' id='line_1_32' title="bbox 183 3168 1206 3245; baseline -0.002 -17"><span class='ocrx_word' id='word_1_264' title='bbox 183 3169 263 3243; x_wconf 75' lang='lat' dir='ltr'>audi,</span> <span class='ocrx_word' id='word_1_265' title='bbox 277 3169 386 3244; x_wconf 86' lang='lat' dir='ltr'>inquit,</span> <span class='ocrx_word' id='word_1_266' title='bbox 405 3188 483 3228; x_wconf 88' lang='lat' dir='ltr'>nunc</span> <span class='ocrx_word' id='word_1_267' title='bbox 502 3173 532 3228; x_wconf 89' lang='lat' dir='ltr'>et</span> <span class='ocrx_word' id='word_1_268' title='bbox 551 3168 701 3245; x_wconf 92' lang='lat' dir='ltr'>quomodo</span> <span class='ocrx_word' id='word_1_269' title='bbox 719 3171 891 3245; x_wconf 87' lang='lat' dir='ltr'>praesentia</span> <span class='ocrx_word' id='word_1_270' title='bbox 910 3169 1039 3227; x_wconf 89' lang='lat' dir='ltr'>declines</span> <span class='ocrx_word' id='word_1_271' title='bbox 1060 3169 1206 3228; x_wconf 89' lang='lat' dir='ltr'>ausculta.</span> 
     </span>
     <span class='ocr_line' id='line_1_33' title="bbox 183 3258 1208 3335; baseline 0 -19"><span class='ocrx_word' id='word_1_272' title='bbox 183 3258 257 3318; x_wconf 87' lang='lat' dir='ltr'>bene</span> <span class='ocrx_word' id='word_1_273' title='bbox 280 3258 418 3335; x_wconf 83' lang='lat' dir='ltr'>promisit</span> <span class='ocrx_word' id='word_1_274' title='bbox 440 3258 630 3333; x_wconf 83' lang='lat' dir='ltr'>brevitatem,</span> <span class='ocrx_word' id='word_1_275' title='bbox 653 3278 690 3317; x_wconf 92' lang='lat' dir='ltr'>ne</span> <span class='ocrx_word' id='word_1_276' title='bbox 713 3259 775 3317; x_wconf 87' lang='lat' dir='ltr'>iam</span> <span class='ocrx_word' id='word_1_277' title='bbox 799 3258 852 3316; x_wconf 91' lang='lat' dir='ltr'>diu</span> <span class='ocrx_word' id='word_1_278' title='bbox 875 3258 1039 3317; x_wconf 90' lang='lat' dir='ltr'>sollicitum</span> <span class='ocrx_word' id='word_1_279' title='bbox 1063 3260 1208 3316; x_wconf 84' lang='lat' dir='ltr'>sermonis</span> 
     </span>
    </p>
   </div>
   <div class='ocr_carea' id='block_1_3' title="bbox 181 3427 1208 3770">
    <p class='ocr_par' dir='ltr' id='par_1_4' title="bbox 181 3427 1208 3770">
     <span class='ocr_line' id='line_1_34' title="bbox 254 3427 1207 3484; baseline 0.001 -2"><span class='ocrx_word' id='word_1_280' title='bbox 254 3435 272 3482; x_wconf 83' lang='lat'>4</span> <span class='ocrx_word' id='word_1_281' title='bbox 300 3429 437 3484; x_wconf 84' lang='lat' dir='ltr'>accederet</span> <span class='ocrx_word' id='word_1_282' title='bbox 461 3427 494 3483; x_wconf 87' lang='lat' dir='ltr'>V.</span> <span class='ocrx_word' id='word_1_283' title='bbox 581 3434 597 3481; x_wconf 80' lang='lat'><strong>5</strong></span> <span class='ocrx_word' id='word_1_284' title='bbox 626 3429 786 3483; x_wconf 79' lang='lat' dir='ltr'>dororieotis</span> <span class='ocrx_word' id='word_1_285' title='bbox 809 3427 835 3481; x_wconf 91' lang='lat' dir='ltr'>V</span> <span class='ocrx_word' id='word_1_286' title='bbox 859 3428 904 3483; x_wconf 90' lang='lat' dir='ltr'>ed.</span> <span class='ocrx_word' id='word_1_287' title='bbox 989 3434 1005 3481; x_wconf 83' lang='lat'>6</span> <span class='ocrx_word' id='word_1_288' title='bbox 1033 3429 1136 3482; x_wconf 78' lang='lat' dir='ltr'>instrui</span> <span class='ocrx_word' id='word_1_289' title='bbox 1164 3428 1207 3483; x_wconf 90' lang='lat' dir='ltr'>ed.</span> 
     </span>
     <span class='ocr_line' id='line_1_35' title="bbox 185 3498 1208 3570; baseline 0.001 -17"><span class='ocrx_word' id='word_1_290' title='bbox 185 3505 199 3552; x_wconf 81' lang='grc'><strong>7</strong></span> <span class='ocrx_word' id='word_1_291' title='bbox 226 3502 392 3570; x_wconf 73' lang='lat' dir='ltr'>coyaosceris</span> <span class='ocrx_word' id='word_1_292' title='bbox 412 3499 438 3553; x_wconf 92' lang='lat' dir='ltr'>V</span> <span class='ocrx_word' id='word_1_293' title='bbox 463 3516 603 3570; x_wconf 73' lang='lat' dir='ltr'>copcosees</span> <span class='ocrx_word' id='word_1_294' title='bbox 629 3500 673 3554; x_wconf 88' lang='lat' dir='ltr'>ed.</span> <span class='ocrx_word' id='word_1_295' title='bbox 760 3505 776 3554; x_wconf 90' lang='lat'>8</span> <span class='ocrx_word' id='word_1_296' title='bbox 803 3500 894 3555; x_wconf 79' lang='lat' dir='ltr'>silices</span> <span class='ocrx_word' id='word_1_297' title='bbox 917 3498 940 3551; x_wconf 88' lang='lat' dir='ltr'>V</span> <span class='ocrx_word' id='word_1_298' title='bbox 965 3501 1063 3553; x_wconf 82' lang='lat' dir='ltr'>salices</span> <span class='ocrx_word' id='word_1_299' title='bbox 1085 3498 1140 3552; x_wconf 87' lang='grc' dir='ltr'>ΗΟ</span> <span class='ocrx_word' id='word_1_300' title='bbox 1164 3500 1208 3554; x_wconf 89' lang='lat' dir='ltr'>ed.</span> 
     </span>
     <span class='ocr_line' id='line_1_36' title="bbox 185 3570 1208 3638; baseline 0 -14"><span class='ocrx_word' id='word_1_301' title='bbox 185 3577 218 3624; x_wconf 78' lang='lat'>12</span> <span class='ocrx_word' id='word_1_302' title='bbox 251 3589 393 3627; x_wconf 76' lang='lat' dir='ltr'>numeroso</span> <span class='ocrx_word' id='word_1_303' title='bbox 416 3571 442 3625; x_wconf 91' lang='lat' dir='ltr'>V</span> <span class='ocrx_word' id='word_1_304' title='bbox 468 3587 581 3626; x_wconf 71' lang='lat' dir='ltr'>numero</span> <span class='ocrx_word' id='word_1_305' title='bbox 610 3570 633 3625; x_wconf 88' lang='grc' dir='ltr'>Ο</span> <span class='ocrx_word' id='word_1_306' title='bbox 665 3588 795 3626; x_wconf 72' lang='lat' dir='ltr'>numeras</span> <span class='ocrx_word' id='word_1_307' title='bbox 822 3571 849 3624; x_wconf 93' lang='grc' dir='ltr'>Η</span> <span class='ocrx_word' id='word_1_308' title='bbox 877 3571 921 3625; x_wconf 91' lang='lat' dir='ltr'>ed.</span> <span class='ocrx_word' id='word_1_309' title='bbox 1013 3575 1047 3623; x_wconf 78' lang='lat'>28</span> <span class='ocrx_word' id='word_1_310' title='bbox 1078 3577 1129 3625; x_wconf 79' lang='lat' dir='ltr'>aot</span> <span class='ocrx_word' id='word_1_311' title='bbox 1157 3588 1208 3638; x_wconf 91' lang='lat' dir='ltr'>pro</span> 
     </span>
     <span class='ocr_line' id='line_1_37' title="bbox 183 3641 1208 3714; baseline 0.001 -18"><span class='ocrx_word' id='word_1_312' title='bbox 183 3644 252 3697; x_wconf 80' lang='lat' dir='ltr'>boot</span> <span class='ocrx_word' id='word_1_313' title='bbox 274 3642 308 3696; x_wconf 89' lang='lat' dir='ltr'>V.</span> <span class='ocrx_word' id='word_1_314' title='bbox 381 3648 415 3696; x_wconf 79' lang='lat'>29</span> <span class='ocrx_word' id='word_1_315' title='bbox 441 3643 568 3698; x_wconf 70' lang='lat' dir='ltr'>videatur</span> <span class='ocrx_word' id='word_1_316' title='bbox 588 3641 614 3695; x_wconf 98' lang='lat' dir='ltr'>V</span> <span class='ocrx_word' id='word_1_317' title='bbox 639 3644 748 3699; x_wconf 61' lang='lat' dir='ltr'>eiectos</span> <span class='ocrx_word' id='word_1_318' title='bbox 773 3643 816 3697; x_wconf 90' lang='lat' dir='ltr'>ed.</span> <span class='ocrx_word' id='word_1_319' title='bbox 851 3643 853 3714; x_wconf 72' lang='lat' dir='ltr'>l</span> <span class='ocrx_word' id='word_1_320' title='bbox 891 3644 995 3697; x_wconf 77' lang='lat' dir='ltr'>occulto</span> <span class='ocrx_word' id='word_1_321' title='bbox 1016 3641 1041 3694; x_wconf 92' lang='lat' dir='ltr'>V</span> <span class='ocrx_word' id='word_1_322' title='bbox 1061 3643 1104 3696; x_wconf 90' lang='lat' dir='ltr'>ed.</span> <span class='ocrx_word' id='word_1_323' title='bbox 1130 3643 1161 3696; x_wconf 81' lang='lat' dir='ltr'>ia</span> <span class='ocrx_word' id='word_1_324' title='bbox 1185 3659 1208 3697; x_wconf 91' lang='lat' dir='ltr'>o.</span> 
     </span>
     <span class='ocr_line' id='line_1_38' title="bbox 181 3716 466 3770; baseline 0.011 -5"><span class='ocrx_word' id='word_1_325' title='bbox 181 3730 234 3766; x_wconf 85' lang='lat' dir='ltr'>nos</span> <span class='ocrx_word' id='word_1_326' title='bbox 253 3729 290 3766; x_wconf 89' lang='lat' dir='ltr'>an</span> <span class='ocrx_word' id='word_1_327' title='bbox 309 3716 466 3770; x_wconf 77' lang='lat' dir='ltr'>oecultum?</span> 
     </span>
    </p>
   </div>
   <div class='ocr_carea' id='block_1_4' title="bbox 0 0 1374 4150">
    <p class='ocr_par' dir='ltr' id='par_1_5' title="bbox 0 0 1374 4150">
     <span class='ocr_line' id='line_1_39' title="bbox 0 0 1374 4150; baseline 0 0"><span class='ocrx_word' id='word_1_328' title='bbox 0 0 1374 4150; x_wconf 95' lang='lat' dir='ltr'> </span> 
     </span>
    </p>
   </div>
  </div>
 </body>
</html>
