2725 4150
558 321 800 377 mnemosxi
1123 323 1189 391 435

171 493 224 549 est.
261 490 412 564 spargitur
435 489 567 548 citellus
591 490 734 560 lacrimis,
759 494 942 565 sparguntur
964 494 989 549 et
1012 490 1191 550 orma.·.hoc

171 579 301 638 faciebat
315 577 426 637 doloris
439 578 616 655 inmanitas3
636 578 703 655 quis
722 579 802 637 enim
819 598 879 638 non
892 580 1062 638 moveretur
1076 579 1190 639 amissi·

172 687 227 727 one
250 667 365 726 inflicta
382 667 558 727 tantorum?
580 669 604 727 lt
622 668 701 727 coelo
720 668 884 741 clamorque
901 669 1000 727 cirum
1018 668 1192 741 cancerque

171 759 324 816 tuborum:
345 758 476 815 alterum
495 757 665 832 pertinebat
682 756 722 816 ad
735 758 863 834 gemitus
879 758 987 833 animi,
1006 757 1135 817 altorum
1154 757 1192 816 ad

141 868 153 906 5
172 847 310 922 exequias
333 845 522 906 bellatorum.
553 846 600 905 uc
622 847 677 906 alit
699 846 795 919 spolia
817 848 919 906 occisis
937 847 1056 920 derepta
1071 846 1193 906 Latinis

172 937 317 995 coniciunt
338 937 415 1010 lyci:
445 935 607 995 tradebant
627 935 694 1014 igni
716 954 794 1012 quac
816 938 980 1012 rapuerant
1001 935 1139 995 hostibus
1163 938 1193 995 et

172 1026 246 1084 dicit
269 1043 360 1100 quae:
384 1025 499 1099 poleos,
523 1023 637 1100 inquit,
665 1042 802 1097 ensesque
829 1026 946 1085 decoros
971 1027 1113 1100 frenoque
1134 1025 1255 1099 fer-195

171 1116 320 1186 sectisque
341 1119 439 1186 rctos‚·
457 1132 533 1188 pars
555 1131 681 1173 mactem
703 1118 786 1184 noto,
811 1114 896 1174 addit
918 1115 1010 1172 etiam
1032 1114 1064 1174 in
1084 1113 1193 1191 quibus

171 1204 325 1279 speciebus
348 1204 488 1278 fuissent,
517 1203 662 1277 ipsorum,
691 1204 804 1279 inquit,
828 1204 933 1276 clipeos
962 1207 988 1261 et
1011 1221 1071 1263 acu
1093 1205 1194 1276 felicia

129 1315 154 1353 ro
172 1295 243 1352 telo:
273 1293 340 1351 ideo
364 1296 424 1351 non
447 1293 561 1368 felicia,
584 1294 657 1369 quia
680 1291 869 1352 dominorum
892 1293 988 1352 vitam
1010 1312 1069 1351 non
1093 1293 1192 1356 dofonr

173 1383 287 1440 derant.
318 1383 460 1441 ferventis
483 1384 564 1442 rotas
584 1383 716 1457 accipere
735 1389 894 1458 possumus
914 1383 967 1441 aut
984 1382 1095 1441 velocis
1119 1381 1193 1441 satis

173 1474 227 1530 aut
246 1472 342 1531 adhuc
355 1472 498 1531 ferventis
517 1491 553 1529 ex
571 1489 674 1546 cursu3
697 1489 733 1530 ox
751 1472 862 1530 tritura
880 1471 959 1530 enim
973 1469 1042 1529 'axis
1062 1473 1092 1529 ot
1109 1473 1193 1530 rotae

172 1579 300 1638 magnus
315 1561 415 1620 fervor
431 1559 572 1620 exoritur.
604 1561 636 1619 in
654 1561 702 1620 his
717 1560 870 1635 speciebus
884 1560 955 1620 licet
968 1561 1069 1620 essent
1081 1560 1194 1618 multae

173 1651 210 1709 ob
229 1650 484 1726 pulchritudinem
497 1649 674 1724 servandam
688 1652 790 1710 tamen
808 1651 955 1727 promisco
975 1667 1075 1709 omnes
1094 1649 1193 1708 mitte·

129 1759 155 1799 15
173 1740 283 1797 bantur
296 1740 328 1825 in
337 1738 498 1798 flammam.
507 1740 564 1798 hoc
578 1740 658 1798 enim
668 1739 807 1817 exigebat
820 1739 965 1799 memoria
974 1738 1195 1813 defunctorum,

173 1831 209 1886 ut
236 1847 314 1903 quae
342 1828 447 1888 occisis
474 1827 591 1888 Latinis
620 1829 811 1888 detraxerant
841 1847 909 1887 cum
935 1827 1010 1904 ipsis
1038 1826 1194 1886 funeribus

173 1919 359 1977 verterentur
381 1919 413 1976 in
436 1917 572 1977 cinerem.
593 1971 595 1974 Α
617 1918 711 1976 multa
735 1919 821 1977 bourn
844 1918 923 1977 circo
944 1921 1112 1976 mactantur
1135 1933 1195 1975 ccr-

168 2025 247 2081 pora
265 2007 373 2065 Morti:
395 2008 474 2066 circa
491 2007 590 2066 multa
609 2007 766 2066 hominum
784 2007 891 2066 funera
908 2007 1005 2065 multa
1022 2005 1115 2067 bo'um
1133 2025 1195 2067 sor.-

173 2116 247 2172 pora
270 2098 449 2156 mactantur.
486 2098 696 2172 scdicaosquc
719 2114 786 2157 sues
815 2101 975 2170 raptosque
1002 2113 1036 2156 ee
1061 2096 1196 2158 omnibus

130 2206 155 2245 ro
174 2188 254 2259 cyris
272 2187 306 2244 ln
323 2188 476 2257 dommum
493 2187 630 2261 iugulant
643 2186 785 2260 pecudes:
809 2186 889 2261 quod
913 2187 948 2245 de
966 2185 1062 2245 bubus
1081 2185 1196 2244 dictum

174 2277 219 2333 est
242 2275 376 2351 separari
399 2276 549 2350 convenit,
576 2294 613 2333 ne
640 2275 696 2333 fiat
718 2276 843 2350 vitium,
870 2275 897 2334 si
923 2274 1021 2351 porcis
1050 2277 1081 2334 et
1108 2293 1195 2350 pocur

174 2364 261 2423 dibus
283 2366 463 2442 iungentum
486 2384 547 2424 non
565 2365 645 2424 enim
663 2365 803 2424 cohaeret
816 2365 988 2425 mactantur
1000 2364 1093 2423 Morti
1106 2363 1196 2421 boum

174 2473 298 2529 corpora
322 2457 353 2512 et
370 2455 543 2513 mactantur
561 2454 726 2532 saetigeros
745 2472 812 2514 sues
835 2456 866 2514 ot
886 2452 1039 2530 pecudes..
1055 2453 1196 2527 quocirca

174 2542 418 2621 distinguendum
448 2545 494 2603 est
521 2543 618 2602 multa
643 2543 736 2603 boum
766 2544 845 2603 circa
872 2544 1044 2602 mactantur
1071 2559 1196 2617 corpora

130 2651 156 2689 25
174 2633 266 2691 Morti
288 2635 319 2691 et
341 2633 504 2709 separatim
522 2632 778 2709 pronuntiandum
796 2633 1018 2710 saetigerosque
1041 2650 1108 2691 sues
1127 2650 1195 2707 rap-

174 2725 282 2797 tasque
312 2741 348 2779 ex
375 2721 514 2781 omnibus
543 2723 624 2799 agris
651 2721 685 2780 in
706 2722 859 2781 flammam
885 2721 1028 2800 iugulant
1059 2721 1196 2797 pecudes,

174 2813 208 2869 ut
231 2810 352 2888 singula
381 2810 504 2870 diversis
532 2810 710 2870 animalium
738 2810 896 2889 generibus
924 2813 1067 2887 aptentur
1094 2813 1124 2869 ct
1147 2811 1195 2883 sit,

175 2902 252 2958 sicut
275 2903 334 2975 est,
361 2901 451 2976 plena
476 2900 637 2959 locutionis
664 2900 837 2978 integritas:
865 2899 954 2960 boves
983 2899 1195 2976 intellegamus

175 3009 237 3049 esse
261 2992 422 3065 mactatos,
445 2990 614 3067 iugulatam
634 3008 706 3050 voro
725 3007 884 3067 porcorum
907 2992 937 3048 et
959 3008 1101 3065 pecorum
1120 2988 1196 3052 mul·

130 3079 344 3138 retitudinem.
384 3079 417 3137 in
444 3078 595 3137 flammam
619 3097 679 3137 non
702 3080 821 3139 tantum
845 3078 883 3138 ad
906 3097 1010 3153 porcos
1035 3080 1066 3136 et
1088 3095 1196 3153 pecora

174 3188 279 3227 verum
306 3171 399 3229 etiam
426 3167 464 3226 ad
486 3168 577 3228 boves
601 3167 748 3245 pertinet,
775 3170 811 3226 ut
838 3168 879 3227 sit
908 3167 997 3227 boves
1026 3168 1197 3225 mactantur

174 3258 206 3315 in
229 3259 380 3318 flammam
408 3261 438 3317 et
465 3258 548 3333 porci
576 3275 611 3316 ac
640 3275 749 3334 peoora
775 3257 956 3335 iugulantur
981 3256 1014 3316 in
1036 3257 1195 3315 flammam.

247 3434 262 3481 2
282 3431 314 3482 lc
332 3430 478 3483 ambacuc
497 3428 567 3481 eds.
642 3428 769 3495 linquit
786 3444 840 3481 om.
858 3426 901 3480 ed.
979 3431 995 3479 8
1019 3425 1130 3481 addidit
1152 3424 1194 3477 ed¹

176 3505 191 3551 9
211 3500 302 3567 iuquit
320 3515 374 3553 om.
389 3500 432 3554 ed.
497 3504 531 3552 10
550 3500 611 3553 ideo
628 3514 687 3552 core
704 3498 799 3565 felicio
816 3515 870 3553 om.
886 3497 929 3550 ed.
992 3502 1026 3550 14
1044 3497 1197 3565 procstseue

176 3570 219 3623 ed.
282 3575 315 3624 19
334 3577 457 3626 tractaret
474 3571 518 3624 ed.
581 3574 615 3623 20
634 3570 794 3637 quod-23
812 3570 931 3640 pectides
948 3568 1072 3621 amad.
1129 3570 1173 3612 ‘ab
1193 3568 1222 3609 et

174 3647 272 3709 raptas
290 3642 364 3765 ed'd
405 3647 440 3696 29
451 3642 593 3713 pecudum
613 3641 659 3699 ed.
735 3648 772 3700 bb
792 3660 854 3700 coa
869 3640 1087 3697 rectum-aa
1101 3634 1140 3683 aa
1155 3630 1245 3690 pum·

168 3728 240 3763 neam
259 3727 309 3764 om.
328 3728 369 3766 e.
1095 3744 1097 3758 2

1051 3806 1111 3863 ‘ff‘
