2725 4150
548 308 733 366 inermos
747 309 813 365 un
1128 311 1192 379 135

172 482 317 540 virtutem
339 482 433 558 ipsius
457 480 625 557 propriam,
648 479 688 538 ad
711 481 919 558 cognationem
946 480 1068 555 patrum
1095 483 1126 539 et
1152 479 1192 540 ed

172 570 407 630 benivolentiam
436 571 568 647 optimae
597 569 746 646 opinionis
773 570 804 627 et
833 568 945 643 famam
977 568 1057 645 quod
1088 571 1192 628 eutem

173 661 217 719 ait
234 663 265 718 et
288 660 360 720 fatis
384 679 479 738 egere,
502 659 653 738 significet
670 658 811 718 iussionis
832 658 1052 732 auctoritatem,
1071 656 1119 717 cui
1137 677 1191 721 nec

171 751 236 826 ipse
259 749 350 808 reniti
372 749 474 826 potuit
496 767 550 808 nec
573 747 678 807 debuit
695 747 839 806 Euander
855 746 1007 806 reluctari.
1038 749 1190 823 postremo

140 854 152 894 a
172 838 283 898 adiecit
304 840 506 912 voluntatem,
534 857 571 896 ne
598 837 631 896 id
660 836 742 912 quod
770 835 880 914 agebat
901 836 1016 895 invitus
1039 835 1191 896 videretur

171 929 346 1004 suscepisse,
369 927 457 1005 quasi
479 929 614 1003 optasset
636 927 729 985 etiam
751 928 815 1003 ipse
839 943 925 985 nosse
945 925 1081 1001 adfinem,
1101 944 1191 1004 quern

170 1035 287 1077 summo
310 1018 409 1077 laudis
432 1017 592 1094 praeconio
616 1033 718 1075 omnes
740 1015 847 1092 populi
869 1015 1086 1093 praeferebant.
1127 1018 1190 1092 tua,

169 1108 284 1182 inquit,
313 1107 402 1166 terris
432 1106 529 1165 didita
557 1103 653 1165 fama:
680 1123 741 1164 non
768 1105 868 1165 famae
895 1104 1050 1183 respondit
1078 1105 1191 1182 plurali

170 1215 302 1270 numero,
321 1195 374 1255 sed
397 1194 534 1255 omnibus
558 1214 636 1271 quae
659 1195 770 1271 posuit,
793 1197 957 1271 antequam
979 1193 1015 1252 de
1034 1194 1117 1254 fama
1136 1195 1190 1254 ali·

125 1300 151 1339 1o
169 1285 243 1363 quid
266 1285 387 1346 diceret.
432 1283 550 1344 inducit
578 1286 648 1360 post
676 1285 751 1343 haec
781 1284 998 1360 expositionem
1027 1286 1058 1342 et
1086 1303 1190 1344 narra·

167 1376 281 1434 tionem
302 1376 395 1434 talem
419 1393 479 1451 qua
502 1373 639 1432 Euandri
660 1391 692 1432 se
713 1375 862 1432 monstret
884 1371 1025 1447 adfinem,
1046 1375 1190 1450 quoniam

168 1483 260 1540 supra
284 1464 361 1523 dixit
379 1464 559 1542 cognatique
581 1465 692 1539 patres,
737 1461 814 1522 hene
836 1461 933 1540 igitur
954 1462 1104 1521 rationem
1122 1481 1189 1523 san·

169 1552 268 1630 guinis
305 1555 462 1613 stemmate
499 1552 654 1613 conlocato
691 1550 884 1628 prosequitur
920 1552 976 1610 sic:
1011 1551 1188 1622 Dardanos,

168 1642 283 1700 illucue
300 1644 419 1716 primus
438 1647 525 1716 poter
546 1642 630 1700 urbis
653 1644 680 1699 et
702 1644 811 1710 acea,
830 1640 960 1709 Electra,
978 1643 1011 1698 ul
1030 1638 1108 1699 Grai
1119 1647 1251 1714 per-185

125 1731 277 1799 reliberet,
301 1730 454 1790 Allonlldc
483 1735 592 1790 cretus:
623 1730 789 1789 necessarie
820 1729 924 1807 posuit
954 1731 990 1789 ut
1018 1727 1091 1788 Grai
1123 1749 1188 1806 per-

168 1819 281 1894 hibent,
302 1823 338 1879 ut
360 1820 567 1880 testimonium
590 1817 772 1879 Graecorum
799 1821 878 1878 esset
904 1818 937 1877 in
964 1818 1189 1878 confirmatione

168 1909 304 1969 veritatis
328 1914 359 1970 et
381 1910 522 1969 Euander
543 1910 633 1969 homo
656 1907 787 1969 Graecus
806 1909 867 1969 suis
885 1907 986 1985 potius
1006 1927 1098 1986 quarn
1116 1909 1188 1970 'lbo-

167 2000 246 2059 ienis
264 1999 391 2059 testibus
406 1999 547 2059 crederet.
580 1999 891 2059 aecclesiamque:
909 1999 1069 2058 continuus
1083 2015 1188 2059 sensus

167 2093 213 2149 est
235 2089 291 2149 sic:
313 2090 484 2165 Dardanus,
506 2091 616 2167 inquit,
638 2091 728 2149 natus
752 2109 787 2148 ex
811 2090 932 2148 Electra
954 2088 1089 2148 Atlantis
1116 2090 1188 2165 filia,

121 2200 148 2241 so
167 2180 205 2238 ad
223 2180 353 2240 Teucros
376 2181 460 2241 venit
483 2180 514 2238 et
535 2182 637 2256 ipsum
654 2175 787 2256 primum
804 2179 941 2239 norimus
960 2180 1085 2255 patrem.
1122 2198 1188 2239 ecce

166 2268 298 2328 ostendit
326 2288 419 2328 unam
450 2268 576 2347 originis
605 2272 737 2345 partem,
766 2270 851 2329 venit
880 2267 919 2326 ad
942 2269 1083 2328 alteram:
1106 2270 1188 2327 cobis

165 2358 337 2417 Mercurius
355 2363 443 2431 puter
466 2363 519 2428 est,
547 2375 632 2431 quem
660 2358 790 2417 candida
817 2358 908 2415 Mala
937 2357 1066 2432 Cyllenio
1091 2357 1186 2431 gelido

166 2451 333 2520 conceptum
358 2449 463 2506 verlice
491 2447 578 2521 fodit.
625 2450 657 2507 at
682 2448 815 2515 Malaca,
845 2446 956 2505 audilis
978 2446 1006 2504 sl
1032 2446 1186 2520 quicquam
1197 2450 1249 2500 140

166 2536 323 2605 credimus,
351 2534 473 2605 Atlans,
503 2537 581 2595 idem
610 2535 721 2595 Atlans
749 2539 870 2610 ueneat
901 2534 974 2593 caeli
1005 2535 1057 2607 qui
1086 2535 1187 2594 sirim

120 2643 146 2684 aa
165 2625 251 2683 tollit:
273 2644 341 2700 vos,
365 2625 421 2700 ait,
444 2629 562 2701 patrem
583 2620 767 2684 Mercurium
788 2623 967 2697 numeratis,
989 2623 1085 2681 filium
1108 2621 1186 2683 eius-

165 2713 231 2772 dem
254 2714 362 2790 Maiae,
386 2734 478 2792 quam
501 2714 581 2774 idem
603 2713 713 2773 Atlans
735 2713 849 2792 genuit.
893 2712 968 2771 bene
991 2711 1109 2772 addidit
1130 2712 1185 2771 At·

164 2803 243 2877 lans,
266 2804 346 2863 idem
364 2805 474 2864 Atlans
497 2807 527 2863 et
550 2804 626 2863 caeli
649 2805 702 2879 qui
725 2802 823 2862 sidera
845 2802 939 2877 tollit,
958 2820 995 2861 ne
1018 2801 1185 2862 similitudo

164 2894 292 2952 nominis
310 2894 388 2953 falso
407 2896 548 2970 usurpari
561 2892 722 2967 videretur,
735 2892 784 2952 vel
800 2890 930 2951 maxime
944 2909 1012 2950 cum
1026 2891 1187 2952 adderetur

165 2983 195 3038 et
217 2985 346 3059 signum,
369 2983 449 3059 quod
472 2983 553 3042 idern
576 2984 654 3043 esset
676 2981 786 3042 Atlans
810 2980 863 3058 qui
881 2981 1019 3042 Troianis
1040 2982 1185 3060 originem

119 3087 146 3127 eo
165 3089 218 3145 per
239 3072 390 3132 Electram
414 3076 444 3132 et
467 3073 643 3132 Dardanum
666 3071 799 3146 dederat,
822 3070 898 3130 cneli
921 3072 975 3146 qui
996 3070 1095 3131 sidera
1116 3090 1184 3147 por·

163 3163 252 3236 taret,
273 3161 354 3221 idem
376 3182 447 3222 vero
471 3162 525 3238 qui
547 3161 701 3241 genuisset
717 3161 830 3220 Maiam
848 3162 879 3219 et
897 3180 932 3219 ex
951 3180 987 3220 ea
1004 3160 1185 3220 Mercurium

163 3253 303 3327 nepotem
325 3252 513 3328 suscepisset.
545 3252 589 3310 sic
609 3268 703 3326 penus
722 3251 887 3320 amborum,
910 3251 967 3309 hoc
985 3251 1032 3309 est
1048 3248 1185 3308 Dardani

163 3343 194 3398 et
215 3340 369 3416 Mercurii,
397 3341 504 3399 scindit
526 3357 556 3399 sc
579 3341 724 3415 scapulae
747 3340 785 3399 ab
807 3356 880 3408 ccco,
908 3337 1043 3398 Atlantis
1070 3337 1185 3398 scilicet

234 3498 250 3545 9
276 3493 390 3561 aliquod
407 3492 434 3546 V
457 3509 526 3547 corr.
546 3493 590 3548 ed.
668 3498 702 3547 13
726 3497 824 3552 collato
845 3497 888 3551 ed.
966 3501 1000 3550 22
1023 3492 1140 3564 cyllenio
1158 3490 1185 3545 V

162 3564 287 3633 Cyllenes
312 3564 356 3619 ed.
382 3565 512 3636 Cyllenae
535 3566 587 3619 in?
660 3569 694 3618 23
717 3569 869 3623 invertire
892 3568 935 3621 ed.
1009 3571 1043 3620 24
1068 3563 1184 3618 Meet·

154 3636 300 3772 muffet
312 3636 410 3762 I{11er
435 3635 468 3692 V.
552 3642 586 3692 25
612 3644 745 3695 oce—M
770 3640 847 3697 tollit
873 3656 930 3695 orn.
949 3638 998 3695 eb.
1071 3639 1113 3688 bb
1137 3650 1196 3687 sese
