2725 4150
532 309 715 365 AENEIDOS
734 309 773 363 XI
1097 309 1162 374 447

143 480 286 540 rentibus.
332 479 523 557 reprehendit
559 498 629 558 ergo
661 476 841 536 Latinorum
872 477 1048 549 tractatum,
1083 476 1164 551 qnod

143 570 247 628 relicto
266 570 348 644 pacis
371 570 481 628 veteris
507 567 661 628 commodo
680 566 720 626 sd
733 566 885 625 funestam
904 567 935 624 et
952 564 1013 624 suis
1027 563 1164 641 partibus

143 658 297 717 inimicam
315 657 447 716 bellandi
465 657 636 735 cupidinem
656 673 764 716 scaeva
782 653 977 731 dispositione
996 652 1166 714 transducti

144 750 228 821 sunt,
251 749 307 806 hoc
330 746 473 822 deterius,
497 746 577 822 quod
598 746 780 806 lacesserent
802 762 852 803 eos
872 763 1000 820 quorum
1023 742 1166 802 virtutem

113 856 124 894 s
144 838 302 912 fetumque
316 835 471 894 nescirent.
501 837 616 895 interea
634 835 769 911 persistit
786 834 819 893 in
838 851 872 892 eo
891 835 923 892 et
941 831 1084 892 admirari
1102 851 1165 892 sese

144 926 297 985 evidenter
324 924 539 1000 ostenditque
564 925 687 983 illorum
709 923 826 983 felicior
847 922 970 982 fortuna
996 923 1166 1000 migrasset,

143 1015 221 1073 unde
253 1036 268 1072 e
299 1015 449 1075 contrario
479 1014 606 1073 adversa
636 1013 854 1073 successissent.
895 1011 1075 1088 requirentis
1108 1031 1166 1072 vox

144 1106 204 1163 ista
232 1104 351 1163 videtur
378 1122 454 1178 esse,
481 1102 533 1162 sed
560 1121 621 1162 non
648 1105 707 1177 est,
736 1103 809 1178 quin
836 1102 939 1178 potius
969 1101 1164 1180 obiurgantis.

144 1198 269 1252 noverat
288 1197 399 1269 quippe
424 1195 455 1252 et
477 1199 512 1250 ex
530 1193 578 1251 his
597 1211 675 1269 quae
693 1191 872 1268 petebantur
890 1191 1079 1251 intellexerat
1096 1191 1164 1251 illos

100 1301 126 1339 ro
145 1283 296 1341 adfectum
313 1284 443 1341 retinere
461 1280 629 1359 pugnandi3
647 1301 718 1341 nam
735 1281 788 1358 qui
806 1280 953 1339 auxilium
971 1279 1048 1357 petit
1061 1282 1166 1357 procul

145 1371 234 1430 dubio
263 1372 337 1448 quid
364 1373 476 1450 cogitet
503 1372 552 1430 vel
581 1371 653 1448 qnid
680 1373 769 1448 paret
794 1369 935 1429 ostendit.
979 1371 1041 1429 ista
1065 1373 1165 1429 tamen

145 1461 314 1538 obiurgatio
337 1456 478 1520 benivola
504 1461 602 1538 magis
626 1479 717 1536 quam
743 1459 889 1519 iniuriose
916 1460 974 1536 est3
1004 1461 1167 1518 nonenim

145 1550 245 1608 decuit
268 1568 370 1625 aspere
394 1549 570 1627 reprehendi
593 1567 668 1626 quos
692 1550 754 1609 sine
778 1550 884 1609 effectu
907 1549 1006 1625 optati
1026 1546 1167 1608 desiderii

144 1640 245 1696 fueret
266 1639 453 1698 remissurus.
484 1639 630 1716 conpletis
652 1638 783 1701 breviter
800 1638 955 1716 principiis
978 1637 1166 1714 probandum

100 1728 204 1785 isfuit
230 1728 419 1788 incommoda
441 1729 604 1804 postulari,
632 1729 712 1804 quod
738 1727 838 1804 ipsum
863 1730 951 1787 tanta
978 1726 1091 1786 virtute
1115 1727 1166 1786 ad·

146 1818 248 1891 struit,
272 1819 307 1875 ut
324 1817 380 1877 hoc
401 1837 461 1877 non
479 1817 685 1895 disputatione
703 1817 853 1892 fabulosa,
872 1818 924 1876 sed
943 1816 1086 1894 exemplis
1104 1818 1166 1877 suis

145 1908 175 1964 et
189 1907 316 1965 veritate
336 1907 497 1966 confirmet.
530 1907 603 1984 quid
617 1909 720 1966 autem
732 1905 872 1984 ponderis
890 1907 1000 1966 habeat
1018 1906 1165 1967 dissuasio

146 1996 183 2054 ab
213 2015 247 2055 eo
275 1995 431 2072 proposita
459 1995 513 2074 qui
539 2015 646 2072 passus
676 1998 722 2055 est
748 1996 823 2055 beut
850 1995 971 2056 difficile
998 1999 1044 2057 est
1070 2015 1166 2057 nosse.

145 2088 277 2161 suscepit
303 2086 399 2164 igitur
424 2087 501 2146 hanc
528 2089 647 2163 partem
674 2088 706 2146 et
726 2086 783 2145 hoc
805 2088 936 2161 primum
964 2088 1055 2147 deicit
1081 2088 1165 2147 cuius

100 2194 127 2232 eo
144 2175 255 2234 fiducia
269 2176 463 2235 ducebantur.
491 2175 783 2249 quieumqaelliooos
796 2179 875 2249 ferro
889 2176 1064 2235 violavimus
1080 2194 1166 2251 apros
1177 2190 1228 2239 255

144 2263 238 2336 (mitto
258 2281 293 2323 eo
309 2283 382 2338 qaae
401 2266 494 2324 meris
508 2265 641 2324 bellando
660 2265 802 2325 calamia
815 2266 870 2323 sab
884 2264 965 2333 aliis,
976 2282 1047 2337 quos
1059 2265 1167 2324 Simois
1223 2308 1225 2310 -

143 2357 259 2426 premat
280 2354 329 2412 ille
351 2354 444 2427 ciros)
466 2355 597 2427 infanda
615 2372 671 2428 per
693 2356 790 2414 orbem
810 2353 958 2427 supplicia
980 2356 1007 2411 et
1027 2353 1167 2412 scelerum

139 2460 254 2515 poenos
273 2443 463 2515 expendimus
480 2460 594 2502 munes:
615 2462 696 2519 reor,
719 2443 833 2520 inquit,
855 2460 908 2501 vos
930 2441 1067 2501 didicisse
1085 2442 1168 2522 sema

146 2534 282 2590 currente
305 2551 352 2590 me
375 2532 454 2592 bello
478 2532 621 2591 acerrimo
648 2534 681 2590 in
704 2530 779 2591 Asia
804 2531 964 2591 certavisse
988 2534 1018 2590 et
1040 2531 1166 2591 forsitan

99 2638 125 2677 se
145 2622 201 2678 hac
224 2621 308 2679 ducti
334 2621 451 2680 ratione
479 2622 619 2696 venistis,
650 2620 731 2698 quod
758 2620 890 2696 proclive
918 2622 997 2680 esset
1023 2620 1167 2680 adversus

144 2711 258 2767 veteres
282 2709 418 2769 inimicos
441 2709 546 2788 largiri
568 2708 746 2769 subsidium.
784 2728 845 2768 non
867 2710 944 2768 illud
966 2709 1092 2785 bellum,
1115 2710 1168 2771 sed

145 2798 336 2875 sacrilegium
349 2800 422 2876 fuit3
437 2798 548 2876 quippe
558 2800 752 2859 violationem
765 2798 859 2874 illam,
868 2817 928 2858 non
938 2799 1166 2859 debellationem

144 2887 301 2964 regionum
320 2889 426 2948 Troiae
449 2892 521 2948 tunc
539 2889 632 2948 fuisse
655 2890 831 2948 cunctorum
849 2888 903 2965 qui
921 2889 1065 2949 scelerata
1084 2908 1167 2949 arma

145 2977 328 3052 sumpsimus
352 2978 470 3038 diversa
492 2981 523 3037 et
545 2978 684 3038 universo
708 2977 774 3038 orbi
800 2980 921 3056 cognita
944 2978 1093 3055 supplicia
1116 2978 1166 3037 do·

218 3136 233 3182 3
253 3132 431 3199 cupiditatem
450 3130 493 3185 ed.
515 3130 519 3202 Ι
539 3148 620 3185 saeva
639 3130 682 3186 ed.
738 3136 839 3185 isset
851 3129 878 3184 V
891 3131 934 3186 ed.
953 3133 1027 3187 siut?
1082 3136 1098 3184 6
1117 3132 1167 3185 ad-

144 3203 258 3255 miraris
281 3220 335 3256 esse
355 3201 381 3255 V
399 3203 537 3257 admirari
556 3219 584 3257 se
607 3202 650 3257 ed.
725 3204 946 3258 repressissent
959 3203 985 3257 V
1003 3203 1116 3270 melius,
1135 3207 1168 3256 ut

144 3273 269 3339 videtur,
289 3281 343 3328 set
362 3272 502 3339 edesed
521 3274 557 3327 cf.
572 3279 623 3327 271
639 3274 762 3329 adema
785 3274 788 3345 l
808 3276 950 3329 renitentis
964 3275 989 3330 V
1004 3275 1044 3344 (in
1057 3276 1167 3340 rasura)

146 3345 188 3396 ed.
208 3347 351 3400 reticentis
369 3345 395 3397 H
417 3347 581 3413 requirentis
603 3362 662 3399 nos.
735 3350 751 3399 8
774 3345 822 3401 sed
841 3344 868 3399 V
890 3352 922 3400 at
943 3345 986 3399 ed.
1016 3346 1020 3419 l
1055 3348 1124 3415 quin
1141 3344 1168 3397 V

145 3417 192 3469 scd
211 3417 253 3469 ed.
329 3422 389 3471 aet
406 3419 545 3486 transpos.
566 3416 609 3471 ed.
635 3417 638 3488 l
667 3415 849 3486 petebaich
868 3434 937 3471 corr.
957 3417 999 3471 ed.
1029 3419 1031 3454 ¹
1060 3418 1167 3471 intelic-

145 3495 218 3557 pcret
245 3488 270 3540 V
303 3494 399 3543 -ccrat
425 3506 475 3542 nos
508 3490 566 3559 -p'r
594 3488 637 3543 ed.
721 3493 754 3542 10
782 3490 848 3558 qaia
871 3487 898 3540 V
924 3490 973 3557 qui
1000 3505 1068 3542 corr.
1095 3488 1175 3540 edV.

147 3564 180 3611 13
200 3559 336 3626 effectaV
355 3561 402 3627 off
423 3560 493 3615 edF.
564 3565 596 3615 17
615 3561 742 3616 desectio
756 3560 792 3614 V.
863 3565 902 3613 lb
921 3565 1048 3624 autpro
1059 3552 1199 3607 laistim⁸

147 3635 180 3682 19
200 3630 321 3684 deicitV
339 3632 409 3686 dicii
425 3632 467 3687 ed.
520 3637 553 3689 26
573 3632 661 3691 8ch
678 3633 724 3691 ed.
741 3634 820 3705 qaod
831 3650 901 3687 nes.
954 3632 997 3679 ‘tt
1015 3612 1212 3691 rea'eotee‘st'<X

142 3718 217 3753 -eem
236 3701 277 3753 ed.
300 3704 363 3758 -m's
380 3704 423 3758 ed.
443 3708 520 3775 post.
