2725 4150
561 332 802 389 ununmosix
1124 336 1188 404 231

167 502 307 578 herbam,
334 504 371 562 ut
392 521 453 562 non
474 504 536 562 iam
559 501 772 578 dormientum,
800 501 852 563 sed
873 506 1061 563 mortuorum
1083 503 1191 564 smera

168 593 359 670 putarentur.
411 597 539 652 arrectos
571 593 653 651 litore
685 609 805 652 memus:
837 610 910 668 non,
943 594 979 651 ut
1011 592 1087 652 solet
1118 592 1191 652 belli

168 689 319 759 tempore,
346 700 450 742 currus
477 684 600 758 paratos
623 681 767 742 habentes
791 680 829 740 ad
853 681 981 760 signum.
1027 683 1103 740 later
1126 682 1191 742 lora

169 775 307 844 rotasque
328 772 422 831 ciros:
443 774 481 830 ut
502 771 586 830 nulla
608 772 734 831 humani
750 772 842 830 moris
862 770 1012 830 ordinatio
1030 770 1189 832 videretur.

136 861 261 922 ssimal
282 879 370 920 arma
391 862 499 930 lacere,
526 862 599 919 olma
621 861 724 919 simul:
751 861 836 919 nulla
862 861 1028 938 specierum
1051 858 1189 921 discretio

170 949 346 1025 apparebat,
359 949 521 1010 miscuerat
538 949 666 1009 ebrietes
680 968 757 1025 quae
777 950 854 1008 solet
872 949 1038 1009 sobriorum
1056 950 1191 1010 sollertia

170 1057 319 1115 separare.
360 1041 447 1113 prior
472 1039 651 1114 Hyrtacides
672 1040 716 1098 sic
737 1056 786 1098 ore
809 1039 935 1098 locatas:
960 1039 1106 1114 Euryale,
1137 1053 1252 1104 aee-320

169 1128 299 1186 demetam
330 1128 446 1198 dextra,
480 1147 561 1188 manc
590 1130 659 1202 ipsa
690 1132 774 1187 cocat
804 1145 866 1187 res:
902 1128 1046 1204 Euryale,
1081 1128 1190 1206 inquit,

170 1216 280 1276 audere
312 1216 401 1277 debet
435 1236 541 1277 manus
578 1216 659 1293 quod
696 1219 845 1294 oportuna
879 1219 1030 1276 monstrat
1065 1217 1190 1278 occasio.

121 1328 151 1368 ro
168 1307 226 1365 leae
247 1307 302 1365 lter
324 1311 379 1366 est:
409 1306 569 1383 aperienda
596 1309 643 1366 est
668 1325 723 1382 per
749 1324 834 1366 neces
861 1307 995 1366 hostium
1021 1306 1072 1367 via
1100 1309 1189 1384 atque

167 1395 230 1454 ista
252 1399 338 1472 parte
356 1394 550 1474 pergendum.
586 1400 630 1465 tm,
653 1413 691 1454 ae
709 1413 768 1468 aaa
786 1413 895 1455 mamas
911 1413 943 1455 sc
961 1396 1089 1455 attollere
1106 1398 1190 1456 mobis

169 1503 190 1544 a
208 1489 286 1559 terqo
298 1486 407 1558 possa,
432 1486 544 1544 custodi
562 1488 588 1544 et
605 1485 722 1544 consule
741 1485 835 1559 maye,
854 1485 925 1544 llaec
943 1502 992 1559 eqo
1010 1489 1096 1544 casta
1114 1484 1189 1544 dabo

169 1578 197 1632 et
219 1574 278 1633 lato
300 1578 327 1633 tc
349 1575 439 1633 limite
462 1575 584 1634 ducam:
610 1593 722 1652 magna
740 1575 858 1633 cautela
876 1576 907 1633 et
924 1573 1095 1634 sollicitudo
1114 1574 1188 1634 satis

169 1682 318 1740 superque
340 1662 519 1724 laudabilis:
546 1663 704 1723 constituti
730 1664 810 1723 inter
836 1682 886 1723 eos
909 1663 1029 1722 fuerant
1051 1681 1126 1739 quos
1150 1661 1189 1721 ad

121 1772 149 1813 rs
167 1755 355 1812 mortuorum
376 1752 474 1813 vicem
495 1754 645 1813 straverat
666 1771 787 1812 somnus
811 1754 842 1811 et
859 1754 975 1828 vinum,
998 1755 1098 1812 tamen
1121 1769 1188 1829 pro·

168 1842 256 1901 vidus
283 1841 344 1902 fnit
369 1841 476 1918 Nisus,
505 1863 542 1901 ne
571 1843 639 1918 quis
662 1861 681 1901 a
703 1843 788 1920 tergo
812 1842 973 1903 adveniens
999 1842 1188 1918 inprudentis

167 1929 333 1991 invaderet.
379 1951 449 2010 ego,
475 1931 588 2007 inquit,
616 1931 750 2008 aperiam
772 1931 912 2008 perfectis
936 1931 1075 1992 caedibus
1098 1931 1189 2007 viam,

168 2024 205 2081 tu
236 2020 360 2097 provide
390 2023 421 2081 et
447 2021 567 2099 longius
598 2021 726 2099 respice,
757 2040 794 2081 ne
823 2041 841 2082 a
867 2024 952 2101 tergo
985 2024 1190 2100 opprimamur

167 2111 293 2171 incauti.
328 2130 389 2171 non
407 2112 562 2171 metuebat
578 2111 671 2171 Nisus
691 2131 726 2171 ex
744 2112 950 2188 praesentibus
970 2112 1115 2189 aliquem,
1138 2112 1189 2171 sed

121 2220 150 2259 so
167 2219 205 2260 ne
234 2201 370 2260 venirent
398 2200 465 2275 alii,
495 2203 531 2260 ut
556 2219 626 2259 mox
648 2200 765 2260 factum
787 2204 847 2277 est,
874 2221 943 2261 cum
964 2204 1026 2261 iam
1048 2201 1189 2262 caedibus

168 2289 276 2349 satiati
306 2292 338 2349 et
368 2289 473 2366 spoliis
514 2292 616 2349 onusti
652 2288 845 2350 discederent.
906 2292 1021 2351 interea
1052 2292 1083 2350 in
1114 2290 1189 2368 ipsis

167 2378 321 2444 mandatis
351 2380 482 2439 hominis
513 2379 604 2457 longo
637 2397 693 2438 usu
725 2377 836 2438 eruditi
866 2398 957 2455 quam
985 2379 1190 2439 doctissimum

167 2468 389 2545 magisterium:
407 2470 506 2547 longe,
523 2469 631 2544 inquit,
649 2469 794 2545 prospice,
812 2488 849 2526 ne
868 2486 922 2527 nos
940 2468 1068 2528 insidiae
1085 2488 1190 2544 repon-

167 2558 251 2616 tinae
270 2558 454 2634 opprimant,
471 2561 508 2618 ut
525 2558 658 2616 medium
680 2558 761 2633 quod
778 2558 921 2617 interesse
940 2558 1073 2634 spatium
1088 2559 1190 2632 posset

122 2664 149 2705 so
168 2645 316 2707 evadendi
342 2648 502 2707 consilium
529 2648 577 2707 vel
604 2646 720 2723 copiam
749 2646 841 2706 daret.
887 2648 1019 2706 ceterum
1042 2645 1114 2721 quid
1137 2645 1189 2704 ad·

168 2737 261 2796 ferret
291 2735 438 2795 commodi
466 2736 592 2813 propius
620 2738 781 2812 procurata
810 2734 993 2812 conspectio,
1024 2753 1090 2793 cum
1120 2736 1188 2794 ante

167 2825 263 2886 hostis
287 2844 483 2902 oppressurus
507 2827 585 2885 esset
606 2824 780 2902 inprovidos
804 2844 895 2901 quam
918 2823 981 2884 eins
999 2822 1190 2884 nuntiaretur

168 2913 336 2975 adventus?
367 2915 411 2974 sic
436 2919 578 2974 memorat
603 2931 754 2986 vocemque
776 2915 899 2986 premat:
928 2914 1047 2974 silentio
1077 2913 1189 2992 quippe

169 3022 246 3082 opus
275 3004 388 3079 fuerat,
420 3022 457 3063 ne
488 3021 547 3079 quo
577 3022 648 3063 casu
678 3003 838 3080 quisquam
869 3005 1002 3063 hostium
1031 3004 1189 3082 evigilaret

123 3110 150 3149 co
169 3096 223 3151 aut
246 3094 388 3171 surgeret.
425 3093 600 3161 simulasse
617 3094 777 3165 mperomc
794 3093 986 3152 Rhamnetem
1002 3093 1249 3168 adpredttmr:sto

168 3184 300 3259 primum
324 3182 500 3261 adgreditur
522 3181 623 3259 gladio
641 3181 838 3242 Rhamnetem
861 3181 1029 3258 superbum.
1066 3183 1189 3258 exponit

169 3290 221 3331 cur
252 3272 346 3330 istum
378 3271 538 3348 superbum
571 3270 678 3330 dixerit
713 3272 770 3331 hoc
802 3273 848 3332 est
879 3272 992 3330 elatum
1024 3270 1187 3330 ambitione

169 3360 359 3422 divitiarum:
383 3362 433 3434 pal
454 3364 529 3435 forte
551 3362 696 3435 tapetibus
714 3362 783 3420 altis
801 3365 946 3421 extractas
965 3364 1020 3419 toto
1036 3361 1189 3433 proflabat

241 3520 256 3567 1
276 3514 459 3569 demiratum
473 3514 500 3567 V
516 3512 560 3569 ed.
579 3519 653 3568 tes?
727 3518 742 3567 6
760 3512 945 3569 miscueratV
963 3512 1125 3580 confuderat
1143 3511 1186 3566 ed.

169 3590 202 3638 1o
221 3587 307 3640 vicem
320 3591 346 3640 et
359 3585 403 3641 ed.
459 3591 492 3638 21
511 3587 616 3640 interea
629 3583 655 3638 V
669 3584 713 3639 ed.
726 3587 833 3641 latuere
850 3585 893 3640 ed.
906 3586 979 3655 post.
1035 3589 1068 3638 23
1087 3585 1188 3654 mauta-

168 3664 242 3711 tram
266 3656 308 3712 ed
383 3662 417 3711 26
432 3658 569 3726 proprius
587 3655 618 3711 V⁴
648 3655 652 3731 l
681 3655 791 3715 amteV
814 3659 896 3731 palus
919 3658 966 3715 ed.
1037 3662 1075 3711 ‘lb
1094 3672 1132 3710 mc
1150 3670 1206 3721 ooo

166 3745 233 3780 earu
250 3726 276 3777 V
286 3729 318 3780 αι’
329 3727 371 3779 ed.
691 3775 694 3780 .
