2725 4150
199 326 266 393 496
360 407 366 428 ·
485 322 626 379 DONATI
642 322 813 378 INTERPR.
827 321 937 377 Vsus.

199 509 291 566 aeque
309 494 386 552 euim
403 510 497 552 nocue
514 493 568 552 istc
581 493 703 552 Diuum
719 492 799 554 vend
815 508 900 551 umor
916 492 1070 565 submoue
1087 493 1230 552 cumeum

200 582 351 642 dulcedine
372 583 476 641 nwcit:
503 581 578 642 haec
600 583 659 641 fruit
680 580 837 659 praecipui
863 582 973 641 amoris
996 579 1112 659 gratia,
1143 582 1228 657 quod

199 671 305 731 ceteris
329 671 482 748 antiquior
503 670 675 746 ridebatur3
703 670 786 747 parit
808 669 889 729 enim
914 669 1059 730 maiorem
1084 672 1227 732 vetustae

199 761 350 820 adfectum
368 764 399 820 et
411 760 630 821 benivolentiae
648 761 792 819 meritum
808 760 952 837 temporis
967 759 1112 819 diuturna
1128 761 1227 822 conti·

198 849 341 909 nuatione
365 850 565 927 conduplicat.
611 850 637 910 si
659 850 734 909 haec
757 848 822 911 sola
848 848 956 909 fuisset
983 849 1093 909 amoris
1122 868 1227 927 causa,
1254 862 1264 904 e

199 940 274 999 satis
302 938 468 998 abundaret
495 939 535 999 ad
562 938 770 999 incutiendum
797 939 943 1016 dolorem,
973 938 1108 1016 congerit
1136 939 1226 1015 alias,

197 1031 233 1088 ut
259 1027 381 1105 probari
410 1031 512 1104 posset
539 1028 619 1088 unde
647 1028 703 1088 illa
733 1047 803 1087 cara
836 1030 907 1087 ante
942 1027 1018 1087 alias
1048 1026 1224 1089 haberetur.

193 1118 302 1192 pulsus
324 1118 359 1177 ob
382 1118 528 1177 iuvidiam
549 1134 637 1192 reone
659 1118 788 1192 virisque
810 1117 967 1191 superbus:
996 1119 1027 1177 et
1054 1119 1149 1193 caput
1176 1118 1224 1177 in·

198 1207 273 1282 cipit
301 1205 423 1266 fabulae
456 1209 488 1266 ct
515 1206 615 1284 ipsum
646 1205 744 1283 primo
775 1205 902 1283 virginis
932 1209 1063 1283 patrem,
1093 1205 1129 1265 in
1161 1226 1224 1283 quo

196 1296 372 1373 reprehendi
390 1297 503 1376 potnit,
521 1315 633 1374 magna
650 1297 739 1355 laude
758 1294 952 1373 prosequitur
964 1296 1138 1373 purgatque
1156 1297 1224 1357 eius
1242 1310 1264 1351 ro

197 1404 369 1463 personam,
391 1404 455 1446 esse
473 1386 552 1445 enim
570 1386 680 1445 crimen
698 1389 813 1462 posset,
836 1385 861 1444 si
879 1403 971 1444 causa
988 1403 1049 1443 non
1070 1383 1225 1448 diceretur

197 1475 318 1536 exclusi.
355 1475 434 1533 male
456 1476 568 1551 quippe
590 1475 698 1534 mereri
721 1475 757 1534 de
776 1473 892 1534 civibus
910 1477 953 1549 et,
977 1474 1057 1550 quod
1075 1476 1123 1533 est
1140 1474 1224 1540 dete-

195 1563 273 1640 rius,
302 1563 452 1625 universis
483 1563 615 1623 notabile
645 1565 720 1624 satis
750 1568 804 1624 est
851 1562 1001 1641 quomodo
1032 1564 1131 1642 igitur
1161 1565 1223 1627 iste

197 1652 387 1716 defenditur?
413 1653 518 1730 pulsus
533 1656 588 1729 est,
605 1653 716 1728 inquit,
731 1672 837 1731 regno,
855 1672 915 1713 non
929 1653 1053 1730 pellitur
1067 1652 1223 1731 quispiam

195 1743 256 1803 nisi
277 1744 494 1803 interveniente
517 1742 674 1818 violentia,
698 1742 874 1803 violentiam
892 1760 953 1801 non
970 1741 1030 1801 nisi
1052 1741 1117 1801 eius
1141 1741 1264 1804 inin-1⁵

196 1832 282 1892 stitia
305 1834 429 1910 generat
451 1832 505 1909 qui
526 1832 639 1891 meruit
661 1832 792 1891 excludi:
819 1832 947 1907 denique
970 1830 1090 1890 addidit
1112 1831 1151 1892 ob
1174 1834 1223 1892 in·

195 1921 323 1995 sidiam,
349 1924 386 1981 ut
408 1921 578 1981 ostenderet
604 1921 722 1980 nullum
743 1920 925 1998 expulsionis
949 1939 1023 1979 suae
1045 1920 1223 1998 praebuisse

194 2011 364 2086 materiem,
387 2010 439 2069 sed
460 2011 547 2071 illam
564 2010 627 2074 vim
648 2009 790 2087 superbia
807 2009 908 2087 potius
931 2010 1043 2071 civium
1065 2012 1095 2069 et
1117 2009 1222 2069 studio

133 2101 186 2151 540
195 2100 405 2160 aemulationis
428 2105 570 2161 exortam.
610 2101 753 2159 Priverno
776 2101 899 2173 auique
919 2101 1060 2160 Metabus
1082 2117 1147 2160 uem
1169 2117 1222 2161 ce>-

194 2188 303 2248 cederei
331 2191 418 2250 urbo:
448 2209 513 2250 ecce
543 2189 604 2249 alia
634 2189 767 2249 defensio
796 2190 999 2265 innocentiae,
1028 2191 1065 2249 ut
1094 2187 1221 2251 cessisse
1240 2205 1265 2245 so

194 2278 294 2355 potius
322 2279 411 2339 malis
438 2282 469 2339 et
495 2279 633 2356 plurimis
661 2297 753 2356 quam
781 2278 818 2337 ob
849 2279 973 2355 aliquod
999 2278 1111 2338 crimen
1138 2278 1221 2340 iuste

193 2369 347 2429 videretur
364 2371 484 2430 eiectus.
513 2370 658 2442 infaciem
675 2369 794 2442 sepiens
811 2369 909 2427 media
926 2370 1002 2427 inter
1017 2368 1133 2441 proclia
1151 2369 1220 2428 belli

193 2459 312 2517 sustulit
334 2460 419 2518 exilio
437 2459 581 2518 comitem:
602 2476 745 2534 magnam
762 2458 858 2533 patris
877 2459 909 2515 et
925 2458 1030 2516 multis
1047 2457 1146 2517 modis
1164 2457 1219 2517 ad·

193 2549 286 2607 sinuit
302 2550 454 2624 pietatem.
492 2546 566 2623 quid
584 2547 675 2621 enim,
695 2547 768 2605 dum
782 2547 900 2624 lugeret
917 2547 1079 2622 violentos,
1097 2546 1219 2607 effecit?

194 2655 254 2695 non
278 2656 386 2695 aurum
409 2639 463 2696 aut
485 2655 556 2711 opes
580 2635 723 2710 attendit,
750 2655 810 2694 non
838 2636 945 2695 saltem
972 2637 1053 2697 vitae
1082 2635 1262 2696 subsidias

193 2725 365 2802 requisivit,
395 2725 507 2801 eripuit
533 2724 627 2784 filiam
652 2725 731 2785 bollo
758 2725 868 2801 perditi
894 2725 981 2803 regni
1009 2723 1156 2784 solacium
1184 2725 1219 2785 in

192 2814 289 2890 ipsius
312 2813 409 2874 salute
433 2813 626 2875 constituens.
670 2815 818 2873 infantem
845 2816 945 2874 avexit
970 2834 1115 2892 magnum
1140 2833 1218 2875 onus

194 2901 352 2981 adgressus
376 2896 436 2965 no’n
459 2903 605 2981 corporis,
628 2904 681 2963 sed
704 2905 827 2979 aetatis3
856 2904 998 2980 portabat
1020 2903 1100 2962 enim
1122 2903 1220 2964 talem

193 3011 270 3070 quae
298 2993 396 3053 adhuc
418 2993 478 3052 fari
499 3013 560 3052 non
582 2996 685 3070 posset
711 2995 742 3052 et
764 2995 812 3052 cui
835 2993 951 3053 deesset
977 2993 1102 3052 nutricis
1130 2995 1218 3052 auxi-

191 3083 275 3142 lium.
307 3081 406 3142 media
419 3083 497 3142 inter
510 3084 625 3160 proelia
638 3083 724 3142 belli:
743 3083 785 3142 sic
803 3085 833 3142 et
851 3082 911 3142 alio
925 3083 991 3142 loco
1011 3083 1055 3142 ait
1072 3079 1119 3159 (6,
1135 3077 1217 3163 110)
1236 3101 1263 3142 so

191 3173 303 3248 „illum
325 3191 380 3250 ego
403 3192 457 3249 per
474 3173 610 3232 flammas
634 3176 664 3232 et
686 3172 770 3232 mille
792 3171 949 3248 sequentia
971 3172 1033 3231 tela
1051 3172 1149 3247 eripui
1166 3172 1217 3232 his

191 3263 303 3322 umeris
326 3262 482 3339 medioque
501 3283 537 3321 ex
556 3263 642 3321 hoste
665 3252 795 3338 recepi“.
829 3261 888 3320 duo
911 3261 1063 3338 praecipui
1086 3262 1217 3338 exempli

192 3351 337 3428 eripuisse
361 3354 392 3410 et
408 3353 590 3429 portavisse:
613 3370 756 3428 magnum
775 3351 904 3410 alterum
921 3351 994 3425 luit,
1016 3351 1048 3408 in
1067 3368 1127 3427 quo
1146 3370 1217 3427 por-

191 3444 274 3501 tatus
297 3444 343 3500 est
365 3459 454 3500 senex
472 3441 578 3500 debilis
602 3444 632 3500 et
654 3438 786 3519 ingentis
805 3442 919 3499 formae
943 3442 974 3498 et
995 3439 1062 3499 ideo
1083 3439 1216 3499 toleran-

264 3653 362 3702 ‘lcaro
376 3646 402 3700 V
420 3663 487 3702 caro
509 3662 560 3700 nos
583 3647 693 3701 charior
711 3646 771 3702 ed·
829 3652 861 3700 17
880 3646 989 3700 uallum
1002 3644 1028 3700 V
1042 3645 1087 3700 ed.
1105 3647 1215 3701 uallum

182 3725 270 3776 cuer?
334 3722 369 3777 25
388 3716 554 3776 adcuditV
573 3720 681 3774 cecavit
699 3718 743 3772 ed.
812 3723 846 3771 34
864 3717 1009 3785 sormccV
1027 3718 1150 3787 cuperes
1168 3717 1214 3773 ed.
