<?xml version="1.0" encoding="UTF-8"?>
<!DOCTYPE html PUBLIC "-//W3C//DTD XHTML 1.0 Transitional//EN"
    "http://www.w3.org/TR/xhtml1/DTD/xhtml1-transitional.dtd">
<html xmlns="http://www.w3.org/1999/xhtml" xml:lang="en" lang="en">
 <head>
  <title>
</title>
<meta http-equiv="Content-Type" content="text/html;charset=utf-8" />
  <meta name='ocr-system' content='tesseract 3.04.00' />
  <meta name='ocr-capabilities' content='ocr_page ocr_carea ocr_par ocr_line ocrx_word'/>
</head>
<body>
  <div class='ocr_page' id='page_1' title='image "./tibericlaudidon00georgoog_0034.png"; bbox 0 0 2725 4150; ppageno 0'>
   <div class='ocr_carea' id='block_1_1' title="bbox 556 339 1187 408">
    <p class='ocr_par' dir='ltr' id='par_1_1' title="bbox 556 339 1187 408">
     <span class='ocr_line' id='line_1_1' title="bbox 556 339 1187 408; baseline 0.006 -14"><span class='ocrx_word' id='word_1_1' title='bbox 556 339 739 396; x_wconf 80' lang='lat' dir='ltr'>AENEIDOS</span> <span class='ocrx_word' id='word_1_2' title='bbox 753 339 807 396; x_wconf 89' lang='lat' dir='ltr'><strong>VH</strong></span> <span class='ocrx_word' id='word_1_3' title='bbox 1145 343 1187 408; x_wconf 79' lang='lat'><strong>31</strong></span> 
     </span>
    </p>
   </div>
   <div class='ocr_carea' id='block_1_2' title="bbox 121 510 1251 3179">
    <p class='ocr_par' dir='ltr' id='par_1_2' title="bbox 121 510 1251 3179">
     <span class='ocr_line' id='line_1_2' title="bbox 168 510 1188 586; baseline -0.001 -16"><span class='ocrx_word' id='word_1_4' title='bbox 168 511 250 570; x_wconf 89' lang='lat' dir='ltr'><strong>enim</strong></span> <span class='ocrx_word' id='word_1_5' title='bbox 272 510 391 586; x_wconf 87' lang='lat' dir='ltr'><strong>aliquid</strong></span> <span class='ocrx_word' id='word_1_6' title='bbox 408 529 458 570; x_wconf 89' lang='lat' dir='ltr'><strong>eos</strong></span> <span class='ocrx_word' id='word_1_7' title='bbox 476 510 553 570; x_wconf 89' lang='lat' dir='ltr'><strong>velle</strong></span> <span class='ocrx_word' id='word_1_8' title='bbox 571 510 732 586; x_wconf 87' lang='lat' dir='ltr'><strong>postulare.</strong></span> <span class='ocrx_word' id='word_1_9' title='bbox 770 527 844 583; x_wconf 77' lang='lat' dir='ltr'><strong>quoe</strong></span> <span class='ocrx_word' id='word_1_10' title='bbox 862 527 955 569; x_wconf 79' lang='lat' dir='ltr'><strong>causo</strong></span> <span class='ocrx_word' id='word_1_11' title='bbox 971 511 1070 570; x_wconf 80' lang='lat' dir='ltr'><strong>rates?</strong></span> <span class='ocrx_word' id='word_1_12' title='bbox 1097 528 1188 586; x_wconf 87' lang='lat' dir='ltr'><strong>quae·</strong></span> 
     </span>
     <span class='ocr_line' id='line_1_3' title="bbox 168 598 1189 677; baseline -0.002 -18"><span class='ocrx_word' id='word_1_13' title='bbox 168 599 222 659; x_wconf 88' lang='lat' dir='ltr'><strong>siit</strong></span> <span class='ocrx_word' id='word_1_14' title='bbox 247 617 370 659; x_wconf 88' lang='lat' dir='ltr'><strong>causam</strong></span> <span class='ocrx_word' id='word_1_15' title='bbox 397 619 457 676; x_wconf 88' lang='lat' dir='ltr'><strong>qua</strong></span> <span class='ocrx_word' id='word_1_16' title='bbox 479 600 594 658; x_wconf 85' lang='lat' dir='ltr'><strong>factum</strong></span> <span class='ocrx_word' id='word_1_17' title='bbox 617 602 663 658; x_wconf 89' lang='lat' dir='ltr'><strong>eet</strong></span> <span class='ocrx_word' id='word_1_18' title='bbox 686 601 721 658; x_wconf 90' lang='lat' dir='ltr'><strong>ut</strong></span> <span class='ocrx_word' id='word_1_19' title='bbox 742 598 864 659; x_wconf 91' lang='lat' dir='ltr'><strong>remotis</strong></span> <span class='ocrx_word' id='word_1_20' title='bbox 886 599 1058 677; x_wconf 84' lang='lat' dir='ltr'>regionibus</span> <span class='ocrx_word' id='word_1_21' title='bbox 1083 598 1189 659; x_wconf 88' lang='lat' dir='ltr'><strong>ceteris</strong></span> 
     </span>
     <span class='ocr_line' id='line_1_4' title="bbox 168 687 1189 762; baseline 0 -16"><span class='ocrx_word' id='word_1_22' title='bbox 168 688 208 747; x_wconf 84' lang='lat' dir='ltr'><strong>ad</strong></span> <span class='ocrx_word' id='word_1_23' title='bbox 226 687 349 748; x_wconf 83' lang='lat' dir='ltr'><strong>Italiam</strong></span> <span class='ocrx_word' id='word_1_24' title='bbox 370 689 530 749; x_wconf 82' lang='lat' dir='ltr'><strong>venissent.</strong></span> <span class='ocrx_word' id='word_1_25' title='bbox 576 692 630 747; x_wconf 80' lang='lat' dir='ltr'><strong>cat</strong></span> <span class='ocrx_word' id='word_1_26' title='bbox 646 689 731 747; x_wconf 82' lang='lat' dir='ltr'><strong>cuias</strong></span> <span class='ocrx_word' id='word_1_27' title='bbox 750 689 857 762; x_wconf 75' lang='lat' dir='ltr'><strong>egeatis</strong></span> <span class='ocrx_word' id='word_1_28' title='bbox 876 689 945 747; x_wconf 78' lang='lat' dir='ltr'><strong>titus</strong></span> <span class='ocrx_word' id='word_1_29' title='bbox 963 689 1004 747; x_wconf 86' lang='lat' dir='ltr'><strong>od</strong></span> <span class='ocrx_word' id='word_1_30' title='bbox 1020 687 1189 748; x_wconf 78' lang='lat' dir='ltr'><strong>Ausoniam</strong></span> 
     </span>
     <span class='ocr_line' id='line_1_5' title="bbox 167 777 1189 854; baseline -0.001 -17"><span class='ocrx_word' id='word_1_31' title='bbox 167 783 208 837; x_wconf 92' lang='lat' dir='ltr'><strong>tot</strong></span> <span class='ocrx_word' id='word_1_32' title='bbox 225 795 282 851; x_wconf 80' lang='lat' dir='ltr'><strong>per</strong></span> <span class='ocrx_word' id='word_1_33' title='bbox 303 778 384 837; x_wconf 85' lang='lat' dir='ltr'><strong>oudo</strong></span> <span class='ocrx_word' id='word_1_34' title='bbox 406 778 526 837; x_wconf 82' lang='lat' dir='ltr'><strong>caerqu</strong></span> <span class='ocrx_word' id='word_1_35' title='bbox 548 777 644 838; x_wconf 69' lang='lat' dir='ltr'><strong>veuit?</strong></span> <span class='ocrx_word' id='word_1_36' title='bbox 679 779 734 836; x_wconf 93' lang='lat' dir='ltr'><strong>aut</strong></span> <span class='ocrx_word' id='word_1_37' title='bbox 752 779 838 837; x_wconf 91' lang='lat' dir='ltr'><strong>cuius</strong></span> <span class='ocrx_word' id='word_1_38' title='bbox 860 778 905 836; x_wconf 89' lang='lat' dir='ltr'><strong>rei</strong></span> <span class='ocrx_word' id='word_1_39' title='bbox 927 780 1047 854; x_wconf 81' lang='lat' dir='ltr'><strong>egentes</strong></span> <span class='ocrx_word' id='word_1_40' title='bbox 1069 780 1189 838; x_wconf 88' lang='lat' dir='ltr'><strong>tantum</strong></span> 
     </span>
     <span class='ocr_line' id='line_1_6' title="bbox 136 865 1188 943; baseline -0.002 -16"><span class='ocrx_word' id='word_1_41' title='bbox 136 868 302 927; x_wconf 80' lang='lat' dir='ltr'><strong>elaborem</strong></span> <span class='ocrx_word' id='word_1_42' title='bbox 324 865 519 943; x_wconf 75' lang='lat' dir='ltr'><strong>suscepistis?</strong></span> <span class='ocrx_word' id='word_1_43' title='bbox 565 869 601 925; x_wconf 94' lang='lat' dir='ltr'><strong>ut</strong></span> <span class='ocrx_word' id='word_1_44' title='bbox 629 869 732 925; x_wconf 88' lang='lat' dir='ltr'><strong>autem</strong></span> <span class='ocrx_word' id='word_1_45' title='bbox 760 866 975 926; x_wconf 84' lang='lat' dir='ltr'><strong>evidentiorem</strong></span> <span class='ocrx_word' id='word_1_46' title='bbox 1003 868 1115 926; x_wconf 87' lang='lat' dir='ltr'><strong>faceret</strong></span> <span class='ocrx_word' id='word_1_47' title='bbox 1142 867 1188 925; x_wconf 90' lang='lat' dir='ltr'><strong>in-</strong></span> 
     </span>
     <span class='ocr_line' id='line_1_7' title="bbox 166 955 1189 1034; baseline -0.001 -18"><span class='ocrx_word' id='word_1_48' title='bbox 166 956 400 1034; x_wconf 87' lang='lat' dir='ltr'><strong>terrogationem</strong></span> <span class='ocrx_word' id='word_1_49' title='bbox 424 975 520 1032; x_wconf 87' lang='lat' dir='ltr'><strong>suam,</strong></span> <span class='ocrx_word' id='word_1_50' title='bbox 541 956 615 1016; x_wconf 88' lang='lat' dir='ltr'><strong>haec</strong></span> <span class='ocrx_word' id='word_1_51' title='bbox 638 955 795 1015; x_wconf 80' lang='lat' dir='ltr'><strong>adnexuit:</strong></span> <span class='ocrx_word' id='word_1_52' title='bbox 827 957 889 1015; x_wconf 64' lang='lat' dir='ltr'><strong>moa</strong></span> <span class='ocrx_word' id='word_1_53' title='bbox 911 973 1008 1015; x_wconf 82' lang='lat' dir='ltr'><strong>errore</strong></span> <span class='ocrx_word' id='word_1_54' title='bbox 1029 957 1112 1015; x_wconf 76' lang='lat' dir='ltr'><strong>vioe:</strong></span> <span class='ocrx_word' id='word_1_55' title='bbox 1138 957 1189 1015; x_wconf 84' lang='lat' dir='ltr'><strong>viu</strong></span> 
     </span>
     <span class='ocr_line' id='line_1_8' title="bbox 166 1044 1189 1124; baseline 0.001 -20"><span class='ocrx_word' id='word_1_56' title='bbox 166 1046 269 1124; x_wconf 78' lang='lat' dir='ltr'><strong>pelagi</strong></span> <span class='ocrx_word' id='word_1_57' title='bbox 287 1065 348 1104; x_wconf 94' lang='lat' dir='ltr'><strong>non</strong></span> <span class='ocrx_word' id='word_1_58' title='bbox 367 1048 400 1105; x_wconf 92' lang='lat' dir='ltr'><strong>in</strong></span> <span class='ocrx_word' id='word_1_59' title='bbox 418 1046 521 1120; x_wconf 87' lang='lat' dir='ltr'><strong>undis,</strong></span> <span class='ocrx_word' id='word_1_60' title='bbox 544 1045 646 1105; x_wconf 87' lang='lat' dir='ltr'><strong>sedin</strong></span> <span class='ocrx_word' id='word_1_61' title='bbox 665 1046 747 1105; x_wconf 87' lang='lat' dir='ltr'><strong>caelo</strong></span> <span class='ocrx_word' id='word_1_62' title='bbox 767 1048 825 1120; x_wconf 87' lang='lat' dir='ltr'><strong>est,</strong></span> <span class='ocrx_word' id='word_1_63' title='bbox 849 1046 985 1123; x_wconf 84' lang='lat' dir='ltr'><strong>denique,</strong></span> <span class='ocrx_word' id='word_1_64' title='bbox 1008 1065 1076 1104; x_wconf 90' lang='lat' dir='ltr'><strong>cum</strong></span> <span class='ocrx_word' id='word_1_65' title='bbox 1094 1044 1189 1105; x_wconf 87' lang='lat' dir='ltr'><strong>nubes</strong></span> 
     </span>
     <span class='ocr_line' id='line_1_9' title="bbox 166 1134 1188 1212; baseline -0.001 -18"><span class='ocrx_word' id='word_1_66' title='bbox 166 1134 360 1194; x_wconf 88' lang='lat' dir='ltr'><strong>obducuntur</strong></span> <span class='ocrx_word' id='word_1_67' title='bbox 385 1153 441 1195; x_wconf 91' lang='lat' dir='ltr'><strong>nec</strong></span> <span class='ocrx_word' id='word_1_68' title='bbox 468 1135 609 1195; x_wconf 91' lang='lat' dir='ltr'><strong>videntur</strong></span> <span class='ocrx_word' id='word_1_69' title='bbox 639 1135 752 1210; x_wconf 86' lang='lat' dir='ltr'><strong>sidera,</strong></span> <span class='ocrx_word' id='word_1_70' title='bbox 784 1137 879 1194; x_wconf 86' lang='lat' dir='ltr'><strong>nauta</strong></span> <span class='ocrx_word' id='word_1_71' title='bbox 909 1136 1006 1196; x_wconf 88' lang='lat' dir='ltr'><strong>fertur</strong></span> <span class='ocrx_word' id='word_1_72' title='bbox 1035 1153 1096 1195; x_wconf 94' lang='lat' dir='ltr'><strong>non</strong></span> <span class='ocrx_word' id='word_1_73' title='bbox 1128 1152 1188 1212; x_wconf 92' lang='lat' dir='ltr'><strong>quo</strong></span> 
     </span>
     <span class='ocr_line' id='line_1_10' title="bbox 166 1223 1189 1300; baseline 0.001 -17"><span class='ocrx_word' id='word_1_74' title='bbox 166 1224 225 1284; x_wconf 90' lang='lat' dir='ltr'><strong>scit</strong></span> <span class='ocrx_word' id='word_1_75' title='bbox 247 1227 302 1284; x_wconf 87' lang='lat' dir='ltr'><strong>aut</strong></span> <span class='ocrx_word' id='word_1_76' title='bbox 323 1225 459 1284; x_wconf 85' lang='lat' dir='ltr'><strong>instituit</strong></span> <span class='ocrx_word' id='word_1_77' title='bbox 480 1223 614 1299; x_wconf 80' lang='lat' dir='ltr'><strong>tendere,</strong></span> <span class='ocrx_word' id='word_1_78' title='bbox 637 1225 691 1284; x_wconf 90' lang='lat' dir='ltr'><strong>sed</strong></span> <span class='ocrx_word' id='word_1_79' title='bbox 714 1243 773 1300; x_wconf 93' lang='lat' dir='ltr'><strong>quo</strong></span> <span class='ocrx_word' id='word_1_80' title='bbox 796 1225 937 1284; x_wconf 89' lang='lat' dir='ltr'><strong>duxerint</strong></span> <span class='ocrx_word' id='word_1_81' title='bbox 955 1225 1050 1285; x_wconf 85' lang='lat' dir='ltr'><strong>venti:</strong></span> <span class='ocrx_word' id='word_1_82' title='bbox 1072 1226 1108 1284; x_wconf 91' lang='lat' dir='ltr'><strong>ut</strong></span> <span class='ocrx_word' id='word_1_83' title='bbox 1124 1225 1189 1300; x_wconf 88' lang='lat' dir='ltr'><strong>ipse</strong></span> 
     </span>
     <span class='ocr_line' id='line_1_11' title="bbox 122 1306 1190 1395; baseline 0.001 -24"><span class='ocrx_word' id='word_1_84' title='bbox 122 1333 149 1372; x_wconf 84' lang='lat' dir='ltr'><strong>ro</strong></span> <span class='ocrx_word' id='word_1_85' title='bbox 167 1314 229 1373; x_wconf 85' lang='lat' dir='ltr'><strong>alio</strong></span> <span class='ocrx_word' id='word_1_86' title='bbox 256 1314 322 1373; x_wconf 90' lang='lat' dir='ltr'><strong>loco</strong></span> <span class='ocrx_word' id='word_1_87' title='bbox 354 1307 398 1394; x_wconf 84' lang='lat'><strong>(3,</strong></span> <span class='ocrx_word' id='word_1_88' title='bbox 414 1306 493 1395; x_wconf 81' lang='lat'>201)</span> <span class='ocrx_word' id='word_1_89' title='bbox 525 1313 679 1392; x_wconf 89' lang='lat' dir='ltr'><strong>Vergilius</strong></span> <span class='ocrx_word' id='word_1_90' title='bbox 712 1313 757 1372; x_wconf 89' lang='lat' dir='ltr'><strong>ait</strong></span> <span class='ocrx_word' id='word_1_91' title='bbox 783 1313 869 1389; x_wconf 86' lang='lat' dir='ltr'><strong>„ipse</strong></span> <span class='ocrx_word' id='word_1_92' title='bbox 903 1314 981 1373; x_wconf 92' lang='lat' dir='ltr'><strong>diem</strong></span> <span class='ocrx_word' id='word_1_93' title='bbox 1013 1316 1190 1390; x_wconf 90' lang='lat' dir='ltr'><strong>noctemque</strong></span> 
     </span>
     <span class='ocr_line' id='line_1_12' title="bbox 166 1402 1189 1481; baseline 0.002 -21"><span class='ocrx_word' id='word_1_94' title='bbox 166 1405 259 1481; x_wconf 88' lang='lat' dir='ltr'><strong>negat</strong></span> <span class='ocrx_word' id='word_1_95' title='bbox 277 1403 442 1462; x_wconf 88' lang='lat' dir='ltr'><strong>discernere</strong></span> <span class='ocrx_word' id='word_1_96' title='bbox 466 1402 549 1461; x_wconf 90' lang='lat' dir='ltr'><strong>caelo</strong></span> <span class='ocrx_word' id='word_1_97' title='bbox 567 1422 621 1463; x_wconf 93' lang='lat' dir='ltr'><strong>nec</strong></span> <span class='ocrx_word' id='word_1_98' title='bbox 638 1402 808 1462; x_wconf 89' lang='lat' dir='ltr'><strong>meminisse</strong></span> <span class='ocrx_word' id='word_1_99' title='bbox 827 1402 894 1462; x_wconf 84' lang='lat' dir='ltr'><strong>viae</strong></span> <span class='ocrx_word' id='word_1_100' title='bbox 912 1403 1012 1462; x_wconf 90' lang='lat' dir='ltr'><strong>media</strong></span> <span class='ocrx_word' id='word_1_101' title='bbox 1027 1403 1189 1462; x_wconf 86' lang='lat' dir='ltr'><strong>Palinurus</strong></span> 
     </span>
     <span class='ocr_line' id='line_1_13' title="bbox 166 1490 1251 1565; baseline -0.003 -15"><span class='ocrx_word' id='word_1_102' title='bbox 166 1493 199 1550; x_wconf 96' lang='lat' dir='ltr'><strong>in</strong></span> <span class='ocrx_word' id='word_1_103' title='bbox 216 1490 330 1551; x_wconf 75' lang='lat' dir='ltr'><strong>emda“.</strong></span> <span class='ocrx_word' id='word_1_104' title='bbox 367 1510 419 1551; x_wconf 79' lang='lat' dir='ltr'><strong>sec</strong></span> <span class='ocrx_word' id='word_1_105' title='bbox 437 1492 653 1564; x_wconf 73' lang='lat' dir='ltr'><strong>tempestatibus</strong></span> <span class='ocrx_word' id='word_1_106' title='bbox 671 1493 737 1560; x_wconf 80' lang='lat' dir='ltr'><strong>acti,</strong></span> <span class='ocrx_word' id='word_1_107' title='bbox 756 1492 858 1565; x_wconf 79' lang='lat' dir='ltr'><strong>quatio</strong></span> <span class='ocrx_word' id='word_1_108' title='bbox 875 1493 970 1551; x_wconf 80' lang='lat' dir='ltr'><strong>mutto</strong></span> <span class='ocrx_word' id='word_1_109' title='bbox 987 1494 1067 1550; x_wconf 78' lang='lat' dir='ltr'><strong>mort</strong></span> <span class='ocrx_word' id='word_1_110' title='bbox 1079 1496 1189 1551; x_wconf 78' lang='lat' dir='ltr'><strong>nautae</strong></span> <span class='ocrx_word' id='word_1_111' title='bbox 1199 1499 1251 1548; x_wconf 81' lang='lat'><strong>200</strong></span> 
     </span>
     <span class='ocr_line' id='line_1_14' title="bbox 161 1580 1189 1658; baseline -0.001 -18"><span class='ocrx_word' id='word_1_112' title='bbox 161 1582 323 1654; x_wconf 79' lang='lat' dir='ltr'><strong>potiantur</strong></span> <span class='ocrx_word' id='word_1_113' title='bbox 344 1583 377 1640; x_wconf 81' lang='lat' dir='ltr'><strong>tn</strong></span> <span class='ocrx_word' id='word_1_114' title='bbox 400 1582 473 1641; x_wconf 85' lang='lat' dir='ltr'><strong>otto:</strong></span> <span class='ocrx_word' id='word_1_115' title='bbox 503 1581 588 1657; x_wconf 87' lang='lat' dir='ltr'><strong>novi,</strong></span> <span class='ocrx_word' id='word_1_116' title='bbox 610 1581 723 1658; x_wconf 88' lang='lat' dir='ltr'><strong>inquit,</strong></span> <span class='ocrx_word' id='word_1_117' title='bbox 746 1601 807 1641; x_wconf 93' lang='lat' dir='ltr'><strong>non</strong></span> <span class='ocrx_word' id='word_1_118' title='bbox 826 1581 904 1640; x_wconf 93' lang='lat' dir='ltr'><strong>solas</strong></span> <span class='ocrx_word' id='word_1_119' title='bbox 923 1583 1118 1658; x_wconf 89' lang='lat' dir='ltr'><strong>tempestates</strong></span> <span class='ocrx_word' id='word_1_120' title='bbox 1137 1580 1189 1639; x_wconf 92' lang='lat' dir='ltr'><strong>sed</strong></span> 
     </span>
     <span class='ocr_line' id='line_1_15' title="bbox 166 1670 1189 1746; baseline -0.002 -17"><span class='ocrx_word' id='word_1_121' title='bbox 166 1673 197 1730; x_wconf 92' lang='lat' dir='ltr'><strong>et</strong></span> <span class='ocrx_word' id='word_1_122' title='bbox 223 1671 322 1730; x_wconf 91' lang='lat' dir='ltr'><strong>multa</strong></span> <span class='ocrx_word' id='word_1_123' title='bbox 350 1671 411 1730; x_wconf 89' lang='lat' dir='ltr'><strong>alia</strong></span> <span class='ocrx_word' id='word_1_124' title='bbox 437 1672 539 1730; x_wconf 82' lang='lat' dir='ltr'><strong>nautis</strong></span> <span class='ocrx_word' id='word_1_125' title='bbox 567 1671 713 1745; x_wconf 85' lang='lat' dir='ltr'><strong>accidere,</strong></span> <span class='ocrx_word' id='word_1_126' title='bbox 740 1689 807 1730; x_wconf 90' lang='lat' dir='ltr'><strong>oum</strong></span> <span class='ocrx_word' id='word_1_127' title='bbox 835 1670 869 1729; x_wconf 93' lang='lat' dir='ltr'><strong>in</strong></span> <span class='ocrx_word' id='word_1_128' title='bbox 892 1671 954 1730; x_wconf 89' lang='lat' dir='ltr'><strong>alto</strong></span> <span class='ocrx_word' id='word_1_129' title='bbox 983 1672 1053 1730; x_wconf 90' lang='lat' dir='ltr'><strong>sunt</strong></span> <span class='ocrx_word' id='word_1_130' title='bbox 1079 1670 1189 1746; x_wconf 83' lang='lat' dir='ltr'><strong>pelagi.</strong></span> 
     </span>
     <span class='ocr_line' id='line_1_16' title="bbox 122 1758 1189 1838; baseline 0.002 -22"><span class='ocrx_word' id='word_1_131' title='bbox 122 1777 148 1818; x_wconf 83' lang='lat' dir='ltr'><strong>rs</strong></span> <span class='ocrx_word' id='word_1_132' title='bbox 166 1761 320 1836; x_wconf 84' lang='lat' dir='ltr'><strong>conplevit</strong></span> <span class='ocrx_word' id='word_1_133' title='bbox 340 1761 612 1838; x_wconf 76' lang='lat' dir='ltr'><strong>interrogationum</strong></span> <span class='ocrx_word' id='word_1_134' title='bbox 633 1761 762 1835; x_wconf 82' lang='lat' dir='ltr'><strong>textum,</strong></span> <span class='ocrx_word' id='word_1_135' title='bbox 783 1760 892 1836; x_wconf 86' lang='lat' dir='ltr'><strong>incipit</strong></span> <span class='ocrx_word' id='word_1_136' title='bbox 913 1759 976 1819; x_wconf 86' lang='lat' dir='ltr'><strong>iam</strong></span> <span class='ocrx_word' id='word_1_137' title='bbox 993 1758 1136 1836; x_wconf 87' lang='lat' dir='ltr'><strong>prosequi</strong></span> <span class='ocrx_word' id='word_1_138' title='bbox 1153 1777 1189 1818; x_wconf 90' lang='lat' dir='ltr'><strong>ea</strong></span> 
     </span>
     <span class='ocr_line' id='line_1_17' title="bbox 166 1849 1188 1925; baseline 0.001 -18"><span class='ocrx_word' id='word_1_139' title='bbox 166 1849 276 1925; x_wconf 92' lang='lat' dir='ltr'><strong>quibus</strong></span> <span class='ocrx_word' id='word_1_140' title='bbox 292 1849 378 1908; x_wconf 87' lang='lat' dir='ltr'><strong>offert</strong></span> <span class='ocrx_word' id='word_1_141' title='bbox 394 1849 627 1910; x_wconf 85' lang='lat' dir='ltr'><strong>benivolentiam</strong></span> <span class='ocrx_word' id='word_1_142' title='bbox 641 1855 711 1908; x_wconf 86' lang='lat' dir='ltr'><strong>ante</strong></span> <span class='ocrx_word' id='word_1_143' title='bbox 725 1849 902 1925; x_wconf 89' lang='lat' dir='ltr'><strong>petitionem</strong></span> <span class='ocrx_word' id='word_1_144' title='bbox 916 1849 1050 1925; x_wconf 87' lang='lat' dir='ltr'><strong>aliquam</strong></span> <span class='ocrx_word' id='word_1_145' title='bbox 1069 1867 1188 1909; x_wconf 86' lang='lat' dir='ltr'><strong>securos</strong></span> 
     </span>
     <span class='ocr_line' id='line_1_18' title="bbox 166 1939 1189 2013; baseline -0.001 -16"><span class='ocrx_word' id='word_1_146' title='bbox 166 1939 307 1999; x_wconf 89' lang='lat' dir='ltr'><strong>efficiens.</strong></span> <span class='ocrx_word' id='word_1_147' title='bbox 356 1940 490 2010; x_wconf 80' lang='lat' dir='ltr'><strong>ttwmints</strong></span> <span class='ocrx_word' id='word_1_148' title='bbox 525 1940 659 1998; x_wconf 78' lang='lat' dir='ltr'><strong>intrastis</strong></span> <span class='ocrx_word' id='word_1_149' title='bbox 695 1939 780 2013; x_wconf 82' lang='lat' dir='ltr'><strong>ripas</strong></span> <span class='ocrx_word' id='word_1_150' title='bbox 814 1943 961 2012; x_wconf 78' lang='lat' dir='ltr'><strong>portuque</strong></span> <span class='ocrx_word' id='word_1_151' title='bbox 994 1939 1115 2008; x_wconf 72' lang='lat' dir='ltr'><strong>sedate,</strong></span> <span class='ocrx_word' id='word_1_152' title='bbox 1152 1955 1189 1997; x_wconf 81' lang='lat' dir='ltr'><strong>ne</strong></span> 
     </span>
     <span class='ocr_line' id='line_1_19' title="bbox 164 2028 1190 2106; baseline -0.001 -19"><span class='ocrx_word' id='word_1_153' title='bbox 164 2029 257 2104; x_wconf 74' lang='lat' dir='ltr'><strong>fugite</strong></span> <span class='ocrx_word' id='word_1_154' title='bbox 284 2029 457 2102; x_wconf 78' lang='lat' dir='ltr'><strong>hospitium:</strong></span> <span class='ocrx_word' id='word_1_155' title='bbox 487 2047 541 2088; x_wconf 91' lang='lat' dir='ltr'><strong>nee</strong></span> <span class='ocrx_word' id='word_1_156' title='bbox 571 2028 762 2105; x_wconf 87' lang='lat' dir='ltr'><strong>reprehendit</strong></span> <span class='ocrx_word' id='word_1_157' title='bbox 793 2029 875 2106; x_wconf 93' lang='lat' dir='ltr'><strong>quod</strong></span> <span class='ocrx_word' id='word_1_158' title='bbox 902 2029 1025 2089; x_wconf 84' lang='lat' dir='ltr'><strong>Troiani</strong></span> <span class='ocrx_word' id='word_1_159' title='bbox 1056 2029 1190 2089; x_wconf 87' lang='lat' dir='ltr'><strong>fecerant</strong></span> 
     </span>
     <span class='ocr_line' id='line_1_20' title="bbox 166 2118 1188 2196; baseline 0.001 -19"><span class='ocrx_word' id='word_1_160' title='bbox 166 2118 349 2178; x_wconf 87' lang='lat' dir='ltr'><strong>auctoritate</strong></span> <span class='ocrx_word' id='word_1_161' title='bbox 372 2137 427 2177; x_wconf 89' lang='lat' dir='ltr'><strong>sua</strong></span> <span class='ocrx_word' id='word_1_162' title='bbox 450 2120 480 2177; x_wconf 94' lang='lat' dir='ltr'><strong>et</strong></span> <span class='ocrx_word' id='word_1_163' title='bbox 503 2118 587 2177; x_wconf 87' lang='lat' dir='ltr'><strong>aliud</strong></span> <span class='ocrx_word' id='word_1_164' title='bbox 610 2118 722 2178; x_wconf 88' lang='lat' dir='ltr'><strong>obtulit</strong></span> <span class='ocrx_word' id='word_1_165' title='bbox 744 2119 825 2196; x_wconf 90' lang='lat' dir='ltr'><strong>quod</strong></span> <span class='ocrx_word' id='word_1_166' title='bbox 848 2119 1001 2178; x_wconf 86' lang='lat' dir='ltr'><strong>excederet</strong></span> <span class='ocrx_word' id='word_1_167' title='bbox 1023 2118 1188 2195; x_wconf 90' lang='lat' dir='ltr'><strong>hospitium</strong></span> 
     </span>
     <span class='ocr_line' id='line_1_21' title="bbox 121 2207 1189 2285; baseline 0.004 -22"><span class='ocrx_word' id='word_1_168' title='bbox 121 2224 148 2263; x_wconf 79' lang='lat' dir='ltr'><strong>eo</strong></span> <span class='ocrx_word' id='word_1_169' title='bbox 166 2208 274 2267; x_wconf 87' lang='lat' dir='ltr'><strong>litoris.</strong></span> <span class='ocrx_word' id='word_1_170' title='bbox 321 2209 416 2284; x_wconf 87' lang='lat' dir='ltr'><strong>quod,</strong></span> <span class='ocrx_word' id='word_1_171' title='bbox 445 2208 558 2284; x_wconf 89' lang='lat' dir='ltr'><strong>inquit,</strong></span> <span class='ocrx_word' id='word_1_172' title='bbox 584 2207 652 2284; x_wconf 87' lang='lat' dir='ltr'><strong>ripa</strong></span> <span class='ocrx_word' id='word_1_173' title='bbox 679 2226 733 2267; x_wconf 85' lang='lat' dir='ltr'><strong>vos</strong></span> <span class='ocrx_word' id='word_1_174' title='bbox 755 2208 886 2267; x_wconf 89' lang='lat' dir='ltr'><strong>fluminis</strong></span> <span class='ocrx_word' id='word_1_175' title='bbox 909 2211 992 2268; x_wconf 87' lang='lat' dir='ltr'><strong>tenet</strong></span> <span class='ocrx_word' id='word_1_176' title='bbox 1017 2211 1047 2267; x_wconf 90' lang='lat' dir='ltr'><strong>et</strong></span> <span class='ocrx_word' id='word_1_177' title='bbox 1073 2211 1189 2285; x_wconf 82' lang='lat' dir='ltr'><strong>portus,</strong></span> 
     </span>
     <span class='ocr_line' id='line_1_22' title="bbox 166 2296 1187 2375; baseline -0.003 -18"><span class='ocrx_word' id='word_1_178' title='bbox 166 2299 266 2357; x_wconf 90' lang='lat' dir='ltr'><strong>venite</strong></span> <span class='ocrx_word' id='word_1_179' title='bbox 289 2297 390 2373; x_wconf 90' lang='lat' dir='ltr'><strong>potius</strong></span> <span class='ocrx_word' id='word_1_180' title='bbox 415 2299 446 2356; x_wconf 89' lang='lat' dir='ltr'><strong>et</strong></span> <span class='ocrx_word' id='word_1_181' title='bbox 471 2296 603 2374; x_wconf 88' lang='lat' dir='ltr'><strong>hospitio</strong></span> <span class='ocrx_word' id='word_1_182' title='bbox 631 2300 734 2356; x_wconf 86' lang='lat' dir='ltr'><strong>nostro</strong></span> <span class='ocrx_word' id='word_1_183' title='bbox 761 2297 932 2375; x_wconf 88' lang='lat' dir='ltr'><strong>iungimini.</strong></span> <span class='ocrx_word' id='word_1_184' title='bbox 977 2297 1102 2374; x_wconf 91' lang='lat' dir='ltr'><strong>hospitii</strong></span> <span class='ocrx_word' id='word_1_185' title='bbox 1128 2297 1187 2374; x_wconf 90' lang='lat' dir='ltr'><strong>sig-</strong></span> 
     </span>
     <span class='ocr_line' id='line_1_23' title="bbox 165 2385 1187 2464; baseline -0.001 -20"><span class='ocrx_word' id='word_1_186' title='bbox 165 2387 299 2446; x_wconf 84' lang='lat' dir='ltr'><strong>nificatio</strong></span> <span class='ocrx_word' id='word_1_187' title='bbox 319 2388 350 2443; x_wconf 91' lang='lat' dir='ltr'><strong>et</strong></span> <span class='ocrx_word' id='word_1_188' title='bbox 363 2386 470 2445; x_wconf 90' lang='lat' dir='ltr'><strong>domus</strong></span> <span class='ocrx_word' id='word_1_189' title='bbox 487 2385 706 2445; x_wconf 83' lang='lat' dir='ltr'><strong>habitationem</strong></span> <span class='ocrx_word' id='word_1_190' title='bbox 726 2389 809 2445; x_wconf 89' lang='lat' dir='ltr'><strong>tenet</strong></span> <span class='ocrx_word' id='word_1_191' title='bbox 827 2390 858 2445; x_wconf 91' lang='lat' dir='ltr'><strong>et</strong></span> <span class='ocrx_word' id='word_1_192' title='bbox 871 2386 1002 2464; x_wconf 89' lang='lat' dir='ltr'><strong>gratiam</strong></span> <span class='ocrx_word' id='word_1_193' title='bbox 1019 2385 1187 2463; x_wconf 87' lang='lat' dir='ltr'><strong>iungendae</strong></span> 
     </span>
     <span class='ocr_line' id='line_1_24' title="bbox 166 2474 1187 2553; baseline -0.002 -19"><span class='ocrx_word' id='word_1_194' title='bbox 166 2475 327 2535; x_wconf 88' lang='lat' dir='ltr'><strong>amicitiae.</strong></span> <span class='ocrx_word' id='word_1_195' title='bbox 363 2478 525 2551; x_wconf 85' lang='lat' dir='ltr'><strong>utrumque</strong></span> <span class='ocrx_word' id='word_1_196' title='bbox 547 2475 643 2553; x_wconf 90' lang='lat' dir='ltr'><strong>igitur</strong></span> <span class='ocrx_word' id='word_1_197' title='bbox 664 2474 810 2534; x_wconf 87' lang='lat' dir='ltr'><strong>Latinum</strong></span> <span class='ocrx_word' id='word_1_198' title='bbox 832 2475 976 2535; x_wconf 87' lang='lat' dir='ltr'><strong>obtulisse</strong></span> <span class='ocrx_word' id='word_1_199' title='bbox 994 2475 1187 2532; x_wconf 89' lang='lat' dir='ltr'><strong>manifestum</strong></span> 
     </span>
     <span class='ocr_line' id='line_1_25' title="bbox 166 2564 1187 2641; baseline -0.001 -18"><span class='ocrx_word' id='word_1_200' title='bbox 166 2565 266 2625; x_wconf 88' lang='lat' dir='ltr'><strong>estin</strong></span> <span class='ocrx_word' id='word_1_201' title='bbox 290 2585 325 2624; x_wconf 91' lang='lat' dir='ltr'><strong>eo</strong></span> <span class='ocrx_word' id='word_1_202' title='bbox 353 2567 434 2641; x_wconf 92' lang='lat' dir='ltr'><strong>quod</strong></span> <span class='ocrx_word' id='word_1_203' title='bbox 464 2565 540 2624; x_wconf 83' lang='lat' dir='ltr'><strong>dixit</strong></span> <span class='ocrx_word' id='word_1_204' title='bbox 567 2584 604 2622; x_wconf 92' lang='lat' dir='ltr'><strong>ne</strong></span> <span class='ocrx_word' id='word_1_205' title='bbox 631 2566 728 2641; x_wconf 78' lang='lat' dir='ltr'><strong>fugite</strong></span> <span class='ocrx_word' id='word_1_206' title='bbox 755 2564 921 2640; x_wconf 90' lang='lat' dir='ltr'><strong>hospitium</strong></span> <span class='ocrx_word' id='word_1_207' title='bbox 949 2583 1022 2622; x_wconf 86' lang='lat' dir='ltr'><strong>neve</strong></span> <span class='ocrx_word' id='word_1_208' title='bbox 1049 2564 1187 2641; x_wconf 88' lang='lat' dir='ltr'><strong>ignorate</strong></span> 
     </span>
     <span class='ocr_line' id='line_1_26' title="bbox 125 2652 1188 2728; baseline 0.004 -21"><span class='ocrx_word' id='word_1_209' title='bbox 125 2668 149 2707; x_wconf 82' lang='lat' dir='ltr'><strong>ss</strong></span> <span class='ocrx_word' id='word_1_210' title='bbox 165 2653 299 2715; x_wconf 80' lang='lat' dir='ltr'><strong>Latinos.</strong></span> <span class='ocrx_word' id='word_1_211' title='bbox 346 2654 463 2713; x_wconf 86' lang='lat' dir='ltr'><strong>addidit</strong></span> <span class='ocrx_word' id='word_1_212' title='bbox 485 2673 573 2713; x_wconf 88' lang='lat' dir='ltr'><strong>suam</strong></span> <span class='ocrx_word' id='word_1_213' title='bbox 596 2656 626 2712; x_wconf 92' lang='lat' dir='ltr'><strong>et</strong></span> <span class='ocrx_word' id='word_1_214' title='bbox 649 2672 774 2713; x_wconf 88' lang='lat' dir='ltr'><strong>suorum</strong></span> <span class='ocrx_word' id='word_1_215' title='bbox 795 2652 929 2727; x_wconf 87' lang='lat' dir='ltr'><strong>laudem,</strong></span> <span class='ocrx_word' id='word_1_216' title='bbox 951 2655 987 2711; x_wconf 90' lang='lat' dir='ltr'><strong>ut</strong></span> <span class='ocrx_word' id='word_1_217' title='bbox 1005 2654 1188 2728; x_wconf 89' lang='lat' dir='ltr'><strong>optimorum</strong></span> 
     </span>
     <span class='ocr_line' id='line_1_27' title="bbox 166 2742 1186 2820; baseline 0 -19"><span class='ocrx_word' id='word_1_218' title='bbox 166 2762 196 2802; x_wconf 86' lang='lat' dir='ltr'><strong>se</strong></span> <span class='ocrx_word' id='word_1_219' title='bbox 219 2742 370 2803; x_wconf 84' lang='lat' dir='ltr'><strong>amicitias</strong></span> <span class='ocrx_word' id='word_1_220' title='bbox 393 2743 551 2803; x_wconf 80' lang='lat' dir='ltr'><strong>sortitiros</strong></span> <span class='ocrx_word' id='word_1_221' title='bbox 569 2743 791 2820; x_wconf 86' lang='lat' dir='ltr'><strong>intellegerent:</strong></span> <span class='ocrx_word' id='word_1_222' title='bbox 813 2759 885 2801; x_wconf 79' lang='lat' dir='ltr'><strong>neve</strong></span> <span class='ocrx_word' id='word_1_223' title='bbox 901 2744 1034 2817; x_wconf 71' lang='lat' dir='ltr'><strong>ignorate</strong></span> <span class='ocrx_word' id='word_1_224' title='bbox 1051 2743 1186 2811; x_wconf 72' lang='lat' dir='ltr'><strong>Latiam,</strong></span> 
     </span>
     <span class='ocr_line' id='line_1_28' title="bbox 165 2830 1188 2908; baseline 0 -17"><span class='ocrx_word' id='word_1_225' title='bbox 165 2832 289 2891; x_wconf 71' lang='lat' dir='ltr'><strong>Saturni</strong></span> <span class='ocrx_word' id='word_1_226' title='bbox 313 2836 438 2907; x_wconf 77' lang='lat' dir='ltr'><strong>pentem,</strong></span> <span class='ocrx_word' id='word_1_227' title='bbox 466 2834 540 2892; x_wconf 84' lang='lat' dir='ltr'><strong>baut</strong></span> <span class='ocrx_word' id='word_1_228' title='bbox 565 2832 660 2891; x_wconf 81' lang='lat' dir='ltr'><strong>vincto</strong></span> <span class='ocrx_word' id='word_1_229' title='bbox 688 2831 873 2903; x_wconf 65' lang='lat' dir='ltr'><strong>neclectibus</strong></span> <span class='ocrx_word' id='word_1_230' title='bbox 901 2849 1038 2906; x_wconf 78' lang='lat' dir='ltr'><strong>aequom,</strong></span> <span class='ocrx_word' id='word_1_231' title='bbox 1070 2830 1188 2908; x_wconf 78' lang='lat' dir='ltr'><strong>[sponte</strong></span> 
     </span>
     <span class='ocr_line' id='line_1_29' title="bbox 166 2918 1187 2998; baseline 0.001 -19"><span class='ocrx_word' id='word_1_232' title='bbox 166 2938 222 2980; x_wconf 79' lang='lat' dir='ltr'><strong>sua</strong></span> <span class='ocrx_word' id='word_1_233' title='bbox 244 2924 404 2994; x_wconf 77' lang='lat' dir='ltr'><strong>ceterisque</strong></span> <span class='ocrx_word' id='word_1_234' title='bbox 426 2922 473 2980; x_wconf 80' lang='lat' dir='ltr'><strong>dei</strong></span> <span class='ocrx_word' id='word_1_235' title='bbox 491 2939 522 2980; x_wconf 83' lang='lat' dir='ltr'><strong>se</strong></span> <span class='ocrx_word' id='word_1_236' title='bbox 540 2938 619 2980; x_wconf 81' lang='lat' dir='ltr'><strong>more</strong></span> <span class='ocrx_word' id='word_1_237' title='bbox 638 2918 810 2996; x_wconf 77' lang='lat' dir='ltr'><strong>tenentemJ:</strong></span> <span class='ocrx_word' id='word_1_238' title='bbox 833 2921 956 2997; x_wconf 88' lang='lat' dir='ltr'><strong>debetis,</strong></span> <span class='ocrx_word' id='word_1_239' title='bbox 974 2922 1083 2998; x_wconf 86' lang='lat' dir='ltr'><strong>inquit,</strong></span> <span class='ocrx_word' id='word_1_240' title='bbox 1101 2940 1187 2981; x_wconf 88' lang='lat' dir='ltr'><strong>nosse</strong></span> 
     </span>
     <span class='ocr_line' id='line_1_30' title="bbox 166 3008 1187 3091; baseline 0 -23"><span class='ocrx_word' id='word_1_241' title='bbox 166 3008 342 3070; x_wconf 87' lang='lat' dir='ltr'><strong>Latinorum</strong></span> <span class='ocrx_word' id='word_1_242' title='bbox 362 3010 534 3070; x_wconf 82' lang='lat' dir='ltr'><strong>Saturniam</strong></span> <span class='ocrx_word' id='word_1_243' title='bbox 553 3013 673 3089; x_wconf 88' lang='lat' dir='ltr'><strong>gentem</strong></span> <span class='ocrx_word' id='word_1_244' title='bbox 695 3029 749 3070; x_wconf 88' lang='lat' dir='ltr'><strong>nec</strong></span> <span class='ocrx_word' id='word_1_245' title='bbox 767 3013 852 3070; x_wconf 90' lang='lat' dir='ltr'><strong>metu</strong></span> <span class='ocrx_word' id='word_1_246' title='bbox 871 3012 985 3091; x_wconf 86' lang='lat' dir='ltr'><strong>legum,</strong></span> <span class='ocrx_word' id='word_1_247' title='bbox 1009 3013 1060 3072; x_wconf 92' lang='lat' dir='ltr'><strong>sed</strong></span> <span class='ocrx_word' id='word_1_248' title='bbox 1078 3014 1187 3069; x_wconf 86' lang='lat' dir='ltr'><strong>natura</strong></span> 
     </span>
     <span class='ocr_line' id='line_1_31' title="bbox 130 3100 1187 3179; baseline 0.001 -21"><span class='ocrx_word' id='word_1_249' title='bbox 130 3110 151 3150; x_wconf 78' lang='lat'><strong>³⁰</strong></span> <span class='ocrx_word' id='word_1_250' title='bbox 165 3103 363 3159; x_wconf 86' lang='lat' dir='ltr'><strong>mansuetam.</strong></span> <span class='ocrx_word' id='word_1_251' title='bbox 413 3120 482 3159; x_wconf 91' lang='lat' dir='ltr'><strong>oum</strong></span> <span class='ocrx_word' id='word_1_252' title='bbox 516 3102 581 3177; x_wconf 91' lang='lat' dir='ltr'><strong>ipse</strong></span> <span class='ocrx_word' id='word_1_253' title='bbox 615 3100 739 3160; x_wconf 89' lang='lat' dir='ltr'><strong>dixisset</strong></span> <span class='ocrx_word' id='word_1_254' title='bbox 772 3101 846 3179; x_wconf 92' lang='lat' dir='ltr'><strong>quid</strong></span> <span class='ocrx_word' id='word_1_255' title='bbox 877 3103 995 3179; x_wconf 87' lang='lat' dir='ltr'><strong>petitis,</strong></span> <span class='ocrx_word' id='word_1_256' title='bbox 1031 3101 1187 3179; x_wconf 90' lang='lat' dir='ltr'><strong>praevenit</strong></span> 
     </span>
    </p>
   </div>
   <div class='ocr_carea' id='block_1_3' title="bbox 166 3306 1197 3665">
    <p class='ocr_par' dir='ltr' id='par_1_3' title="bbox 166 3306 1197 3665">
     <span class='ocr_line' id='line_1_32' title="bbox 236 3306 1187 3375; baseline 0.003 -16"><span class='ocrx_word' id='word_1_257' title='bbox 236 3308 391 3375; x_wconf 76' lang='lat' dir='ltr'><strong>lqaoeee&#39;te</strong></span> <span class='ocrx_word' id='word_1_258' title='bbox 408 3306 435 3359; x_wconf 90' lang='lat' dir='ltr'><strong>V</strong></span> <span class='ocrx_word' id='word_1_259' title='bbox 453 3308 587 3375; x_wconf 76' lang='lat' dir='ltr'><strong>quaesiuit</strong></span> <span class='ocrx_word' id='word_1_260' title='bbox 605 3306 648 3361; x_wconf 92' lang='lat' dir='ltr'><strong>ed.</strong></span> <span class='ocrx_word' id='word_1_261' title='bbox 719 3310 835 3364; x_wconf 67' lang='lat' dir='ltr'><strong>tceters&#39;</strong></span> <span class='ocrx_word' id='word_1_262' title='bbox 851 3308 878 3361; x_wconf 88' lang='lat' dir='ltr'><strong>V</strong></span> <span class='ocrx_word' id='word_1_263' title='bbox 897 3325 965 3363; x_wconf 91' lang='lat' dir='ltr'><strong>corr.</strong></span> <span class='ocrx_word' id='word_1_264' title='bbox 985 3308 1029 3363; x_wconf 88' lang='lat' dir='ltr'><strong>ed.</strong></span> <span class='ocrx_word' id='word_1_265' title='bbox 1097 3314 1187 3362; x_wconf 77' lang='lat' dir='ltr'><strong>4oat</strong></span> 
     </span>
     <span class='ocr_line' id='line_1_33' title="bbox 166 3376 1185 3447; baseline 0.005 -19"><span class='ocrx_word' id='word_1_266' title='bbox 166 3376 195 3428; x_wconf 91' lang='lat' dir='ltr'><strong>in</strong></span> <span class='ocrx_word' id='word_1_267' title='bbox 211 3377 345 3431; x_wconf 85' lang='lat' dir='ltr'><strong>lemmate</strong></span> <span class='ocrx_word' id='word_1_268' title='bbox 364 3385 394 3432; x_wconf 88' lang='lat' dir='ltr'><strong>at</strong></span> <span class='ocrx_word' id='word_1_269' title='bbox 411 3378 441 3430; x_wconf 90' lang='lat' dir='ltr'><strong>in</strong></span> <span class='ocrx_word' id='word_1_270' title='bbox 459 3378 612 3447; x_wconf 83' lang='lat' dir='ltr'><strong>interprV</strong></span> <span class='ocrx_word' id='word_1_271' title='bbox 625 3379 669 3433; x_wconf 92' lang='lat' dir='ltr'><strong>ed.</strong></span> <span class='ocrx_word' id='word_1_272' title='bbox 685 3395 754 3433; x_wconf 88' lang='lat' dir='ltr'><strong>corr.</strong></span> <span class='ocrx_word' id='word_1_273' title='bbox 764 3379 798 3434; x_wconf 93' lang='lat' dir='ltr'><strong>U.</strong></span> <span class='ocrx_word' id='word_1_274' title='bbox 854 3385 888 3433; x_wconf 79' lang='lat'><strong>13</strong></span> <span class='ocrx_word' id='word_1_275' title='bbox 906 3382 980 3435; x_wconf 80' lang='lat' dir='ltr'><strong>soloe</strong></span> <span class='ocrx_word' id='word_1_276' title='bbox 993 3379 1019 3433; x_wconf 88' lang='lat' dir='ltr'><strong>V</strong></span> <span class='ocrx_word' id='word_1_277' title='bbox 1036 3380 1123 3433; x_wconf 77' lang='lat' dir='ltr'><strong>solum</strong></span> <span class='ocrx_word' id='word_1_278' title='bbox 1142 3379 1185 3433; x_wconf 91' lang='lat' dir='ltr'><strong>ed.</strong></span> 
     </span>
     <span class='ocr_line' id='line_1_34' title="bbox 168 3448 1184 3573; baseline 0.004 -73"><span class='ocrx_word' id='word_1_279' title='bbox 168 3453 199 3500; x_wconf 84' lang='lat'><strong>14</strong></span> <span class='ocrx_word' id='word_1_280' title='bbox 216 3449 343 3504; x_wconf 81' lang='lat' dir='ltr'><strong>accedere</strong></span> <span class='ocrx_word' id='word_1_281' title='bbox 363 3448 386 3501; x_wconf 93' lang='lat' dir='ltr'><strong>V</strong></span> <span class='ocrx_word' id='word_1_282' title='bbox 405 3467 473 3503; x_wconf 84' lang='lat' dir='ltr'><strong>corr.</strong></span> <span class='ocrx_word' id='word_1_283' title='bbox 493 3449 536 3503; x_wconf 91' lang='lat' dir='ltr'><strong>ed.</strong></span> <span class='ocrx_word' id='word_1_284' title='bbox 562 3449 692 3573; x_wconf 36' lang='lat' dir='ltr'><strong>&amp;pelope</strong></span> <span class='ocrx_word' id='word_1_285' title='bbox 710 3451 753 3505; x_wconf 85' lang='lat' dir='ltr'><strong>ed.</strong></span> <span class='ocrx_word' id='word_1_286' title='bbox 815 3457 848 3504; x_wconf 85' lang='grc'><strong>16</strong></span> <span class='ocrx_word' id='word_1_287' title='bbox 867 3453 947 3505; x_wconf 79' lang='lat' dir='ltr'><strong>caios</strong></span> <span class='ocrx_word' id='word_1_288' title='bbox 965 3452 1056 3518; x_wconf 68' lang='lat' dir='ltr'><strong>offecit</strong></span> <span class='ocrx_word' id='word_1_289' title='bbox 1072 3450 1098 3504; x_wconf 91' lang='lat' dir='ltr'><strong>V</strong></span> <span class='ocrx_word' id='word_1_290' title='bbox 1117 3468 1184 3505; x_wconf 88' lang='lat' dir='ltr'><strong>corr.</strong></span> 
     </span>
     <span class='ocr_line' id='line_1_35' title="bbox 166 3518 1185 3592; baseline 0.005 -21"><span class='ocrx_word' id='word_1_291' title='bbox 166 3518 207 3572; x_wconf 90' lang='lat' dir='ltr'><strong>ed.</strong></span> <span class='ocrx_word' id='word_1_292' title='bbox 247 3520 251 3592; x_wconf 71' lang='lat' dir='ltr'><strong>l</strong></span> <span class='ocrx_word' id='word_1_293' title='bbox 291 3525 356 3575; x_wconf 80' lang='lat' dir='ltr'><strong>onte</strong></span> <span class='ocrx_word' id='word_1_294' title='bbox 378 3520 404 3574; x_wconf 91' lang='lat' dir='ltr'><strong>V</strong></span> <span class='ocrx_word' id='word_1_295' title='bbox 428 3528 510 3590; x_wconf 78' lang='lat' dir='ltr'><strong>atque</strong></span> <span class='ocrx_word' id='word_1_296' title='bbox 533 3520 560 3572; x_wconf 92' lang='lat' dir='ltr'>H</span> <span class='ocrx_word' id='word_1_297' title='bbox 616 3522 659 3576; x_wconf 91' lang='lat' dir='ltr'><strong>ed.</strong></span> <span class='ocrx_word' id='word_1_298' title='bbox 743 3528 777 3577; x_wconf 90' lang='lat'><strong>18</strong></span> <span class='ocrx_word' id='word_1_299' title='bbox 802 3524 955 3590; x_wconf 77' lang='lat' dir='ltr'><strong>auspitium</strong></span> <span class='ocrx_word' id='word_1_300' title='bbox 982 3524 1021 3591; x_wconf 89' lang='lat' dir='ltr'><strong>(et</strong></span> <span class='ocrx_word' id='word_1_301' title='bbox 1045 3521 1128 3591; x_wconf 88' lang='lat' dir='ltr'><strong>infra)</strong></span> <span class='ocrx_word' id='word_1_302' title='bbox 1152 3522 1185 3576; x_wconf 92' lang='lat' dir='ltr'><strong>V.</strong></span> 
     </span>
     <span class='ocr_line' id='line_1_36' title="bbox 166 3591 1197 3665; baseline 0.008 -24"><span class='ocrx_word' id='word_1_303' title='bbox 166 3594 199 3642; x_wconf 73' lang='lat'><strong>⁴20</strong></span> <span class='ocrx_word' id='word_1_304' title='bbox 217 3592 290 3659; x_wconf 78' lang='lat' dir='ltr'><strong>qaod</strong></span> <span class='ocrx_word' id='word_1_305' title='bbox 307 3593 400 3660; x_wconf 77' lang='lat' dir='ltr'><strong>inquit</strong></span> <span class='ocrx_word' id='word_1_306' title='bbox 417 3591 443 3645; x_wconf 91' lang='lat' dir='ltr'><strong>V</strong></span> <span class='ocrx_word' id='word_1_307' title='bbox 465 3591 508 3646; x_wconf 89' lang='lat' dir='ltr'><strong>ed.</strong></span> <span class='ocrx_word' id='word_1_308' title='bbox 527 3593 596 3660; x_wconf 80' lang='lat' dir='ltr'><strong>quid</strong></span> <span class='ocrx_word' id='word_1_309' title='bbox 613 3594 631 3647; x_wconf 75' lang='grc' dir='ltr'><strong>ι’.</strong></span> <span class='ocrx_word' id='word_1_310' title='bbox 651 3593 678 3647; x_wconf 94' lang='grc' dir='ltr'>Η</span> <span class='ocrx_word' id='word_1_311' title='bbox 701 3594 822 3650; x_wconf 87' lang='lat' dir='ltr'><strong>fortasse</strong></span> <span class='ocrx_word' id='word_1_312' title='bbox 841 3596 929 3651; x_wconf 82' lang='lat' dir='ltr'><strong>recte.</strong></span> <span class='ocrx_word' id='word_1_313' title='bbox 1000 3599 1036 3649; x_wconf 78' lang='lat' dir='ltr'><strong>‘h&#39;l</strong></span> <span class='ocrx_word' id='word_1_314' title='bbox 1057 3601 1197 3665; x_wconf 76' lang='lat' dir='ltr'><strong>aposte-</strong></span> 
     </span>
    </p>
   </div>
   <div class='ocr_carea' id='block_1_4' title="bbox 151 3663 1219 3780">
    <p class='ocr_par' dir='ltr' id='par_1_4' title="bbox 151 3663 1219 3780">
     <span class='ocr_line' id='line_1_37' title="bbox 151 3663 1219 3780; baseline 0.015 -70"><span class='ocrx_word' id='word_1_315' title='bbox 151 3665 341 3780; x_wconf 53' lang='lat' dir='ltr'><strong>Zaetpemtem</strong></span> <span class='ocrx_word' id='word_1_316' title='bbox 363 3663 445 3716; x_wconf 82' lang='lat' dir='ltr'><strong>deest</strong></span> <span class='ocrx_word' id='word_1_317' title='bbox 464 3665 495 3718; x_wconf 83' lang='lat' dir='ltr'><strong>in</strong></span> <span class='ocrx_word' id='word_1_318' title='bbox 520 3663 549 3733; x_wconf 85' lang='lat' dir='ltr'><strong>V,</strong></span> <span class='ocrx_word' id='word_1_319' title='bbox 573 3666 625 3723; x_wconf 91' lang='lat' dir='ltr'><strong>sed</strong></span> <span class='ocrx_word' id='word_1_320' title='bbox 649 3668 825 3741; x_wconf 84' lang='lat' dir='ltr'><strong>explicatur.</strong></span> <span class='ocrx_word' id='word_1_321' title='bbox 902 3675 937 3727; x_wconf 72' lang='lat' dir='ltr'><strong>‘ht</strong></span> <span class='ocrx_word' id='word_1_322' title='bbox 958 3687 996 3727; x_wconf 78' lang='lat' dir='ltr'><strong>ue</strong></span> <span class='ocrx_word' id='word_1_323' title='bbox 1012 3674 1092 3727; x_wconf 72' lang='lat' dir='ltr'><strong>caetu</strong></span> <span class='ocrx_word' id='word_1_324' title='bbox 1104 3665 1131 3719; x_wconf 72' lang='lat' dir='ltr'><strong>V</strong></span> <span class='ocrx_word' id='word_1_325' title='bbox 1155 3678 1219 3718; x_wconf 64' lang='lat' dir='ltr'><strong>aco</strong></span> 
     </span>
    </p>
   </div>
   <div class='ocr_carea' id='block_1_5' title="bbox 0 0 1368 4150">
    <p class='ocr_par' dir='ltr' id='par_1_5' title="bbox 0 0 1368 4150">
     <span class='ocr_line' id='line_1_38' title="bbox 0 0 1368 4150; baseline 0 0"><span class='ocrx_word' id='word_1_326' title='bbox 0 0 1368 4150; x_wconf 95' lang='lat' dir='ltr'><strong> </strong></span> 
     </span>
    </p>
   </div>
  </div>
 </body>
</html>
