2725 4150
547 350 730 407 1311111133
744 352 797 408 vn
1138 355 1182 423 53

163 520 237 599 quid
273 518 353 580 enim
388 523 488 598 petere
520 520 625 580 debuit
654 522 765 598 maior,
807 541 883 598 quae
914 521 1037 583 iubendi
1067 526 1184 583 teneret

161 609 367 688 plenissimam
398 610 600 687 voluntatem,
636 612 691 669 aut
721 610 796 688 quid
827 615 927 689 petere
965 612 1003 670 ab
1037 630 1073 670 ea
1105 631 1183 688 quae

162 699 290 778 optabat
322 699 456 759 invenire
491 699 572 777 quod
600 698 751 760 verteret?
797 701 862 761 sola
893 701 989 778 igitur
1018 700 1183 761 insinuatio

161 787 331 849 necessaria
358 789 458 848 ficerat
484 807 591 849 causae
620 792 650 849 et
677 808 795 850 summa
823 789 1008 869 designanda
1035 789 1183 850 desiderii.

130 879 272 954 sincipit
305 878 366 937 dici
396 878 462 937 laus
495 879 528 937 in
556 881 661 955 aperta
692 879 926 956 vituperatione3
958 881 985 940 si
1017 879 1097 938 enim
1127 899 1183 957 pro

161 986 292 1046 persona
314 966 436 1042 Furiae,
458 970 494 1027 ut
515 968 629 1027 factum
654 969 712 1042 est,
736 966 818 1028 dicta
834 970 1043 1048 intellegatur,
1063 967 1183 1028 eviden-

161 1057 281 1118 tissima
316 1056 452 1116 laudatio
489 1059 547 1131 est,
583 1058 610 1116 si
641 1061 831 1117 removeatur
860 1058 931 1118 huic
967 1057 1184 1135 praedicationi

161 1163 292 1223 persona
323 1145 513 1220 conveniens,
546 1147 604 1205 erit
635 1145 809 1206 execrabilis
841 1148 874 1205 in
906 1165 997 1223 quam
1023 1149 1084 1207 ista
1116 1166 1184 1206 con·

161 1237 317 1295 venerant
358 1233 468 1294 dicitur
490 1255 561 1314 ergo
584 1230 641 1295 sub
664 1235 744 1311 plasi
762 1235 861 1295 laudis
885 1238 1083 1313 vituperatio,
1102 1236 1183 1296 deni-

118 1341 143 1380 ro
162 1345 221 1403 que
243 1325 345 1382 locum
367 1324 600 1400 praedicationis
620 1324 767 1399 obtinuit,
791 1327 863 1402 quia
886 1325 995 1385 Furiae
1020 1326 1184 1386 dicebatur.

162 1414 214 1474 sed
241 1415 409 1473 necessario
436 1414 641 1490 praemittitur
667 1432 771 1491 eausa,
797 1418 922 1490 propter
949 1434 1040 1490 quam
1063 1417 1185 1474 tantum

148 1504 278 1581 ,malum
301 1502 338 1562 ab
365 1503 471 1562 inferis
498 1503 599 1563 fuerat
627 1506 798 1562 evocatum:
829 1521 866 1562 ue
894 1507 991 1561 uester
1019 1504 1110 1562 henes
1138 1506 1184 1562 in-

161 1595 295 1667 13331333
324 1592 407 1651 cedet
430 1593 516 1664 fame
548 1593 615 1652 loeo.
660 1596 784 1652 ventum
815 1595 874 1669 est,
904 1591 1014 1669 inquit,
1047 1591 1085 1651 ad
1117 1612 1185 1651 eum

162 1681 329 1757 cardinem,
351 1683 454 1760 virgo,
479 1685 514 1740 ut
537 1700 644 1741 casura
667 1683 708 1740 sit
730 1681 859 1742 nominis
886 1682 946 1741 mei
974 1681 1112 1741 omnibus
1138 1701 1184 1741 re-

118 1771 293 1832 reverenda
322 1771 478 1845 maiestas,
507 1772 568 1829 nisi
597 1771 646 1831 1113
676 1790 753 1847 quae
780 1775 884 1832 contra
913 1774 985 1831 vota
1014 1791 1081 1831 mea
1107 1771 1185 1830 finnt

161 1863 241 1920 itum
261 1859 380 1919 obviam
398 1859 498 1919 fuerit.
540 1860 642 1919 cedere
660 1859 726 1919 loco
745 1861 870 1920 verbum
888 1864 934 1921 est
952 1880 987 1919 ex
1005 1881 1037 1919 re
1060 1860 1185 1920 militari

163 1952 333 2026 sumptum3
359 1969 431 2008 nam
456 1949 489 2008 in
515 1969 620 2026 pugna
648 1949 702 2025 qui
728 1950 793 2009 loco
822 1951 943 2010 cesserit
970 1953 1089 2010 constat
1116 1971 1186 2009 eum

164 2041 348 2118 superatum.
394 2039 476 2116 quod
504 2038 600 2117 igitur
630 2039 674 2099 ait
703 2037 779 2099 Inno
811 2060 849 2099 ne
881 2042 983 2100 noster
1014 2040 1108 2100 honos
1140 2041 1185 2099 in·

163 2131 298 2189 fractam
327 2128 414 2187 cedat
441 2128 523 2187 fama
549 2130 629 2203 loco,
660 2128 810 2207 significat
837 2149 874 2189 ne
901 2131 999 2190 victae
1025 2130 1185 2206 perdamus

119 2232 145 2273 1ο
162 2221 308 2279 honorem
344 2220 488 2277 nostrum.
533 2219 581 2277 his
619 2218 813 2296 subiungitur
849 2219 1007 2279 instructio
1043 2238 1184 2296 personas

163 2308 261 2367 omnis
291 2310 322 2366 et
350 2326 414 2365 rem
444 2309 475 2365 et
504 2307 578 2382 quid
607 2308 689 2367 facto
720 2326 795 2385 opus
826 2308 867 2367 sit
895 2308 1026 2368 breviter
1049 2310 1186 2386 signans3

162 2418 224 2457 non
252 2398 334 2455 enim
360 2398 478 2471 tempus
503 2396 600 2455 verbis
629 2396 841 2473 prolixioribus
869 2396 1007 2473 occupari
1034 2397 1186 2471 debuerat,

161 2488 194 2545 in
227 2504 288 2561 quo
315 2504 375 2544 non
403 2484 507 2560 verba,
540 2486 591 2544 sed
623 2486 705 2545 facta
738 2486 966 2563 quaerebantur.
1017 2485 1187 2544 adhibenda

163 2574 278 2652 quippe
305 2574 478 2651 rumpendis
504 2573 601 2634 initiis
629 2576 766 2635 celeritas
797 2576 870 2649 fuit,
901 2593 937 2632 ne
968 2573 1036 2633 aliis
1066 2593 1187 2651 quoque

121 2677 145 2717 ²⁶
163 2663 324 2724 eoncordia
345 2664 488 2723 roborata
511 2663 652 2725 subsidiis
675 2666 730 2723 aut
753 2663 889 2742 superari
916 2683 977 2724 non
1004 2666 1106 2739 posset
1134 2666 1188 2723 aut

164 2754 329 2813 difficulter
361 2754 458 2812 evicta
485 2753 697 2813 succumberet.
743 2770 802 2811 eeu
829 2754 960 2811 conubiis
988 2755 1100 2813 ambire
1124 2754 1187 2812 Le-

164 2846 262 2902 einos
274 2842 435 2902 Aeneadae
448 2843 565 2915 possent
581 2843 711 2901 Italosue
728 2842 859 2901 obsidere
876 2844 962 2915 finis:
983 2842 1065 2919 nolo,
1077 2844 1187 2920 inquit,

165 2952 233 2993 eum
252 2930 392 2991 Troianis
415 2930 544 2990 conubia
566 2932 631 2990 fieri
658 2950 713 2991 nee
730 2930 874 2990 Latinum
901 2933 945 2991 sie
972 2932 1188 3007 circumveniri,

163 3025 201 3081 ut
222 3022 271 3081 1113
294 3020 389 3079 filiam
411 3020 527 3095 tradat,
550 3040 587 3079 ne
610 3022 651 3079 sit
669 3020 711 3081 eis
731 3039 823 3080 eausa
840 3022 873 3080 in
890 3020 983 3081 Italia
1000 3021 1187 3081 remanendi:

123 3122 147 3163 ³⁰
163 3111 235 3171 nolo
268 3108 435 3168 adfinitatis
467 3110 531 3168 iure
567 3111 757 3169 concordiam
789 3114 893 3170 contra
919 3118 993 3170 uota
1024 3131 1092 3170 mea
1124 3128 1187 3169 sur-

164 3203 287 3279 gentem
323 3200 536 3258 eonvalescere.
581 3198 661 3258 redit
697 3219 818 3260 rursum
855 3199 892 3259 ad
924 3199 1044 3259 laudem
1078 3199 1188 3258 Furiae

238 3392 256 3441 6
283 3387 405 3441 dicte-
427 3392 442 3439 7
469 3393 509 3442 est
533 3405 586 3441 om.
611 3387 655 3441 ed.
729 3392 745 3441 8
770 3389 802 3442 in
827 3405 882 3456 qua
908 3386 951 3440 ed.
1025 3392 1041 3439 9
1064 3387 1141 3455 pleni
1162 3384 1189 3438 V

156 3460 254 3528 ,speeie
271 3457 317 3511 ed.
369 3463 402 3511 15
420 3464 483 3513 ecto
500 3457 601 3513 meaV
620 3476 680 3513 eam
699 3458 741 3513 ed.
794 3464 827 3513 17
846 3475 903 3513 eon
920 3459 952 3511 in
965 3457 992 3511 V
1009 3475 1076 3512 cem
1093 3459 1126 3511 in
1144 3458 1188 3513 ed.

166 3535 201 3583 18
219 3531 259 3585 eit
274 3531 368 3597 fracta
385 3546 416 3584 ee
433 3529 460 3583 V
479 3532 574 3599 (supra
591 3533 686 3599 reete).
756 3534 790 3583 20
808 3530 986 3598 subiemyitur
1003 3528 1029 3582 V
1047 3529 1190 3600 3311133911

166 3602 211 3656 ed.
242 3601 245 3673 l
274 3602 420 3655 1331133113
442 3616 496 3654 om.
513 3600 602 3656 HOU
620 3600 664 3657 ed.
743 3607 778 3658 21
797 3602 913 3659 breuius
938 3599 1101 3657 onnon
1122 3602 1173 3655 ab.

163 3674 323 3738 a'ffnficam
339 3670 380 3723 ed.
436 3677 472 3724 26
489 3674 631 3733 roboratas
648 3675 695 3734 ed.
755 3683 790 3736 26
813 3673 1032 3735 sacenses-es
1054 3690 1133 3729 corr.
1145 3671 1196 3726 ed.

149 3740 284 3790 mm
307 3754 343 3790 ⁷²³
357 3742 504 3800 Aeneadae
526 3745 557 3802 V.
638 3756 676 3808 as
702 3761 815 3813 emer
836 3753 969 3813 annues
985 3748 1027 3807 1.
