2725 4150
210 313 254 381 22
495 311 637 368 sonim
653 311 946 368 messenium.

146 493 199 544 135
209 481 317 541 fueret.
357 479 407 540 Sic
424 481 529 540 deinde
546 482 653 554 effntns
671 481 822 554 frondenti
841 485 971 555 temporo
991 499 1074 542 renio
1094 483 1229 556 inplicat.

208 572 303 631 'cinxit
329 572 466 648 temporo
493 590 548 630 sua
575 589 660 630 remo
687 569 852 645 frondenti,
882 589 951 629 mox
977 574 1014 631 ut
1040 572 1114 632 hoec
1141 571 1232 648 dixit3

207 661 265 719 hoc
279 663 334 719 sut
346 660 466 720 laetitio
479 660 592 720 feceret
609 662 664 719 ant
680 658 829 719 honorum
847 659 1017 720 divinornm
1036 661 1231 722 sollemnitas.

208 755 236 808 et
252 751 426 825 qeninmqne
450 751 505 809 loci
521 750 706 822 primamque
728 748 848 807 deornm
868 749 1014 809 Tellurem
1031 751 1232 826 monentesque

209 844 235 898 et
262 840 359 899 ndtne
386 842 487 914 londo
509 843 650 912 precetur
672 839 812 908 flnmino,
835 842 898 896 nrm
925 839 1047 899 Noctem
1072 840 1231 914 Noctisqne
1262 855 1273 896 e

208 930 334 988 orimtio
362 930 450 1003 sione
478 927 661 999 Idnemnqne
689 926 792 986 Ionem
819 927 1035 1003 Phrynicmqne
1064 946 1099 988 en
1128 931 1231 989 ordine

147 1029 198 1079 140
207 1023 332 1078 matrem
366 1019 483 1076 invocat
514 1019 541 1074 et
575 1016 702 1089 derelicto
739 1017 872 1091 carbone
909 1018 1046 1090 ereboqne
1081 1020 1231 1093 permtis:

208 1127 277 1166 cum
303 1107 401 1166 multu
432 1104 603 1183 iniungeret
634 1105 738 1180 sociis,
764 1105 829 1182 ipse
856 1105 893 1166 ab
921 1106 1074 1183 obsequiis
1106 1107 1231 1167 deorum

208 1214 321 1256 vacuus
344 1213 490 1254 essenon
513 1194 628 1270 potuit3
656 1193 815 1255 obsecutus
841 1200 887 1256 eet
909 1197 1022 1272 quippe
1050 1197 1139 1274 genio
1162 1198 1230 1273 loci,

208 1284 338 1343 seeundo
361 1287 461 1343 terroe
484 1283 523 1343 nd
545 1301 639 1359 quom
665 1287 790 1344 venerut
816 1302 925 1359 novus,
953 1284 1060 1343 dehine
1087 1287 1230 1363 nymphis
1249 1302 1274 1342 ro

206 1375 331 1450 propter
366 1392 488 1450 squam,
525 1375 563 1432 ut
588 1374 745 1434 commoda
774 1375 939 1452 peregrinis
972 1392 1035 1433 esse
1067 1375 1231 1453 potuissem

205 1463 332 1521 flumine
354 1482 490 1541 quoque,
517 1461 589 1522 lieet
621 1464 719 1522 adhuc
750 1464 868 1540 ignote,
896 1462 1125 1538 deprecabaturt
1160 1463 1231 1540 ipsa

206 1554 267 1612 fuit
280 1570 372 1612 causo
385 1552 552 1628 fluminum,
569 1553 638 1629 ipen
656 1552 872 1629 nympharum
890 1553 965 1626 tum,
982 1551 1039 1611 hoc
1053 1554 1100 1611 cst
1113 1551 1230 1630 deinde,

205 1643 334 1702 Noctem
346 1642 511 1718 Noctisque
531 1641 660 1700 orientia
679 1641 774 1719 signa,
794 1641 938 1717 quoniam
955 1640 1003 1699 die
1022 1645 1228 1704 consummato

205 1733 272 1807 ipsc
303 1733 366 1790 iam
396 1731 518 1790 fuerant
556 1733 697 1806 venture,
734 1734 771 1789 ut
807 1730 889 1789 onelo
923 1732 1063 1808 terreque
1094 1732 1229 1809 propitio
1249 1747 1273 1789 rs

204 1820 330 1879 haberet
353 1838 429 1896 quae
452 1818 586 1878 homines
609 1822 803 1895 venerantum
827 1819 929 1880 Iovem
952 1839 1070 1896 qnoque
1093 1821 1229 1898 putrium

206 1908 295 1967 deum
318 1911 372 1986 qni
394 1910 426 1968 in
444 1909 500 1968 Ide
522 1911 623 1968 monte
647 1908 802 1968 colebatur
825 1912 856 1968 et
876 1912 1005 1968 matrem
1028 1910 1117 1970 deum
1139 1914 1230 1971 vocet

206 2017 242 2056 ex
256 1997 369 2057 ordine.
406 1999 497 2058 semel
515 1999 647 2075 positum
666 2017 701 2057 ex
715 1999 819 2057 ordine
838 2017 899 2057 non
917 2000 1016 2076 semel,
1035 2001 1088 2059 sed
1106 2001 1228 2078 saepius

206 2087 347 2148 debemus
366 2090 509 2165 accipere,
532 2090 567 2147 ut
584 2088 625 2147 sit
643 2084 740 2166 cingit
756 2089 843 2148 lauro
861 2091 999 2166 tempora
1017 2092 1048 2149 et
1065 2110 1101 2151 ex
1115 2090 1229 2170 ordine,

204 2177 261 2237 boc
284 2179 413 2237 estnon
437 2177 567 2253 confuse,
591 2177 642 2237 sed
666 2177 845 2255 singillatim
869 2179 1056 2240 enumeravit
1078 2180 1174 2240 omnis
1197 2186 1229 2241 et
1247 2198 1272 2238 ro

206 2267 344 2326 omnibus
368 2267 524 2327 obsecutus
548 2270 594 2326 est
617 2266 730 2327 addens
754 2267 881 2344 duplicis
904 2271 1043 2345 parentes
1067 2289 1148 2345 suos,
1171 2270 1229 2331 hoc

205 2359 251 2416 est
279 2357 368 2432 duos,
390 2356 537 2416 Venerem
564 2356 660 2430 caelo,
687 2356 838 2418 Anchisen
862 2358 898 2416 eb
921 2358 1034 2417 inferis.
1075 2360 1229 2433 licenter

204 2448 387 2522 omnipotens
410 2451 452 2505 ter
470 2447 549 2505 coelo
568 2446 667 2505 elorns
691 2448 728 2505 ab
748 2447 806 2505 alto
825 2449 965 2506 intonnit:
988 2449 1103 2507 clarum
1122 2452 1227 2525 operto

205 2535 309 2596 favore
329 2536 443 2595 auxilio
462 2554 517 2595 sun
536 2536 757 2613 significantem
775 2536 981 2611 accipiendum
1000 2541 1053 2597 est.
1076 2539 1229 2612 radiieqne

205 2625 355 2683 ardentem
387 2624 474 2684 lneis'
492 2629 518 2684 et
550 2642 624 2684 nnro
656 2625 720 2698 ipse
747 2643 839 2683 mann
872 2628 1006 2698 qnotiens
1035 2628 1160 2686 ostendit
1189 2630 1227 2688 ab
1245 2642 1270 2682 rs

204 2714 318 2771 aethere
340 2716 461 2773 nnbem:
488 2733 584 2791 usque
607 2713 682 2772 adeo
705 2714 811 2773 hilaris
835 2715 922 2792 signo
949 2715 1030 2775 Iovis
1059 2716 1146 2776 favor
1175 2737 1227 2794 np-

202 2802 320 2877 pcruit,
343 2805 378 2860 ut
406 2802 499 2861 nubes
526 2823 587 2862 non
615 2804 701 2862 fusce
728 2821 782 2862 nec
805 2806 904 2862 taetre
931 2805 983 2863 sed
1011 2824 1100 2864 nureo
1129 2806 1227 2866 colore

204 2890 408 2966 apparuisset,
428 2910 486 2968 quo
510 2892 597 2970 signo
623 2896 799 2969 conpertum
822 2895 868 2952 est
891 2913 960 2953 mor
983 2895 1103 2955 Aeneae
1124 2915 1226 2972 preces

203 2979 331 3039 nuditas.
376 2982 423 3039 ter
446 2984 547 3041 cutem
569 2983 715 3056 intonuit,
739 3001 784 3057 ne,
808 2982 833 3042 si
857 2984 948 3042 semel
971 2984 1087 3044 factum
1109 2984 1227 3060 fnisset,

202 3087 288 3129 cesus
325 3071 484 3146 poteretur
524 3072 637 3147 apertis
679 3071 773 3149 signis
814 3075 981 3133 monstrata
1027 3075 1226 3151 prosperitas:
1245 3089 1271 3130 ro

275 3278 289 3326 'l
318 3275 444 3343 caeloque
474 3291 528 3328 om.
552 3273 586 3329 V.
666 3282 700 3331 14
728 3288 913 3335 emismrnmcto
937 3279 963 3332 V
990 3289 1148 3350 consumpto
1180 3283 1224 3338 ed.

203 3349 236 3397 16
258 3347 384 3413 patmum
407 3346 487 3400 denm
508 3346 530 3397 V
551 3353 659 3416 ponem
681 3349 793 3403 deornm
816 3351 858 3405 ed.
934 3356 967 3403 19
989 3357 1015 3404 et
1032 3368 1066 3405 ex
1084 3352 1109 3405 V
1128 3371 1162 3408 ee
1181 3355 1225 3411 ed.

202 3421 236 3469 23
264 3417 370 3471 clamem
386 3448 420 3457 -
439 3422 474 3471 24
498 3419 699 3488 siqnifieantem
735 3422 925 3489 commendem
950 3420 974 3474 V
1000 3422 1042 3475 ed.
1076 3423 1111 3477 cf.
1146 3432 1226 3492 10‚8

201 3504 267 3543 -ens
285 3505 368 3543 -cons
385 3490 455 3543 -dns
472 3489 516 3543 ed.
535 3492 608 3558 post.
673 3496 707 3545 26
726 3492 825 3546 litoris
842 3492 868 3547 V
887 3493 930 3545 ed.
949 3493 1052 3547 hilari?
1072 3510 1109 3548 cn
1127 3498 1225 3553 lilari-

194 3560 284 3612 totie?
299 3560 309 3629 t
322 3559 457 3627 peoorV
474 3562 556 3628 favor
573 3561 617 3615 ed.
664 3567 698 3615 27
717 3569 807 3617 taetra
821 3562 847 3615 V
865 3570 952 3617 terrea
971 3563 1014 3617 ed.
1062 3570 1096 3619 30
1113 3576 1225 3634 potere-

178 3632 232 3678 tur
247 3632 360 3696 apertis
377 3630 403 3686 V
417 3633 475 3689 sed.
481 3650 545 3690 mm
559 3640 600 3691 ter
612 3634 778 3691 intonuisset
795 3634 929 3703 internos.
943 3634 988 3687 ed.
1009 3636 1015 3706 l
1033 3645 1184 3694 monstrata
1198 3640 1225 3694 V

164 3705 384 3758 memoranter
401 3705 449 3762 ed.
