2725 4150
549 327 733 383 Aurunca
752 329 791 383 rx
1115 330 1182 398 255

160 498 269 558 Ilionei
290 500 403 557 monitu
425 502 451 558 et
472 498 597 557 muitum
619 498 803 557 lacrimis
825 498 889 557 Iuli
911 499 1074 571 corripiunt
1094 499 1182 557 ieter-

161 605 216 661 ooe
232 605 341 647 monus
359 589 413 646 sub
432 591 505 646 tecta
522 591 681 660 reponemu-
703 588 847 662 multum,
865 586 978 663 inquit,
996 587 1181 647 lacrimantis

160 677 234 753 Iuli,
264 677 406 754 quoniam
436 677 518 753 apud
546 676 633 735 illum
662 676 828 736 multarum
856 696 957 736 rerum
983 675 1181 737 consideratio

161 767 234 840 fuit,
256 768 354 841 primo
374 765 453 843 quod
472 766 510 825 ad
528 768 646 842 patrem
665 764 810 825 mandata
828 766 954 842 perferri
976 765 1182 843 nequiverant,

127 854 268 916 sdeinde
297 855 417 914 amissio
444 857 601 915 tantorum
627 856 776 930 virorum,
806 855 1024 915 commendatio
1055 854 1182 932 Euryali

160 947 193 1004 in
216 962 308 1004 causa
330 943 436 1004 matris
459 947 490 1004 et
516 943 589 1004 fides
612 943 761 1020 promissa
787 946 932 1023 pergenti.
977 946 1066 1020 rapta
1088 944 1183 1023 igitur

161 1036 192 1094 et
218 1035 311 1093 missa
338 1033 394 1093 sub
421 1036 503 1093 tecta
525 1036 584 1109 est,
612 1052 649 1093 ne
671 1032 800 1093 ulterius
823 1033 957 1094 virorum
980 1035 1095 1094 animos
1119 1033 1181 1094 suis

162 1122 343 1183 elamoribus
366 1123 526 1201 frangeret.

231 1211 274 1271 At
296 1213 366 1271 tubo
384 1213 541 1272 terribilem
559 1213 688 1271 sonitem
700 1211 806 1285 procul
819 1229 887 1271 ecre
904 1229 1011 1272 canoro
1029 1212 1182 1288 increpuit,

115 1322 142 1362 ro
160 1302 291 1374 sequitur
320 1301 431 1360 ciuem
460 1302 628 1374 coelumque
655 1302 794 1376 remugit:
823 1301 944 1378 Rutuli,
976 1301 1029 1377 qui
1058 1301 1097 1361 ad
1126 1302 1183 1362 hoc

160 1392 319 1466 venerant,
341 1392 377 1449 ut
395 1391 585 1466 dimicarent,
611 1389 729 1450 accensi
747 1410 867 1468 quoque
885 1410 921 1450 ex
939 1391 1020 1451 facto
1038 1390 1184 1451 dederunt

160 1480 233 1539 belli
250 1479 371 1558 signum
389 1500 443 1556 per
459 1479 566 1540 tubam
587 1482 675 1540 tanto
693 1481 772 1556 nisu,
790 1483 826 1538 ut
843 1480 932 1539 ferali
949 1483 1042 1540 cantu
1060 1481 1183 1557 oppleta

160 1569 289 1629 fuissent
315 1569 457 1629 uniuersa
483 1571 513 1628 et
540 1570 704 1648 remugiret
731 1570 856 1629 caelum.
900 1569 980 1629 inter
1007 1569 1124 1647 mugire
1152 1573 1183 1628 et

160 1659 309 1736 remugire
338 1658 395 1718 hoc
423 1658 563 1718 interestr
593 1658 692 1736 mugit
721 1659 800 1718 unde
830 1659 963 1737 mugitus
993 1659 1091 1735 primo
1114 1677 1182 1735 pro·

116 1765 141 1806 rs
159 1748 318 1822 ficiscitur,
344 1749 476 1826 remugit
503 1747 583 1824 quod
610 1748 731 1826 mugitu
757 1748 855 1808 alieno
882 1766 1057 1825 percussum
1083 1746 1184 1807 reddit

160 1837 284 1898 auribus
316 1836 396 1913 quod
428 1836 546 1914 accipit
601 1838 764 1897 acceleraret
798 1841 865 1897 aeto
893 1839 1009 1912 pariter
1041 1837 1182 1897 testudine
1192 1851 1244 1901 505

166 1926 263 1986 Volsci
286 1929 312 1984 ct
332 1926 431 1999 fossos
449 1927 561 2000 inplere
578 1930 695 2000 parant
712 1944 747 1985 oe
764 1926 868 1986 cellere
890 1928 1018 1986 oothon:
1038 1926 1182 2005 posthoc

161 2017 282 2095 signum
303 2016 449 2076 venerunt
461 2016 565 2076 Volsci
591 2035 651 2077 uno
675 2016 776 2077 animo
803 2036 923 2093 unoque
947 2035 1091 2078 consensu
1115 2019 1183 2078 acta

160 2106 322 2166 testudine.
366 2105 488 2165 testudo
516 2109 562 2165 est
589 2125 665 2184 quae
693 2107 901 2166 coniunctione
923 2110 1078 2167 scutorum
1101 2108 1183 2167 facta

115 2212 142 2252 ro
160 2195 284 2254 latentis
307 2197 410 2271 supter
431 2196 510 2274 tegit
532 2199 677 2255 armatos:
706 2214 782 2273 quae
809 2198 882 2255 tuno
908 2196 944 2256 fit
970 2198 1111 2274 quotiens
1137 2196 1182 2255 in·

160 2285 272 2344 seriora
305 2283 444 2343 adeunda
476 2288 547 2345 sunt
576 2286 607 2343 et
636 2286 826 2361 superiorum
855 2286 1001 2345 metuitur
1028 2287 1182 2347 violentia.

161 2375 191 2432 in
210 2392 326 2434 summo
345 2374 440 2452 igitur
458 2374 582 2433 fuerunt
599 2373 735 2450 Troiani,
755 2374 857 2433 Volsci
871 2376 973 2433 autem
986 2394 1041 2451 pro
1059 2375 1181 2434 Rutulis

161 2463 306 2523 facientes
324 2464 475 2539 parabant
492 2464 588 2523 fossas
606 2464 721 2540 inplere
740 2463 788 2524 uel
806 2482 957 2539 rumpere,
980 2482 1040 2539 quo
1059 2465 1182 2539 possent

162 2552 254 2612 etiam
284 2551 322 2612 ad
351 2554 443 2613 turris
466 2552 595 2629 parietes
625 2553 789 2629 pervenire.
835 2553 972 2612 fecerunt
1000 2551 1110 2612 idcirco
1138 2554 1181 2610 te·

116 2658 142 2697 ss
162 2642 326 2716 studinem,
348 2645 384 2702 ut
405 2642 552 2719 disposita
570 2642 756 2719 conplorent,
780 2642 830 2701 cui
851 2642 909 2716 rei,
932 2645 968 2701 ut
990 2642 1105 2701 factum
1127 2644 1182 2716 est,

161 2751 223 2790 una
254 2730 402 2791 mentium
433 2731 616 2808 conspiratio
652 2732 753 2791 fuerat
783 2729 963 2806 necessaria,
1000 2750 1037 2789 ne
1068 2732 1181 2790 maiore

162 2821 361 2880 Troianorum
383 2822 414 2881 vi
435 2822 555 2881 testudo
582 2821 650 2897 ipsa
677 2820 825 2880 dissoluta
853 2820 1066 2880 succumberet.
1110 2819 1182 2879 huic

162 2909 300 2969 societati
329 2910 496 2969 animorum
527 2910 713 2970 celeritatem
742 2928 861 2987 quoque
893 2910 1121 2985 coniunxerant,
1144 2929 1181 2968 ne

162 2998 401 3077 adgredientium
430 3000 558 3060 tarditas
591 2998 844 3077 expugnationem
875 2999 987 3058 faceret
1018 2999 1181 3059 fortiorem.

116 3105 143 3143 so
162 3092 308 3161 quaeunt
332 3106 409 3162 pars
440 3090 568 3149 edition:
600 3091 751 3165 quaerunt
780 3087 897 3147 aditum
929 3087 1034 3149 divisis
1067 3088 1181 3149 officiis.

235 3225 342 3279 linter
359 3224 419 3278 eine
437 3241 488 3293 que
502 3222 534 3277 V.
591 3225 810 3279 irruituro—3
825 3224 885 3278 Iuli
903 3239 956 3277 om.
971 3223 1015 3276 ed.
1068 3223 1183 3278 tilium

162 3294 188 3347 V
205 3295 301 3349 Iulum
324 3296 367 3349 ed.
445 3301 462 3348 l>
480 3296 581 3350 amisso
596 3293 622 3348 V
640 3297 752 3351 ammeio
775 3295 819 3349 ed.
899 3299 915 3346 6
933 3296 1062 3365 pergenti
1078 3293 1105 3348 V
1120 3311 1183 3363 pcr-

162 3367 269 3436 ogeetie
287 3367 358 3421 eor.
432 3373 515 3422 'tneo
532 3382 583 3435 pro
598 3365 679 3423 ueV.
754 3372 787 3420 12
802 3365 1060 3436 tuotthootooue
1081 3365 1179 3437 edd!

163 3445 188 3492 et
204 3438 292 3505 ferale
309 3456 331 3493 c.
347 3454 370 3494 o.
385 3439 502 3506 fuerent
521 3455 549 3492 c.
569 3444 595 3492 et
611 3439 758 3508 remuyiret
775 3436 838 3492 cV
856 3443 888 3493 ut
905 3437 989 3504 feroti
1008 3454 1059 3492 noe
1077 3440 1182 3491 temere

162 3511 232 3563 mut.
252 3509 295 3563 ed.
369 3516 403 3564 16
425 3510 583 3565 testitudine
605 3511 645 3576 (et
665 3510 750 3579 infra)
768 3508 803 3564 V.
877 3514 909 3563 17
928 3509 1006 3579 culpi
1022 3525 1073 3578 pro
1093 3508 1183 3564 Volsci

163 3584 203 3649 (et
227 3580 311 3648 infra)
334 3580 368 3636 V.
449 3586 484 3634 24
507 3581 624 3649 parietis
646 3579 680 3635 V.
711 3580 714 3652 l
744 3582 889 3649 pervenire
911 3578 937 3632 V
962 3580 1110 3649 perdocere
1137 3580 1183 3633 ed.

162 3658 197 3707 28
216 3652 340 3776 ηεξατ
357 3653 401 3707 ed.
474 3656 508 3706 29
531 3653 762 3723 mpoyewtwoem
785 3652 858 3710 Dos.
874 3651 1078 3709 resistentium
1091 3650 1202 3702 Vidua-

163 3742 259 3778 nornrn
295 3724 348 3777 ieie
365 3727 397 3777 ut
414 3729 475 3781 615.
