2725 4150
183 303 250 371 632
468 296 921 355 nounuiuuaseavaae.

183 470 323 548 pentibus
337 470 471 547 quatere.
497 468 543 527 illo'
560 468 692 527 membra
708 484 803 527 nouas
820 467 906 526 soluit
922 466 1081 540 formidine
1094 470 1212 541 torpor:

183 560 302 619 Turnus
326 578 393 619 cum
416 558 473 618 boc
495 558 624 633 videret,
651 557 804 616 intellecto
827 555 910 632 quod
932 556 1034 615 omnia
1056 557 1212 635 significa·

182 652 289 708 rentur
310 651 456 722 extreme,
478 666 557 708 novo
577 650 698 724 torpore
722 646 886 706 dissolutus
908 649 962 705 est.
995 665 1108 705 novum
1131 646 1213 707 dixit

183 740 235 798 sut
260 739 381 815 qualem
406 756 493 796 nemo
522 736 686 813 aliquando
712 737 855 796 sensisset
884 739 938 794 aut
965 736 1124 795 insolitum
1151 736 1213 797 sibi

182 836 214 887 et
235 828 433 903 repentinum.
474 830 659 900 arrectaeque
681 826 800 884 horrore
823 842 921 885 cernae
943 829 969 883 ct
990 842 1046 883 voa
1067 826 1212 899 faucbus
1242 841 1254 881 s

181 917 289 976 Meet:
318 917 383 976 leve
411 914 483 991 fuit,
512 917 539 975 si
563 915 711 975 diceretur
733 914 816 991 quod
842 914 934 992 vulgo
963 912 1023 974 dici
1052 918 1213 976 consuevit

181 1008 332 1066 steterunt
347 1004 394 1064 illi
412 1002 530 1081 capilli,
549 1004 630 1082 quod
647 1006 820 1081 frequenter
835 1004 996 1081 contingit,
1015 1023 1084 1063 cum
1103 1003 1211 1081 aliquo

181 1114 336 1154 movemur
344 1096 475 1169 horrore,
489 1094 541 1154 sed
556 1093 600 1153 ait
613 1095 762 1153 steterunt
776 1095 891 1169 comae3
905 1092 1084 1170 capillorum
1094 1094 1211 1173 quippe

182 1182 361 1262 significatio
379 1184 558 1244 brevitatem
577 1186 729 1243 attonsum
748 1182 911 1261 significat,
930 1202 1032 1242 comae
1048 1202 1120 1242 vero
1138 1204 1212 1261 pro·

181 1273 329 1331 lixitetem
351 1274 534 1346 monstrant,
558 1291 636 1349 quse
654 1275 779 1349 propter
801 1273 922 1350 longam
945 1272 1104 1331 mollitiem
1126 1275 1211 1333 stare
1229 1290 1255 1329 ιο

181 1380 241 1420 uon
260 1365 401 1438 possuut;
419 1365 450 1421 et
469 1366 580 1437 tamen,
598 1381 667 1421 cum
680 1361 787 1441 ingens
801 1364 899 1421 metus
913 1360 1100 1437 describitur,
1114 1361 1211 1422 etism

181 1452 265 1528 ipsae
293 1455 373 1511 sture
398 1452 553 1527 dicuntur,
582 1452 655 1511 licet
681 1454 761 1512 stare
791 1470 852 1511 non
879 1451 1009 1527 possint,
1038 1454 1074 1510 ut
1101 1454 1211 1512 contra

180 1543 322 1600 naturam
344 1541 441 1601 maior
463 1542 510 1601 vis
533 1541 656 1600 terroris
678 1542 736 1602 hoc
759 1541 856 1600 facere
876 1540 1023 1600 videatur.
1056 1544 1088 1599 ot
1100 1543 1211 1615 procul

180 1634 214 1688 ct
226 1630 322 1689 Dirae
339 1631 493 1690 stridorem
509 1632 628 1705 agnouit
645 1634 672 1689 et
689 1631 770 1690 clos:
787 1631 879 1704 hanc,
897 1630 1011 1705 inquit,
1029 1649 1098 1689 cum
1116 1629 1209 1710 longe

180 1718 306 1780 vidisset
327 1720 457 1780 Iuturna
479 1719 605 1779 stridere
628 1722 811 1796 strepentem
834 1722 865 1778 et
886 1720 993 1779 volatu
1012 1718 1120 1779 Diram
1142 1739 1209 1780 esse
1228 1735 1254 1777 1⁶

181 1810 324 1886 cognovit
346 1804 449 1891 (facile
472 1809 552 1868 enim
573 1809 748 1887 intellegere
767 1810 868 1887 potuit
885 1828 978 1868 unam
996 1827 1060 1868 esse
1084 1828 1120 1868 ex
1142 1810 1209 1870 illis

181 1918 259 1975 quae
277 1898 385 1958 solium
403 1898 483 1977 regis
501 1902 532 1958 et
550 1899 641 1958 limen
659 1898 829 1974 observant,
848 1897 920 1976 quia
938 1899 969 1957 in
989 1898 1111 1958 adfectu
1123 1897 1208 1960 Iovis

118 1998 171 2049 8¹10
180 1988 345 2048 constituta
361 1989 417 2048 has
436 1990 572 2066 cognitas
587 1979 718 2069 babuit),
730 1988 836 2061 infelix
849 1989 941 2047 uinta
954 1988 1061 2047 condit
1073 1988 1209 2049 latmo

179 2079 288 2137 solutos
301 2080 450 2152 anomocus
467 2096 522 2139 ora
537 2096 621 2137 soror
632 2079 758 2151 foedans
776 2083 803 2137 et
813 2083 932 2152 pectora
940 2079 1061 2153 pagata.
1083 2080 1209 2138 tantum

180 2186 283 2226 earum
300 2167 429 2227 Iuturna
447 2187 533 2227 omen
552 2170 689 2242 noverat,
712 2171 749 2226 ut
770 2168 827 2226 hac
848 2169 915 2228 visa
930 2168 991 2227 iam
1010 2186 1065 2244 pro
1083 2171 1207 2229 mortuo
1226 2185 1253 2224 ro

179 2257 337 2335 plangeret
364 2257 489 2316 fratrem
516 2276 586 2317 suos
614 2256 764 2333 dissipans
791 2257 881 2316 crinis
909 2259 940 2316 et
969 2276 1022 2316 ora
1052 2257 1207 2335 unguibus

179 2346 298 2406 lanians
326 2349 356 2404 et
383 2351 504 2424 pectora
536 2346 645 2424 pugnis
675 2346 852 2407 obtundens.
892 2347 963 2419 quid
987 2364 1067 2406 cunc
1093 2352 1121 2406 te
1143 2351 1206 2417 tua,

181 2436 292 2505 Tarae,
312 2441 407 2509 potest
423 2454 567 2510 gumano
584 2437 709 2495 iuvare?
732 2441 784 2495 out
801 2437 873 2510 poto
890 2437 952 2495 tom
970 2436 1065 2495 durae
1084 2441 1209 2510 subnot

179 2526 270 2583 rothi?
289 2543 348 2599 qua
365 2527 418 2585 tibi
436 2526 528 2585 lucem
544 2529 607 2584 orte
624 2525 740 2584 morer?
758 2523 852 2600 [tolia
862 2543 984 2600 possam
996 2542 1043 2583 mc
1061 2543 1207 2599 opponere

178 2613 344 2690 monstret]
354 2614 575 2691 expraeteritis‚
584 2613 694 2692 inquit,
703 2614 806 2690 frater,
815 2615 947 2674 laborem
962 2634 1063 2673 meum
1076 2614 1207 2691 probare
1225 2631 1251 2671 ss

179 2705 318 2778 potuisti,
348 2705 407 2763 feci
435 2706 535 2764 omnia
562 2723 617 2780 pro
647 2704 745 2763 salute
773 2706 843 2778 tua,
874 2704 926 2765 sed
953 2722 1033 2762 nunc
1059 2703 1133 2780 quid
1155 2724 1206 2763 ex-

179 2791 306 2870 cogitem
322 2813 414 2869 quam
427 2793 528 2871 potior
541 2792 680 2853 inimicus
695 2792 867 2870 expugnat?
893 2793 967 2871 quid
986 2796 1096 2871 agutur
1111 2794 1207 2853 etiam

178 2882 243 2958 ipse
261 2882 423 2961 cognoscis.
454 2886 551 2943 cessat
569 2882 665 2942 omnis
684 2882 879 2942 subveniendi
895 2882 1063 2956 subtilitas,
1081 2884 1205 2959 quando

178 2975 288 3049 urgent
320 2975 451 3032 extrema
483 2972 657 3048 periturum.
703 2971 936 3050 inexpugnabile
962 2973 1131 3032 monstrum
1158 2976 1207 3033 est

178 3061 261 3120 istud
283 3080 337 3120 neo
360 3062 422 3120 ullo
446 3065 546 3138 potest
568 3063 706 3139 superari
728 3061 869 3120 remedio.
912 3062 989 3120 nibil
1011 3060 1100 3120 omisi
1123 3061 1205 3139 quod
1224 3079 1249 3118 eo

178 3151 290 3210 faceret
313 3169 367 3227 pro
396 3152 549 3210 commodo
577 3154 644 3225 buc,
673 3151 736 3209 iam
766 3151 931 3210 cedendum
961 3153 1008 3210 est
1033 3149 1101 3211 istis
1125 3171 1205 3228 quae

178 3238 276 3299 evinci
295 3240 474 3299 consulendo
493 3261 553 3301 nou
572 3244 711 3317 possunt,
734 3240 911 3315 cedendum,
934 3241 1071 3317 inquam,
1090 3240 1205 3300 talibus

250 3417 267 3464 4
292 3412 443 3466 insolutum
461 3411 493 3464 V.
523 3412 525 3481 4
555 3413 610 3466 sibi
632 3428 686 3466 om.
706 3411 750 3465 ed.
824 3410 978 3482 GoalyoV
997 3412 1069 3480 quod
1086 3429 1110 3466 o.
1131 3411 1203 3466 eds.

179 3488 213 3535 15
227 3484 370 3551 stripeates
384 3482 410 3535 V
420 3500 487 3537 corr.
504 3483 547 3536 ed.
596 3489 629 3537 16
643 3484 769 3554 cognouit
782 3482 807 3535 V
821 3482 864 3537 ed.
880 3484 996 3537 -oicsett
1043 3488 1076 3536 1‘1
1091 3483 1204 3538 obsch

173 3555 321 3611 observant
345 3571 396 3609 nos
420 3555 599 3624 frequentans
622 3554 666 3608 ed.
697 3554 700 3625 l
734 3556 801 3623 qaia
825 3571 879 3608 om.
900 3554 945 3608 ed.
1022 3559 1056 3607 23
1076 3554 1204 3610 duraeV

162 3629 286 3686 murrae
304 3628 349 3686 ed.
408 3634 445 3686 24
463 3629 578 3687 tolta—
589 3630 624 3683 ab
643 3631 762 3683 ametro
779 3626 859 3679 tecet
875 3626 906 3679 in
919 3624 954 3691 V,
971 3625 1021 3679 sed
1035 3625 1202 3694 explicatur.

152 3705 193 3757 30
209 3705 397 3777 superareV
417 3707 466 3766 -rt
484 3705 533 3764 ed.
609 3707 646 3759 tl
665 3717 702 3759 ea
718 3696 816 3756 tstts'l
835 3696 966 3751 cerret.
1169 3734 1175 3743 „
