2725 4150
553 321 737 378 AENnmos
755 321 795 376 XI
1014 400 1021 427 Ι
1118 323 1184 391 495

242 494 371 552 Velocem
388 494 500 551 intereo
517 493 632 565 soporis
649 492 684 550 io
701 491 819 550 sedibus
839 489 937 564 Opim,
960 508 1054 550 onom
1075 507 1109 550 cc
1126 491 1185 549 oc'c·

162 583 282 658 pinibus
308 583 395 641 sociis
422 598 565 653 socroqoc
592 584 722 650 cotcroo,
752 579 934 654 conpellabat
961 582 988 638 ct
1013 579 1068 638 boe
1095 578 1186 639 tristis

165 672 297 730 Latonia
318 688 401 730 ooccs
422 687 471 729 oro
494 668 597 729 dabat:
623 668 724 728 Diana
745 668 778 727 in
804 668 886 728 eaelo
909 667 1010 745 posita
1036 687 1128 727 unam
1152 681 1248 731 exsto

164 760 332 839 virginibus
352 778 427 837 quas
445 759 543 819 socias
560 757 669 818 babuit
686 761 717 818 et
735 755 808 835 Opis
827 758 984 833 diceretur,
997 756 1188 834 conpellabat

136 869 148 907 s
165 851 222 909 hoc
235 853 282 909 est
295 848 522 925 adloquebatur.
545 848 643 908 tristis
656 848 791 924 positum
804 848 851 906 est
863 849 895 907 et
906 848 1085 907 remansisse
1098 849 1187 924 puta·

165 942 216 997 tur
237 938 384 999 incertum
412 940 515 998 utrum
538 936 634 996 tristis
656 935 789 996 Latonia
814 936 902 1014 uirgo
929 954 1016 996 voces
1040 936 1127 996 daret
1149 955 1188 996 au

165 1028 260 1087 tristis
283 1047 384 1088 voces:
415 1027 529 1087 dictum
550 1027 608 1086 hoc
633 1025 742 1085 melius
766 1024 884 1087 adverti
905 1044 965 1085 non
988 1027 1101 1103 potest,
1129 1025 1189 1086 nisi

165 1136 279 1176 morem
301 1119 408 1193 poetae
430 1117 592 1176 retinentes
612 1135 704 1192 quem
724 1114 835 1190 ubique
858 1115 990 1175 servavit
1007 1115 1054 1176 bis
1071 1115 1187 1175 intelle-

166 1224 271 1284 gamus
290 1207 401 1282 tristis,
423 1208 460 1265 ut
479 1206 578 1283 qualis
601 1204 702 1264 animo
720 1204 781 1263 fuit
797 1204 873 1264 talia
890 1203 1030 1264 habuisse
1048 1205 1189 1266 videatur

121 1315 148 1354 io
166 1298 197 1354 eb
218 1295 322 1355 verba:
352 1295 477 1372 proinde
505 1294 602 1354 tristis
624 1293 755 1354 Latonia
783 1311 869 1354 voces
898 1292 995 1355 tristis
1023 1295 1188 1355 emittebat.

164 1385 301 1459 proditor
324 1386 430 1444 bellom
453 1384 493 1443 od
511 1384 626 1443 modste
646 1382 786 1453 Camillo,
810 1382 939 1458 ooc’roo,
964 1385 1117 1443 nocetis
1138 1401 1189 1443 oc·

166 1474 321 1548 conquam
339 1475 465 1548 concitur
483 1473 590 1532 armis:
613 1475 644 1531 et
661 1490 821 1550 personam
838 1473 942 1550 tetigit
961 1472 1052 1531 simul
1072 1475 1102 1532 et
1119 1491 1188 1532 cau·

167 1582 244 1638 sam3
277 1582 349 1621 nam
376 1567 406 1622 et
433 1582 510 1639 quae
537 1563 596 1621 iret
623 1563 653 1622 et
680 1581 741 1638 quo
768 1565 907 1640 pergeret
933 1560 1010 1621 dixit
1037 1563 1068 1621 et
1095 1561 1190 1621 futuri

167 1652 337 1712 certaminis
357 1652 484 1712 adversa
506 1650 700 1726 monstravit,
724 1651 834 1729 quippe
855 1651 922 1711 ideo
941 1650 1060 1710 crudele
1077 1649 1190 1709 bellum

122 1763 148 1802 rs
167 1740 330 1815 adstruxit,
353 1760 414 1800 non
433 1760 492 1817 quo
516 1741 556 1800 sit
574 1740 738 1817 aliquando
760 1760 821 1800 non
845 1739 978 1816 crudele,
1000 1739 1053 1799 sed
1075 1759 1111 1798 ex
1130 1759 1189 1816 quo

168 1831 388 1907 significaretur
411 1829 571 1890 Camillam
597 1849 658 1889 non
685 1847 749 1889 esse
776 1830 956 1905 redituram,
987 1829 1115 1906 denique
1138 1829 1189 1888 ad·

168 1919 246 1979 didit
268 1920 382 1979 frustra
404 1939 472 1978 eam
490 1918 600 1980 divinis
619 1918 710 1978 armis
732 1920 926 1995 instmctam,
948 1922 1054 1995 utpote
1078 1920 1128 1978 oui
1151 1918 1190 1978 ad

168 2011 425 2069 conservationem
443 2009 547 2068 salutis
565 2027 625 2068 non
639 2012 740 2068 essent
752 2009 920 2086 profutura.
952 2008 1085 2069 ostendit
1099 2011 1189 2087 poeta

168 2099 250 2157 omni
273 2101 427 2159 occasione
449 2100 568 2158 nullum
586 2097 675 2158 deum
694 2098 839 2176 opitulari
857 2100 999 2175 cuiquam
1016 2118 1103 2177 posse
1122 2118 1189 2159 cum

122 2210 149 2248 eo
167 2189 232 2249 vita
254 2188 383 2247 hominis
405 2189 439 2247 in
460 2188 603 2247 ultimum
621 2190 741 2267 cogitur
758 2188 855 2247 finem.
888 2180 1016 2265 denique
1039 2189 1099 2248 alio
1122 2189 1189 2249 loco

168 2269 235 2359 (10,
249 2270 330 2359 470)
354 2297 407 2337 neo
429 2279 529 2355 ipsum
552 2278 654 2337 Iovem
682 2277 745 2336 filio
772 2295 826 2336 suo
851 2275 1018 2353 Sarpedoni
1040 2279 1189 2354 profuisse

167 2369 296 2426 testatus
320 2368 374 2426 est.
410 2368 565 2445 demergo,
589 2367 733 2445 quoniam
756 2370 876 2444 poterat
899 2364 973 2442 Opis
996 2366 1092 2426 dicere
1114 2366 1190 2425 nihil

168 2459 213 2516 est
234 2456 267 2514 in
289 2457 347 2515 hac
365 2475 455 2515 ceusu
475 2455 680 2531 metuendum,
704 2457 848 2533 quoniam
866 2454 995 2515 (tamilla
1018 2456 1109 2515 armis
1128 2454 1190 2515 tuis

168 2544 347 2620 defenditur,
361 2546 518 2621 praevenit
531 2545 631 2606 dicens
649 2546 676 2603 it
694 2545 733 2605 ad
747 2545 859 2605 bellum
877 2563 937 2604 non
953 2562 1081 2605 evasura
1094 2563 1190 2622 neque

123 2654 149 2693 ac
168 2636 197 2693 ei
218 2634 355 2711 proderit
377 2635 457 2711 quod
484 2636 576 2695 armis
604 2634 714 2695 nostris
743 2635 876 2694 accincta
899 2636 952 2694 est.
998 2634 1085 2712 signa
1109 2634 1192 2694 dedit

168 2724 340 2799 moriturae,
358 2742 418 2783 non
436 2727 537 2783 tamen
556 2724 725 2784 nominavit
738 2724 821 2801 quod
833 2744 894 2784 uon
908 2723 1030 2783 valebat
1048 2726 1190 2784 avertere.

168 2813 292 2889 nostris,
315 2814 428 2889 inquit,
451 2814 556 2889 armis,
588 2814 710 2891 sagittis
733 2813 848 2873 scilicet
869 2812 978 2890 quibus
1001 2832 1069 2872 cum
1091 2812 1191 2872 Diana

168 2902 267 2961 sociae
294 2904 426 2980 virgines
453 2903 624 2962 utebantur.
670 2920 743 2964 coro
764 2902 837 2961 mtto·
859 2906 927 2961 octo
949 2892 1042 2962 o‘b‘oe:
1071 2900 1190 2961 subtilis

169 2994 200 3050 et
212 2993 338 3051 honesta
357 2992 542 3068 conparatio.
574 2992 672 3053 voluit
690 2992 769 3051 enim
788 2992 863 3051 alias
881 2992 1013 3051 multum
1031 2991 1088 3051 sibi
1106 3009 1190 3051 caras

123 3100 149 3138 eo
168 3099 245 3156 esse,
268 3081 321 3140 sed
339 3079 498 3141 Camillam
521 3082 703 3159 plusquam
725 3082 838 3140 ceteras
857 3079 1015 3157 cariorem,
1038 3100 1092 3140 nec
1115 3080 1192 3140 dixit

169 3171 267 3229 carior
292 3172 347 3229 aut
374 3171 530 3231 carissima
557 3173 716 3230 ettamen
744 3169 843 3247 ipsam
873 3169 1010 3230 omnibus
1037 3169 1191 3248 praetulit.

240 3359 443 3427 ‘ncoopotlcbot
455 3358 489 3413 V.
563 3364 624 3414 tet
637 3358 663 3412 V
681 3375 752 3427 qaae
770 3358 813 3412 ed.
833 3358 883 3413 sed
902 3358 936 3412 cf.
956 3363 982 3424 5,
997 3363 1057 3412 828.
1086 3357 1089 3430 t
1120 3357 1192 3413 dicc-

169 3431 251 3484 batcor
269 3430 312 3484 ed.
332 3430 382 3485 sed
401 3430 437 3484 cf.
453 3434 513 3485 820.
542 3429 546 3501 Ι
576 3430 749 3498 compellavit
770 3430 814 3485 ed.
889 3434 905 3482 ὅ
929 3430 1072 3497 scopora
1089 3436 1129 3483 cet
1147 3429 1191 3484 ed.

170 3507 297 3555 omrem
315 3501 442 3557 tristcbV
460 3520 499 3556 aa
516 3503 608 3557 tristes
625 3500 669 3555 ed.
726 3503 850 3571 'tpotoc't
863 3501 907 3555 ed.
962 3503 1093 3556 docimo
1107 3500 1133 3554 V
1147 3501 1190 3555 ed.

170 3577 203 3624 10
221 3589 296 3627 occos
314 3572 501 3628 trietoeVed.
568 3578 600 3626 15
620 3572 712 3641 qooV
730 3574 802 3642 qood
820 3572 864 3628 ed.
931 3578 965 3625 22
984 3589 1067 3641 quum
1082 3577 1193 3640 poterat

169 3644 212 3698 ed.
282 3649 316 3697 24
334 3660 392 3699 oon
409 3643 565 3700 woeuraV
584 3646 690 3699 temere
708 3646 777 3698 mut.
795 3644 838 3699 ed.
907 3648 942 3697 30
961 3651 987 3698 et
1005 3644 1152 3699 Camillam
1165 3643 1192 3699 V

169 3732 239 3769 corr.
259 3714 329 3769 edb'.
360 3714 364 3787 Ι
393 3717 460 3784 ptos
477 3733 560 3785 qoam
578 3723 680 3771 ceteros
699 3714 869 3771 commemV
888 3717 986 3772 ceteris
1002 3716 1093 3770 matio
1111 3730 1139 3767 c.
1155 3715 1208 3765 eb.
