2725 4150
546 309 797 366 nummosvn
1138 315 1182 382 23

161 481 277 540 factum
300 481 440 558 asterga
462 479 582 556 saepius
605 481 636 539 et
658 481 764 539 canna
786 498 900 540 morem
922 482 1050 541 naturae
1072 481 1184 541 mundo

161 569 293 628 nubibus
312 570 404 630 caelo.
430 587 493 629 una
510 571 630 629 tantum
647 568 741 629 nubes
755 570 822 629 visa
835 571 890 645 est
904 569 956 629 sed
969 571 1062 630 radiis
1077 572 1184 631 ardens

161 659 237 718 lucis
266 661 298 717 et
325 677 416 718 aureo
449 657 606 734 splendore
632 658 763 718 rutilans
791 662 881 736 atque
908 659 967 733 ita,
994 662 1031 718 ut
1057 661 1090 718 in
1117 660 1185 737 ipsa

162 767 283 825 quoque
314 750 392 807 esset
419 747 628 825 prosperitatis
656 748 785 824 signum.
831 749 896 824 ipse
923 767 1017 807 manu
1044 749 1183 826 quatiens

130 837 296 897 sostendit
329 837 367 895 ab
399 837 520 897 aethere
551 836 673 896 nubem:
705 838 805 914 ipsam
836 837 946 896 nubem
978 839 1021 898 sic
1047 837 1184 915 Iuppiter

162 926 382 986 demonstravit
410 925 557 1002 plaudens
585 944 693 1001 manu,
723 928 759 985 ut
790 930 949 1003 appareret
971 946 1040 986 eum
1071 929 1185 1004 cepisse

162 1019 236 1076 vota
263 1017 293 1074 et
320 1015 508 1094 gratulatum
540 1015 623 1092 quod
649 1015 773 1074 Troiani
804 1016 843 1076 ad
869 1016 993 1076 Italiam
1024 1016 1183 1077 venissent.

162 1104 277 1164 diditur
302 1105 350 1164 nic
375 1105 470 1164 subito
496 1105 629 1163 Troiana
655 1121 712 1177 per
743 1106 864 1179 ayruun
896 1124 998 1165 runor
1030 1106 1184 1166 adnuisse
1194 1120 1246 1169 145

162 1195 241 1253 diem
263 1211 319 1266 quo
342 1193 439 1253 debita
462 1194 579 1253 naenia
606 1193 746 1253 condant:
773 1213 875 1254 rumor
901 1197 1023 1272 repente
1050 1195 1183 1256 exoriens

118 1299 144 1339 ro
163 1285 203 1343 ad
217 1283 299 1343 auris
313 1282 448 1342 omnium
459 1302 572 1361 magna
590 1301 658 1342 cum
673 1283 877 1361 gratulatione
895 1286 1032 1360 pervenit
1045 1284 1184 1346 adserens

163 1373 280 1433 venisse
302 1374 422 1448 tempus
444 1376 476 1432 et
498 1372 577 1431 diem
599 1391 660 1449 quo
684 1371 749 1431 dari
772 1392 863 1447 opera
888 1374 1048 1433 condendis
1076 1374 1185 1434 debitis

164 1461 308 1522 aedificiis
326 1463 436 1538 posset.
477 1462 607 1520 rotatim
624 1462 796 1520 instaurant
814 1462 925 1533 epulus,
944 1463 1001 1522 hoc
1019 1465 1066 1523 est
1083 1465 1184 1524 convi-

163 1551 247 1612 vium
270 1553 421 1629 revocant,
436 1554 525 1624 atque
547 1551 642 1609 uninc
668 1567 776 1625 mapno
799 1554 930 1610 ualuas
958 1552 1027 1610 laeti
1052 1555 1185 1611 statuunt

164 1645 191 1700 et
211 1642 284 1699 urina
312 1644 465 1699 coronant:
492 1640 610 1700 vinama
636 1657 711 1699 vasa
738 1641 955 1700 coronaverunt
981 1640 1067 1700 novis
1094 1641 1184 1700 rebus

119 1743 308 1807 inprospera
331 1731 432 1788 omnia
454 1729 606 1789 facientes.

235 1819 358 1878 Postera
380 1836 446 1877 uun
464 1819 563 1893 primo
586 1819 732 1877 lustrabat
749 1819 886 1892 lampade
908 1823 1003 1878 turus
1025 1823 1091 1878 orta
1113 1819 1183 1888 dies,

162 1909 266 1967 urbem
280 1911 307 1966 et
322 1907 394 1980 (tuis
417 1911 443 1966 et
461 1908 548 1966 litora
563 1908 658 1981 uentis
676 1908 787 1966 diuersi
805 1909 971 1982 aptarunt:
993 1906 1082 1984 [leaeo
1094 1909 1246 1982 fontismo

163 2002 271 2071 nuqua
292 1996 426 2066 Nrunici,
450 1997 528 2055 hunc
551 1997 692 2070 thbrirn
713 1998 850 2068 fluriun,
874 1998 920 2056 nic
941 1999 1028 2071 furtis
1051 1999 1186 2057 habitare

163 2085 323 2162 Latinos]:
359 2105 426 2145 cum
458 2105 528 2147 vero
551 2086 700 2162 posterior
722 2086 785 2146 dies
808 2089 879 2147 solis
902 2088 994 2148 radiis
1018 2088 1184 2164 claruisset,

119 2191 146 2231 ao
164 2177 306 2237 successit
337 2194 442 2234 eorum
468 2175 703 2251 conplendorum
728 2194 799 2236 cura
827 2197 905 2254 quae
937 2179 1090 2253 superiore
1118 2178 1185 2237 luce

163 2266 282 2325 Aeneas
314 2266 491 2344 vestiganda
522 2266 729 2325 mandaverat.
771 2266 876 2326 divisis
901 2266 997 2344 igitur
1021 2266 1184 2326 celeritatis

164 2373 256 2415 causa
279 2353 386 2414 officiis
409 2373 487 2430 quae
504 2356 714 2431 perquirerent
736 2356 872 2415 consulto
895 2355 1002 2431 partiti
1025 2359 1108 2429 sunt,
1132 2356 1186 2414 alii

163 2445 278 2520 urbem,
291 2444 360 2502 finis
379 2444 442 2519 alii,
454 2444 594 2503 nonnulli
606 2445 821 2504 commanentis
837 2448 867 2504 et
880 2446 970 2504 litora
983 2444 1186 2521 requirebant,

164 2537 238 2593 tunc
264 2534 516 2592 renuntiaverunt
538 2536 648 2611 stagna
668 2533 793 2592 Numici
813 2535 878 2593 illic
901 2551 964 2593 esse
988 2535 1019 2592 et
1042 2533 1186 2609 Thybrim

120 2637 145 2677 n
163 2623 291 2683 fluvium
319 2625 351 2681 et
377 2625 473 2682 terras
500 2622 630 2700 regionis
662 2622 745 2681 illius
778 2623 864 2681 fortis
892 2623 1017 2682 Latinos
1050 2621 1185 2681 incolere.

163 2717 233 2771 tunc
255 2715 340 2770 satus
357 2711 492 2771 Anchisa
509 2712 629 2771 delectos
647 2713 750 2771 ordine
768 2713 806 2771 ub
824 2712 904 2771 cuni
926 2715 1039 2770 centurn
1057 2715 1187 2771 oratores

165 2806 293 2876 anqusta
316 2801 357 2860 ud
378 2802 494 2860 moenia
515 2802 593 2875 repis
615 2802 659 2860 ire
680 2802 771 2870 iubet,
794 2802 888 2860 ramis
914 2801 1023 2860 celans
1049 2802 1185 2861 Palladis

164 2891 275 2950 annu:
305 2890 377 2949 licet
403 2890 506 2950 fatalis
532 2893 627 2950 terras
660 2909 723 2949 esse
756 2892 920 2967 constaret,
950 2894 1052 2950 tamen
1080 2890 1187 2951 officiis

237 3067 253 3115 2
272 3061 320 3116 sed
337 3062 479 3130 radiisque
496 3061 635 3116 ardentem
653 3062 723 3115 lucis
741 3067 767 3115 ct
784 3079 854 3116 auro
871 3062 999 3130 splendor
1016 3063 1138 3116 rutilans
1153 3060 1186 3113 V:

164 3133 236 3188 haec
255 3131 390 3186 librarius
409 3131 494 3186 rubro
516 3132 607 3186 colore
626 3132 740 3199 scripsit
759 3133 796 3186 ad
813 3133 918 3186 lemma
937 3131 1082 3198 aberrans,
1102 3148 1187 3200 quare

165 3204 306 3274 corrigere
318 3221 375 3257 non
390 3202 531 3269 dubitavi,
544 3204 641 3271 inepte
657 3204 701 3257 cd.
716 3205 820 3258 rectius
834 3204 877 3257 ed.
892 3207 965 3272 post.
1021 3209 1036 3257 6
1053 3205 1153 3272 cepisse
1162 3201 1188 3255 V

165 3277 300 3345 mcepine
319 3276 362 3329 ed.
423 3280 456 3329 10
475 3292 536 3329 cun
555 3292 609 3328 om.
629 3275 672 3329 ed.
734 3281 766 3329 11
786 3277 851 3331 dari
869 3280 1042 3343 opera-12
1057 3280 1150 3343 posset
1162 3273 1188 3327 V

165 3348 192 3402 d.
211 3364 322 3417 operans
338 3364 367 3416 p.
387 3346 430 3399 ed.
450 3347 517 3401 dure
535 3363 645 3415 apaan
658 3354 772 3415 possent
790 3347 833 3401 ed.
852 3348 925 3415 post.
984 3352 1018 3399 14
1035 3347 1187 3400 uinaria-

165 3424 365 3473 corcnuuerunt
383 3434 436 3471 om.
456 3417 500 3471 ed.
574 3423 607 3471 15
627 3420 721 3475 omnia
738 3418 764 3472 V
783 3418 826 3473 ed.
845 3419 955 3472 omina?
1029 3421 1062 3468 17
1081 3417 1187 3471 naec—

167 3494 200 3543 19
219 3490 339 3544 Latinos
361 3489 441 3544 deest
462 3489 493 3542 in
511 3487 545 3554 V,
569 3489 620 3543 scd
642 3489 807 3557 explicatur.
881 3493 914 3541 21
933 3488 1125 3557 montiscurte
1144 3488 1187 3543 ed.

166 3566 201 3613 23
227 3560 402 3629 requirebant
428 3559 454 3614 V
485 3561 650 3629 requirentes
682 3561 726 3614 ed.
806 3565 840 3613 24
867 3565 934 3613 esset
956 3558 982 3611 V
1009 3575 1064 3613 esse
1092 3565 1117 3613 et
1144 3559 1192 3613 ed.

167 3632 300 3751 tegerus
317 3631 343 3685 V
355 3633 431 3697 fate
448 3631 491 3686 ed.
547 3636 582 3686 26
600 3632 715 3691 dinetus
732 3631 769 3691 V.
822 3636 858 3688 28
875 3638 955 3691 terra
974 3628 1202 3704 stituerunt

160 3717 191 3750 m
242 3740 248 3751 ,
