2725 4150
548 315 732 371 AENEIDOS
747 315 812 370 VIII
1131 319 1193 386 167

175 484 312 544 ornatius
331 486 432 558 vocat,
451 504 511 544 non
530 504 608 561 quae
628 484 776 562 dignitate
795 488 850 544 aut
867 484 1076 564 magnitudIne
1095 487 1193 563 operIs
1233 530 1236 536 .

176 577 274 634 cetera
303 575 475 650 praecedat,
505 575 558 634 sed
586 575 620 633 in
643 594 705 650 qua
734 578 922 634 commaneat
950 593 1009 634 rex.
1056 576 1100 634 ait
1123 594 1194 653 ergo

175 664 248 723 haee
266 663 372 722 limina
385 663 483 722 victor
496 663 616 723 Alcides
636 663 742 738 subiit,
761 682 919 741 personam
936 662 1074 723 Herculis
1092 665 1195 740 posuit

175 755 374 830 meritumque
398 752 534 828 victoris,
561 756 689 830 ubsque
716 752 879 812 humilibus
906 753 994 813 tectis
1018 752 1194 831 incongrua,

145 846 206 901 set
232 845 347 916 tamen,
377 861 444 901 cum
472 841 556 902 aliud
582 862 643 902 non
670 845 761 917 esset,
791 842 879 900 illum
906 842 998 902 fuisse
1021 843 1195 902 contentum

176 950 211 991 ac
233 934 364 990 mentem
386 931 489 1007 potius
511 931 640 1008 hospitis
663 950 755 1007 quam
773 933 870 1007 ipsius
888 930 1017 1008 hospitis
1037 931 1194 1010 angustias

176 1022 362 1081 tractavisse.
399 1021 473 1080 haec
490 1020 577 1079 illum
594 1019 679 1097 regia
697 1022 789 1097 cepi's:
812 1039 872 1079 non
891 1019 958 1079 ideo
976 1020 1091 1099 regiam
1109 1019 1195 1096 dixit,

178 1110 258 1187 quod
279 1109 431 1186 parietum
454 1109 517 1169 eius
542 1111 595 1169 aut
613 1109 711 1169 cultus
736 1109 838 1187 aliqua
861 1110 968 1170 fuisset
986 1110 1120 1185 ambItio,
1143 1109 1195 1170 sed

176 1202 292 1258 tantam
316 1199 400 1259 illius
424 1199 472 1258 dei
494 1199 591 1258 voluIt
614 1199 769 1258 ostendere
793 1199 1039 1275 benivolentiam,
1057 1202 1093 1259 ut
1111 1219 1194 1278 mag·

132 1304 158 1342 ιο
176 1309 248 1347 num
270 1291 393 1366 putaret
416 1307 475 1366 quo
498 1288 606 1348 firisset
625 1287 787 1366 ingressus.
829 1288 914 1357 uude,
937 1289 1048 1362 hospes,
1073 1293 1194 1348 coutem-

176 1395 244 1436 uere
266 1395 335 1450 opes
358 1382 385 1436 et
406 1381 432 1436 te
455 1395 565 1452 quoque
582 1378 705 1452 dupuuus
726 1379 804 1452 dupe
822 1378 874 1436 deo
892 1379 1034 1450 rebusque
1051 1380 1257 1440 sculponeae

177 1485 264 1540 asper
295 1469 406 1541 eqeuis:
439 1470 587 1542 quantum
615 1467 735 1527 Aeneae
763 1467 905 1526 laudibus
932 1465 1074 1526 Euander
1104 1466 1195 1542 dedit,

178 1556 265 1632 quale
289 1557 368 1615 eirca
390 1557 490 1632 ipsum
513 1560 617 1616 votum
640 1576 713 1617 suae
741 1556 850 1616 mentis
879 1555 1010 1616 ostendit
1037 1554 1195 1632 aequando

178 1665 246 1702 eum
258 1645 395 1720 HercuII,
419 1645 600 1705 ostendendo
615 1647 737 1706 domum
755 1665 841 1706 suam
859 1646 906 1705 his
924 1645 1024 1724 vigere
1044 1644 1196 1722 auspIciis

134 1748 159 1787 rs
179 1736 214 1792 ut
241 1733 336 1793 laetos
366 1753 482 1812 semper
508 1735 636 1795 victores
663 1736 806 1812 excipiat!
853 1734 934 1811 quod
956 1753 1026 1795 vero
1051 1735 1095 1793 ait
1118 1736 1195 1794 aude

178 1823 286 1899 hospes
309 1826 494 1883 contemnere
518 1843 602 1901 opes,
631 1825 764 1885 ostendit
791 1827 996 1902 contemptum
1018 1844 1110 1901 opum
1132 1842 1195 1884 esse

179 1911 344 1988 difficilem,
364 1913 470 1973 debere
492 1917 594 1972 tamen
617 1914 742 1974 tolerari
763 1914 937 1991 pauperiem
955 1914 1008 1973 ubi
1026 1913 1062 1973 de
1080 1915 1195 1991 tempo-

178 2001 237 2060 rali
265 2002 409 2081 hospitio,
439 2021 499 2061 non
522 2003 558 2061 de
582 2003 724 2064 diuturna
750 2003 937 2064 habitatione
964 2006 1113 2064 tractatus
1142 2005 1195 2063 est.

178 2095 209 2151 et
230 2094 260 2150 te
284 2111 401 2170 quoque
428 2092 553 2170 dignum
581 2093 661 2171 finge
690 2093 758 2168 deo,
787 2096 818 2152 et
847 2094 890 2153 sic
919 2096 1018 2171 posito
1041 2095 1124 2154 fastu
1147 2095 1195 2154 fac

133 2198 159 2237 ao
178 2182 260 2258 quod
279 2182 350 2241 deus
368 2182 449 2241 fecit.
476 2183 624 2258 rebusque
638 2182 708 2242 veni
721 2203 781 2243 non
796 2202 884 2260 asper
897 2186 998 2261 egenis
1013 2185 1056 2244 sic
1069 2186 1196 2261 putatur

177 2272 324 2348 poenum,
354 2274 389 2330 ut
419 2272 457 2330 ad
486 2290 533 2330 res
562 2291 670 2349 egenas
698 2292 759 2332 non
788 2291 876 2350 asper
902 2274 1030 2348 veniret,
1061 2274 1195 2333 sednon

177 2361 222 2419 ita
245 2364 302 2436 est3
325 2380 386 2420 non
409 2362 489 2419 enirn
507 2361 648 2420 Euander
665 2362 702 2421 de
721 2364 867 2439 egestate,
890 2362 942 2421 sed
961 2362 997 2421 de
1015 2365 1195 2439 paupertate

177 2449 343 2510 fatebatur:
366 2468 483 2526 pauper
501 2452 547 2509 est
565 2450 644 2509 enim
663 2451 711 2511 cui
729 2451 813 2510 deest
825 2452 922 2510 maior
936 2452 1023 2527 copta
1036 2451 1195 2510 familiaris

177 2540 221 2597 rei
244 2541 274 2597 et
296 2540 398 2597 tamen
421 2539 596 2616 aliquantae
619 2539 806 2599 substantiae
830 2542 888 2613 est,
912 2558 1073 2617 egenarum
1096 2542 1196 2599 autem

133 2643 158 2683 se
177 2647 277 2686 rerum
291 2628 471 2706 significatio
485 2628 621 2687 miserias
636 2629 778 2704 exprimIt
787 2638 815 2688 et
828 2628 1053 2688 mendicitatem
1066 2628 1195 2705 plenam.

178 2715 252 2793 quid
279 2737 350 2795 ergo
379 2716 544 2777 adserimus
568 2717 743 2777 Euandrum
771 2716 893 2792 dirisse,
923 2719 959 2776 ut
984 2718 1041 2776 hoc
1067 2736 1129 2776 non
1156 2718 1196 2778 sit

178 2805 259 2881 quod
281 2806 327 2865 Ita
345 2806 474 2866 diximus
497 2806 754 2885 intellegendum?
789 2827 826 2866 ne
848 2825 936 2882 asper
953 2808 1066 2882 venias,
1087 2807 1196 2886 inquit,

178 2898 233 2953 aut
256 2896 386 2955 offensus
409 2915 445 2954 ex
468 2914 515 2970 eo,
540 2895 619 2972 quod
637 2896 802 2973 ingrederis
821 2897 963 2973 pauperis
983 2896 1117 2974 domum3
1141 2916 1196 2976 ego

178 2984 256 3042 enim
281 2986 307 3043 si
330 2984 467 3062 copiosus
491 3004 551 3044 non
574 3005 642 3046 sum
664 3004 719 3044 nec
742 2985 897 3045 abundans
920 3006 975 3063 pro
1000 2988 1108 3046 merito
1133 2988 1196 3062 tuo,

132 3089 158 3127 eo
177 3091 237 3131 non
269 3092 336 3133 sum
368 3077 471 3133 tamen
502 3073 654 3135 mendicus
687 3077 742 3134 aut
772 3074 869 3134 miser.
916 3078 1100 3154 quapropter
1128 3094 1197 3135 cum

179 3162 305 3223 dicimus
328 3164 475 3241 rebusque
494 3165 563 3224 veni
585 3183 645 3223 non
669 3183 758 3241 asper
776 3165 889 3243 egenis,
912 3185 973 3225 non
991 3166 1037 3225 bis
1056 3165 1196 3225 debemus

179 3253 326 3328 accipere,
353 3256 388 3312 ut
411 3256 533 3313 sitnon
557 3272 645 3330 asper
666 3254 737 3314 veni
758 3273 869 3315 usurus
891 3254 979 3314 rebus
1002 3274 1062 3314 non
1086 3254 1196 3331 egenis.

178 3340 253 3398 died
275 3347 301 3400 et
324 3344 443 3417 augusti
464 3348 565 3417 supter
586 3344 710 3418 faste'pe‘e
728 3346 793 3403 tecti
809 3346 953 3419 iupeuteru
971 3342 1095 3402 Aeueuu
1113 3343 1198 3401 duxit

251 3499 284 3547 13
303 3496 447 3563 aequando
460 3494 486 3548 V
504 3495 615 3563 quaudo
633 3496 677 3551 ed.
753 3503 785 3552 14
803 3497 908 3552 herculi
924 3495 951 3550 V
970 3498 1008 3551 H.
1027 3502 1198 3564 compararet

179 3564 248 3619 edF.
306 3572 339 3620 15
358 3564 515 3635 exceptetV
534 3568 653 3635 aspiciat
671 3568 715 3622 ed.
771 3574 804 3623 1‘1
823 3567 985 3623 tollerore'V
1003 3585 1063 3622 eum
1082 3569 1196 3622 tolerare

179 3635 222 3689 ed.
284 3642 316 3691 18
335 3644 483 3693 aeduum
501 3638 544 3692 ed.
606 3643 639 3693 19
658 3646 685 3696 et
702 3639 765 3696 se'V
785 3646 810 3696 ct
828 3641 868 3695 sic
886 3638 933 3695 ed.
988 3644 1031 3694 m
1047 3654 1146 3705 aspere
1161 3638 1213 3688 ab,

175 3713 209 3758 24
227 3710 401 3774 aequantem
418 3711 476 3765 se'be'
492 3710 535 3767 ed.
613 3718 650 3771 33
669 3732 726 3788 sup
743 3732 799 3787 pro
818 3710 968 3784 supterd-
