2725 4150
565 327 793 383 amnmosx
1122 329 1188 396 325

170 497 267 556 adhuc
290 497 449 557 incolumis
472 497 571 556 fuerat
593 497 655 557 rim
673 499 829 574 pateretur
846 496 990 556 obsessus.
1023 496 1116 556 satiat
1132 498 1189 556 hoc

169 589 270 662 ipsum
292 589 462 647 monstrans
482 586 631 662 quomodo
650 604 731 663 spes,
755 585 904 663 quomodo
924 588 1002 646 esset
1019 589 1130 646 metus:
1154 605 1190 645 ex

169 677 256 752 parte
271 676 335 752 spei
349 679 420 736 sunt
432 694 534 735 murus
553 679 583 735 et
600 676 682 735 fossa
702 675 810 752 quibus
829 675 1019 735 muniebatur
1031 674 1190 751 Ascanius,

170 785 206 824 ex
235 768 321 842 parte
352 768 453 824 antem
481 768 577 824 metus
607 765 732 842 puerilis
762 766 846 824 aetas
868 766 900 823 in
924 784 985 842 qua
1008 764 1189 824 constitutus

137 854 238 913 afuit.
270 855 327 913 1010
349 856 425 913 iuter
446 855 545 913 medic
567 858 652 926 arque
669 854 813 913 horreatis
831 855 932 913 Marte
949 854 1090 913 Latinos:
1112 854 1190 912 inter

169 946 269 1020 ipsum
291 946 392 1003 tamen
420 945 451 1002 et
477 946 604 1003 mortem
630 963 691 1003 non
719 943 882 1020 plurimum
906 942 1024 1003 dicebat
1046 944 1188 1002 iuteresse

170 1032 357 1092 discriminis.
403 1031 506 1091 debuit
533 1027 628 1110 igitur
656 1051 830 1109 properare,
861 1035 1023 1109 antequam
1055 1032 1094 1092 ad
1126 1031 1188 1092 eius

168 1123 324 1181 interitum
352 1121 447 1181 hostis
478 1122 668 1182 avidissimus
697 1123 874 1198 perveniret.
927 1123 988 1181 iam
1016 1123 1079 1181 1000
1105 1123 1190 1180 tusca

169 1215 244 1270 10001
273 1212 344 1284 sorti
376 1212 540 1283 permutas
571 1211 698 1270 Etrusco
727 1209 826 1270 Arcas
862 1228 961 1284 eques:
997 1211 1190 1271 directionem

122 1301 297 1360 mistorum
319 1304 409 1376 poeta
432 1320 492 1360 non
515 1300 686 1377 descripsit,
710 1299 761 1359 sed
789 1298 858 1359 hinc
885 1299 1072 1378 intellegitur
1098 1301 1189 1359 facta.

168 1391 224 1448 hos
246 1389 341 1467 igitur
362 1391 484 1449 nuntiat
507 1409 542 1448 ea
564 1389 626 1448 iam
648 1391 715 1449 loca
738 1391 870 1449 tenuisse
894 1389 1020 1466 quaein
1038 1388 1188 1448 mandatis

168 1478 344 1538 habuerant.
384 1479 498 1538 medius
520 1479 581 1537 11110
604 1495 747 1553 opponere
770 1483 896 1548 tarmus,
925 1495 962 1537 00
991 1480 1096 1537 cestris
1122 1479 1189 1536 100-
1199 1490 1252 1541 240

166 1572 252 1641 pent,
282 1572 360 1626 certa
390 1571 432 1627 eet
459 1569 602 1627 scatentia
632 1569 751 1627 Turno:
779 1588 874 1626 unum
902 1586 1077 1644 prosperum
1105 1566 1189 1642 dixit,

169 1657 241 1734 quia
267 1661 465 1732 pervenerant
492 1659 552 1732 sui,
582 1657 660 1717 dixit
687 1656 883 1732 contrarium,
914 1658 987 1734 quia
1015 1657 1108 1716 Turni
1131 1655 1209 1720 die.

121 1762 149 1802 15
167 1747 279 1821 positio
303 1746 362 1805 fuit
383 1746 496 1805 medios
520 1766 668 1823 opponere
694 1745 746 1822 qui
769 1764 818 1806 eos
847 1748 953 1806 castris
981 1764 1102 1805 suorum
1129 1764 1189 1804 non

168 1834 299 1894 sinerent
320 1835 415 1914 iungi.
447 1836 503 1895 hoc
526 1855 633 1915 genere
652 1835 784 1896 ostendit
803 1835 898 1895 omnis
916 1836 949 1894 in
967 1835 1098 1912 periculo
1118 1853 1189 1909 esse,

168 1944 236 1983 cum
267 1924 320 1984 alii
350 1925 417 1984 aliis
448 1925 604 1985 subvenire
635 1944 696 1984 non
725 1927 855 2002 possent.
910 1928 1093 2002 quapropter
1110 1927 1189 1984 recte

167 2014 351 2074 celeritatem
369 2014 527 2091 suadebat,
548 2017 583 2075 ut
601 2017 670 2075 ante
689 2013 805 2076 Aeneas
824 2016 940 2076 veniret
959 2035 1051 2093 quam
1070 2015 1188 2075 Turnus

168 2106 304 2181 cogitata
335 2105 502 2180 perficeret;
533 2104 635 2181 potuit
667 2104 779 2182 quippe
811 2105 927 2164 Aeneas
961 2105 1122 2165 adveniens
1159 2107 1190 2164 et

120 2208 148 2247 20
168 2193 278 2253 clausis
306 2196 336 2252 et
363 2193 550 2253 venientibus
580 2193 747 2254 subvenire.
792 2212 879 2269 serpe
902 2212 969 2270 ape:
991 2196 1132 2254 hortatur
1154 2196 1190 2253 ut

167 2285 285 2360 surgat,
309 2282 361 2342 sed
384 2283 535 2343 sedentem
558 2285 683 2359 excitat,
706 2303 766 2344 non
789 2282 993 2343 dormientem.
1026 2302 1113 2361 surge
1133 2301 1189 2360 age

167 2391 227 2430 non
260 2373 305 2430 est
336 2372 479 2446 iubentis,
512 2372 563 2432 sed
595 2374 730 2452 urgentis
763 2375 802 2432 ad
829 2374 965 2450 gloriam.
1019 2377 1047 2431 01
1077 2388 1189 2431 aurora

166 2462 259 2520 000100
281 2463 410 2520 veniente
432 2464 532 2520 occari
548 2463 668 2534 primas
691 2463 724 2520 10
746 2480 833 2521 arma
855 2463 936 2521 iube:
958 2465 989 2521 et
1007 2480 1121 2534 aurora,
1145 2461 1189 2518 in-

167 2551 246 2625 quit,
277 2551 427 2626 veniente,
457 2550 513 2609 hoc
544 2554 590 2611 est
619 2553 783 2628 antequam
808 2552 897 2627 plena
926 2550 1029 2611 redeat
1058 2550 1124 2624 lux,
1156 2548 1189 2607 in

119 2654 147 2694 aa
166 2658 252 2697 arma
275 2640 434 2700 convocari
456 2642 552 2699 socios
575 2641 689 2717 primus
712 2640 859 2717 praecipe.
892 2640 1023 2717 primum
1047 2639 1189 2697 admonet

166 2730 277 2802 facere,
301 2748 378 2805 quae
400 2748 447 2789 res
466 2729 606 2789 vincendi
623 2730 765 2788 fiduciam
783 2728 986 2805 promittebat.
1020 2733 1047 2787 01
1064 2728 1188 2800 clipeum

166 2835 237 2890 eope
260 2835 344 2890 quem
367 2819 445 2878 dedit
466 2819 529 2893 ipsc
551 2820 691 2878 1010101000
713 2819 877 2893 1901001000
896 2822 981 2890 atque
998 2835 1068 2877 cras
1086 2818 1189 2876 0001111

166 2924 256 2966 aare:
283 2908 552 2967 consternabuntur
578 2909 693 2982 hostes,
720 2906 834 2983 inquit,
858 2908 883 2966 si
905 2908 1036 2984 primum
1058 2906 1189 2966 viderint

165 2997 296 3072 incipere
310 2996 495 3075 adgredique
509 2999 658 3057 certamen
672 2999 763 3072 atque
778 2996 868 3056 armis
879 2996 989 3056 divinis
998 2997 1188 3056 instructum.

118 3102 146 3141 eo
165 3087 297 3144 crastina
327 3086 391 3156 100,
421 3104 487 3146 mec
518 3088 546 3145 si
576 3104 636 3145 000
668 3087 760 3145 inrita
792 3086 871 3145 11010
897 3087 1029 3160 putaris,
1063 3086 1189 3159 10900110
1198 3092 1250 3143 245

164 3175 295 3234 Rutulae
318 3178 458 3248 spectabit
480 3176 577 3235 0000110
600 3192 733 3234 acervos:
756 3194 821 3234 ecce
843 3174 991 3252 praedicit
1018 3177 1048 3233 et
1074 3174 1189 3268 futura,

239 3369 252 3416 1
276 3363 419 3418 incolomis
437 3363 470 3417 V.
499 3363 502 3434 1
532 3365 587 3418 vim
605 3369 749 3433 poteretur
767 3362 792 3415 It
812 3370 845 3418 at
859 3380 890 3433 p.
905 3362 932 3416 V
948 3362 990 3417 ed.
1020 3362 1023 3435 1
1054 3364 1188 3418 obsessum

164 3434 208 3487 ed.
238 3434 241 3504 1
270 3434 424 3489 0001011111
441 3437 512 3489 emat
530 3435 573 3489 ed.
647 3440 663 3488 3
687 3435 834 3490 00000011.
909 3440 941 3488 17
961 3435 1027 3489 01110
1046 3434 1159 3517 omed.
1182 3434 1188 3519 1

163 3505 575 3648 1010111101νο
603 3505 685 3631 eda*
703 3506 983 3647 ittotai...
1021 3505 1188 3645 211ῑί11ῗῖ

163 3618 315 3787 1101οω111
340 3596 481 3718 ¹speetdbit
516 3622 570 3705 ed..
598 3649 862 3721 (interpretatione,
894 3651 932 3704 ut
964 3648 1103 3711 noctua,
1136 3662 1206 3698 con-

183 3736 243 3771 nua
276 3737 320 3771 m.
