2725 4150
559 314 787 372 muamosx
1117 317 1183 386 343

164 483 377 558 itomberqae,
413 484 566 544 simillimo
597 484 697 559 proles
732 485 893 545 indiscreto
927 487 991 545 suis
1024 489 1184 560 qratesqcc

158 573 336 646 parentibus
354 589 450 632 error:
473 572 547 634 duos
570 592 690 650 qnoque
708 573 818 634 fratres
836 574 909 634 dicit
926 592 1018 634 mann
1035 574 1183 635 Pallantis

163 662 306 721 cecidisse
336 662 439 721 Dauco
468 664 555 739 patre
584 681 644 722 nno
674 663 770 722 editos
799 666 904 741 partu,
933 665 978 724 ita
1005 663 1126 739 similis,
1148 668 1183 724 ut

163 755 300 827 ipsorum
328 752 421 810 etiam
449 754 610 829 parentum
636 752 834 812 intentionem
865 756 952 831 grato
983 771 1082 812 errore
1114 771 1182 813 con·

129 858 143 899 c
163 841 336 915 funderent,
365 841 429 901 fato
460 842 533 917 quin
560 842 653 900 etiam
674 842 757 919 pari3
783 842 907 902 illorum
929 843 1040 919 quippe
1063 844 1100 900 nt
1121 860 1183 902 uno

164 930 327 1007 eodemque
350 933 500 989 momento
523 931 664 1008 provenit
686 933 819 1006 exortus,
846 932 892 990 ita
917 934 1078 1008 utrumqne
1104 949 1183 991 unns

164 1021 262 1079 exitus
286 1021 317 1078 et
338 1019 460 1079 vivendi
481 1019 549 1079 finis
573 1019 750 1096 absumpsit.
800 1020 880 1079 hunc
906 1021 1065 1097 utriusque
1091 1021 1182 1081 inter·

162 1109 242 1168 itum
264 1110 388 1184 propter
405 1107 526 1168 laudem
543 1108 667 1169 victoris
686 1110 810 1186 speciali
829 1109 1027 1186 descriptione
1050 1109 1184 1188 signavit

163 1200 220 1258 hoc
248 1197 351 1257 modo:
381 1202 413 1257 at
441 1215 521 1258 nuce
549 1198 628 1258 duro
656 1198 737 1257 dedit
763 1199 845 1258 cobis
874 1199 1048 1258 diaconico
1069 1199 1183 1259 Pullos.

116 1306 144 1344 ιο
163 1286 305 1346 nascendi
328 1286 450 1364 quidem
472 1307 575 1362 unum,
596 1288 707 1364 inquit,
728 1287 812 1348 vobis
831 1287 932 1346 extitit
948 1291 1077 1365 tempus,
1094 1306 1183 1365 pares

162 1375 287 1437 venistis
309 1375 342 1434 in
364 1377 473 1453 lucem,
497 1377 610 1437 similes
632 1395 769 1454 corpore,
797 1376 918 1437 vivendi
941 1396 1059 1454 quoque
1083 1378 1182 1437 condi·

163 1469 248 1525 cione
270 1466 437 1540 coniuncti,
459 1466 513 1525 sed
534 1484 628 1544 genus
650 1465 706 1526 leti
728 1465 877 1526 diversum
900 1465 984 1526 vobis
1007 1466 1109 1526 Pallae
1136 1468 1182 1525 in·

162 1555 242 1614 flixit
263 1557 295 1614 et
316 1553 505 1633 separatione
528 1555 746 1633 suppliciorum
769 1557 845 1615 dura
863 1556 936 1615 fecit
953 1556 984 1614 in
1002 1556 1069 1632 ipsa
1087 1558 1182 1616 morte

163 1643 327 1704 dissimilis.
364 1644 438 1704 dicit
459 1644 521 1704 iam
544 1645 695 1721 quomodo
718 1644 868 1705 diversum
890 1645 923 1704 in
946 1643 1090 1704 ambobus
1113 1663 1181 1723 eup-

116 1751 144 1789 15
162 1733 289 1811 plioium
306 1731 379 1792 fuit:
397 1731 487 1808 [com
504 1733 569 1803 teci,
590 1735 742 1808 ssyenbre,
762 1738 850 1808 capot
867 1734 1046 1794 mudrico
1063 1734 1183 1794 obstulit

163 1821 274 1898 casia]
303 1827 330 1882 te
361 1823 460 1882 deciso
490 1840 591 1892 mum,
622 1823 750 1893 Laride,
781 1824 900 1883 dextero
929 1824 1051 1897 quaerit.
1106 1823 1183 1884 alter
1192 1831 1243 1882 395

162 1916 268 1989 eaput,
291 1913 369 1972 alter
386 1912 538 1972 dexteram
555 1911 699 1988 perdidit,
721 1911 774 1972 sed
791 1911 909 1974 abscisa
927 1913 1048 1973 dextera
1066 1931 1183 1990 corpus,

162 2001 242 2062 unde
272 2002 378 2062 avulsa
407 2001 520 2076 fuerat,
549 2021 692 2078 quaerere
722 2001 887 2061 videbatur.
941 2002 1182 2077 semianimesque

162 2094 274 2151 micent
295 2092 378 2166 dipite'
399 2093 569 2165 ferreosque
594 2096 768 2152 retractent:
794 2093 953 2153 morientes
981 2092 1066 2152 illius
1093 2092 1182 2171 digiti

115 2181 361 2240 removebantur
382 2183 553 2241 recusantes
576 2182 703 2256 ferrum,
726 2181 809 2258 quod
830 2185 931 2241 tenere
953 2200 1014 2240 non
1033 2185 1175 2259 poterant

162 2273 293 2331 tractare
320 2273 366 2330 est
393 2270 505 2329 ferrum
531 2273 632 2330 tenere
660 2274 692 2330 et
718 2289 866 2349 pugnare,
888 2273 1051 2331 retractare
1081 2274 1183 2331 autem

162 2362 273 2419 reicere
307 2363 338 2418 et
370 2377 516 2418 recusare.
572 2361 646 2420 haec
679 2360 739 2420 fuit
772 2359 913 2438 supplicii
947 2357 1119 2435 diversitas,
1148 2362 1183 2418 ut

162 2468 241 2509 unus
264 2467 392 2526 poenam
414 2448 530 2508 dederit
553 2449 664 2525 capite,
688 2451 765 2509 alter
787 2448 904 2510 abscisa
926 2449 1034 2508 obierit
1052 2449 1181 2509 dextera.

162 2537 302 2597 Arcados
331 2554 467 2598 accensos
497 2539 609 2597 orontio
638 2542 665 2598 et
692 2540 852 2612 praeclaro
880 2538 987 2597 coeptis
1014 2539 1097 2611 foeta
1124 2538 1183 2597 ciri

115 2644 144 2685 ec
161 2629 272 2687 mixtos
301 2627 383 2687 dolor
412 2631 439 2687 et
462 2627 562 2701 pedor
596 2631 695 2687 crocci
727 2628 760 2686 c'c
792 2628 896 2687 hostie:
940 2626 1085 2703 Arcades,
1122 2627 1182 2703 qui,

162 2721 198 2777 ut
230 2735 321 2793 supra
351 2715 501 2792 meminit,
532 2716 664 2793 pedestri
695 2736 799 2794 pugna
830 2719 943 2775 certare
967 2734 1027 2775 non
1051 2720 1183 2792 nossent,

162 2807 311 2865 Pallantis
334 2824 407 2866 voce
431 2825 465 2865 ac
487 2804 590 2881 factis,
613 2805 716 2865 dolore
739 2804 829 2864 simul
852 2808 883 2864 et
900 2808 1039 2881 respectu
1057 2805 1183 2883 pudoris

163 2894 280 2955 accensi
302 2898 386 2969 eunt,
408 2897 444 2954 ut
466 2895 596 2969 hostem,
624 2914 714 2972 quem
740 2893 855 2953 dudum
881 2895 1056 2970 timuerant,
1084 2914 1183 2971 perse-

163 2986 334 3060 querentur.
367 3002 433 3043 ccce
456 2986 604 3061 qnantum
626 2984 787 3061 proficiunt
805 2985 997 3043 hortamenta
1014 2983 1183 3059 verborum,
1268 3034 1270 3038 ,

115 3092 144 3130 so
163 3093 233 3133 eum
255 3072 336 3132 viros
358 3072 506 3133 timiditas
530 3074 656 3151 frangit,
676 3075 824 3149 quantum
842 3072 931 3152 erigit
948 3072 1048 3152 segnis
1067 3074 1183 3133 alienae

161 3162 286 3223 virtutis
317 3162 496 3240 exemplum!
530 3161 678 3222 audiendo
711 3160 816 3221 ducem
848 3165 878 3221 et
910 3160 1107 3223 adolescentis
1138 3164 1182 3222 in·

237 3351 393 3422 lttymter
410 3368 480 3420 pene
497 3351 531 3405 R.
585 3358 713 3407 terrore
726 3351 777 3405 VR
793 3367 861 3405 corr.
877 3368 898 3406 r.
955 3351 1141 3421 sabsecmpsit
1158 3351 1184 3404 R

162 3424 260 3478 absum
277 3424 315 3478 sit
328 3422 362 3477 V.
390 3423 393 3494 i
422 3424 496 3477 tecm
509 3421 560 3476 VR
577 3440 652 3477 nocco
670 3424 713 3477 ed.
775 3427 808 3477 10
822 3424 904 3491 poris
918 3422 976 3476 VR.
1033 3428 1065 3477 11
1084 3424 1184 3478 sirudis

161 3494 222 3548 VR.
286 3500 318 3548 12
338 3494 476 3549 loetiVR.
539 3498 572 3547 15
590 3500 743 3549 nam—16
759 3496 830 3550 cresis
848 3495 928 3548 deest
945 3494 1049 3561 inVR‚
1069 3493 1119 3548 aed
1137 3510 1183 3548 ex-

161 3565 295 3635 plicatur.
369 3570 403 3619 26
417 3582 517 3636 peyna
530 3565 581 3619 VR
598 3583 701 3636 mayoc
720 3566 763 3620 ed.
782 3583 868 3621 marea
887 3566 928 3620 ed.
948 3567 1021 3634 post.
1090 3570 1123 3619 17
1141 3582 1183 3621 re·

161 3644 257 3705 specto
270 3637 322 3691 VR
339 3638 447 3693 ratione
465 3636 508 3691 ed.
582 3642 616 3691 28
639 3639 790 3693 timuerunt
812 3637 857 3692 ed.
929 3642 965 3691 tt
982 3636 1132 3692 circsVR
1147 3636 1199 3686 at„

162 3711 236 3763 vires
254 3707 294 3761 ed.
306 3710 380 3775 post.
450 3713 482 3762 31
504 3709 544 3764 ad
559 3710 726 3769 hulieceotis
737 3710 766 3767 R
783 3712 805 3768 h
823 3710 884 3767 dei.
894 3728 920 3767 r.
935 3702 1183 3765 aestimatas.
