2725 4150
187 339 209 402 4
241 368 245 378 .
473 335 614 390 noram
632 335 802 389 musaea
817 334 926 389 vass.

186 505 344 564 interiecta
371 504 510 564 nesciunt
535 505 699 579 retrahere,
724 506 760 562 ut
783 504 864 580 quod
886 504 926 562 ad
947 506 1066 580 tempus
1091 523 1210 582 separa·

187 596 254 653 tum
277 595 323 653 est
344 592 481 672 iungant.
526 594 584 655 iste
611 593 692 653 enim
714 610 816 653 versus
840 593 960 653 sublato
983 592 1082 652 medio
1107 594 1142 652 de
1165 594 1210 652 in·

187 683 258 742 feris
287 682 422 742 tractatu
443 683 553 744 Miseni
579 682 713 758 exequiis
739 681 889 760 iungitur3
917 683 955 741 ab
978 683 1026 742 his
1049 683 1129 741 enim
1151 683 1210 743 dis·

187 772 293 832 cedens
317 772 457 832 carminis
481 791 584 833 cursus
607 772 647 831 ad
669 772 790 831 easdem
811 770 891 831 redit
913 774 944 830 et
966 772 1041 831 facit
1060 773 1211 850 integram

186 863 403 936 narrationem,
427 864 463 920 ut
486 863 566 921 recte
588 861 725 938 posuerit
746 863 783 919 tu
805 879 933 937 quoque.
979 861 1085 920 melius
1110 865 1210 921 autem
1243 877 1255 916 s

187 951 345 1028 apparebit
373 951 446 1009 haec
474 950 618 1025 adsertio,
645 950 672 1008 si
699 950 778 1009 unde
802 949 965 1010 discessum
992 954 1038 1010 est
1066 945 1111 1032 (6,
1132 945 1210 1032 232)

185 1044 368 1118 repetamus:
405 1041 461 1114 „at
498 1039 565 1116 pius
597 1038 715 1098 Aeneas
752 1040 870 1116 ingenti
905 1039 984 1098 mole
1020 1041 1211 1117 sepulchrum

185 1130 306 1206 inponit
341 1147 454 1206 suaque
492 1146 574 1187 arma
605 1124 671 1188 vir'o
706 1147 882 1205 remumque
914 1129 1078 1205 tubamque
1109 1133 1210 1190 monte

186 1218 242 1277 sub
262 1216 368 1292 Aerio,
392 1219 445 1294 qui
467 1235 546 1276 nunc
566 1217 700 1277 Misenus
724 1217 838 1277 abillo
862 1217 973 1278 dicitur
996 1222 1210 1295 aeternumque

185 1310 268 1367 tenet
296 1325 350 1384 per
378 1307 499 1367 saecula
528 1305 668 1366 nomen“.
722 1309 808 1384 sequi
837 1306 940 1366 debuit
966 1310 1000 1366 tu
1029 1326 1148 1383 quoque
1175 1309 1210 1366 li·
1231 1325 1255 1362 ro

185 1398 302 1456 toribus
329 1396 454 1472 nostris,
476 1397 592 1457 Aeneia
618 1396 734 1472 nutrix,
761 1400 914 1456 aeternam
936 1396 1066 1456 moriens
1089 1397 1210 1471 famam,

186 1485 304 1562 Caieta,
339 1485 458 1546 dedisti.
517 1485 698 1562 interposita
733 1485 829 1561 igitur
863 1485 899 1544 de
935 1485 1039 1544 inferis
1077 1487 1211 1545 carmina

186 1575 269 1654 quod
295 1595 389 1634 unum
416 1593 480 1636 esse
507 1575 643 1652 oportuit
665 1574 841 1635 diviserunt.
887 1575 939 1634 sed
962 1578 994 1634 et
1015 1594 1096 1634 nunc
1118 1596 1211 1634 unum

186 1668 245 1739 est,
276 1665 348 1743 quia
376 1665 455 1724 unde
485 1683 516 1724 se
545 1665 701 1723 recessisse
730 1663 907 1723 meminerat
938 1666 1029 1740 poeta
1057 1665 1210 1724 remeavit.

186 1774 257 1833 ergo
279 1757 359 1814 recte
382 1753 586 1831 superioribus
609 1754 684 1813 haec
706 1755 828 1813 nectens
851 1753 896 1813 ait
917 1756 954 1812 tu
974 1773 1094 1830 quoque
1114 1754 1209 1814 litori·
1230 1769 1255 1808 rs

185 1844 241 1902 bus
277 1841 402 1916 nostris,
438 1842 553 1901 Aeneia
588 1843 704 1916 nutrius,
741 1846 893 1902 aeternam
926 1843 1056 1902 moriens
1089 1843 1210 1917 famam,

187 1932 304 2006 Caieta,
327 1931 446 1991 dedisti.
487 1935 514 1990 et
539 1949 619 1990 nunc
645 1931 856 1991 cavationes
878 1932 975 1991 sedem
997 1936 1066 1992 suas
1088 1950 1212 2005 ossaque

185 2037 291 2081 nomen
312 2021 462 2094 Hesperia
488 2021 521 2080 in
547 2038 670 2103 macca,
697 2022 725 2080 sc'
752 2038 812 2094 quc
838 2025 880 2081 cst
906 2039 942 2081 ea
965 2021 1075 2096 picria,
1099 2022 1211 2096 sipont:

185 2110 218 2169 in
249 2110 378 2189 singulis
411 2109 510 2170 verbis
541 2129 686 2189 magnum
716 2109 855 2170 dictionis
888 2115 933 2171 est
965 2110 1096 2188 pondus,
1129 2112 1210 2188 quod

185 2202 285 2276 ipsum
304 2201 393 2276 quale
412 2202 618 2277 quantumque
637 2200 678 2259 sit
694 2199 872 2276 incipiemus
891 2219 1045 2276 exponere.
1082 2202 1117 2258 tu
1136 2219 1209 2277 quo·
1230 2216 1255 2255 ao

186 2309 258 2365 que,
286 2290 343 2348 hoc
372 2290 418 2348 est
448 2308 524 2365 qnae
555 2288 749 2349 admirandae
778 2289 938 2349 memoriae
968 2290 1041 2350 viris
1071 2308 1209 2366 supremo

186 2378 284 2438 officio
308 2378 451 2456 coniungi
473 2378 623 2452 monuisti,
651 2377 703 2438 sed
724 2379 781 2439 hoc
803 2378 992 2438 referendum
1015 2381 1060 2438 est
1083 2379 1121 2438 ad
1144 2399 1209 2456 per-

186 2487 277 2528 sonae
306 2467 463 2527 rationem.
508 2468 662 2528 videamus
691 2485 730 2526 an
759 2468 849 2527 etiam
876 2468 958 2527 locus
986 2468 1079 2527 buerit
1101 2468 1209 2546 dignus

187 2557 240 2633 qui
256 2557 388 2617 Aeneiae
408 2556 534 2617 nutricis
555 2558 683 2616 saeculis
701 2560 771 2633 post
789 2557 899 2617 futuris
918 2575 987 2616 ossa
1005 2576 1072 2616 cum
1090 2559 1209 2617 nomine

185 2649 360 2706 reservaret.
400 2647 552 2722 litoribus,
570 2646 683 2723 inquit,
701 2646 824 2721 nostris,
843 2646 900 2706 hoc
923 2648 969 2706 est
990 2645 1111 2705 Italiae:
1136 2647 1210 2724 quid
1229 2663 1255 2702 ae

185 2738 249 2795 tam
272 2736 430 2812 pulchrum
452 2738 575 2812 tamque
598 2735 753 2814 egregium
775 2735 933 2812 provenire
951 2735 1100 2813 potuisset
1117 2755 1209 2813 quam

185 2826 249 2884 illic
278 2825 367 2883 condi
395 2825 540 2901 reliquias
571 2825 634 2884 eius
663 2824 767 2901 ibique
796 2826 915 2884 Aeneae
946 2826 1071 2885 nutricis
1101 2844 1209 2883 nomen

186 2913 328 2973 excellere
350 2913 404 2971 nbi
427 2915 480 2990 qui
501 2915 598 2990 ipsius
616 2913 757 2974 uberibus
776 2914 909 2974 nutritus
928 2918 1007 2974 esset
1024 2916 1209 2979 fuemtaunr

186 3002 313 3080 posteris
348 3006 527 3080 regnaturus
563 3004 746 3081 perindeque
783 3006 861 3063 esset
897 3007 1018 3063 aeterna
1053 3006 1209 3080 utriusque

185 3092 343 3167 memoria,
375 3092 490 3152 scilicet
519 3091 603 3152 illius
636 3111 753 3169 semper
783 3112 838 3168 per
868 3111 899 3152 se
932 3096 962 3152 et
991 3113 1045 3169 per
1074 3096 1209 3167 posteros
1229 3109 1255 3148 ao

185 3181 361 3258 imperantis
398 3183 430 3241 et
466 3180 548 3241 illius
589 3184 735 3259 perpetua
776 3182 928 3259 sepulchri
968 3180 1209 3241 consecratione?

186 3271 378 3331 celeberrima
414 3270 528 3331 Aeneia
568 3272 670 3330 nutrix
707 3271 826 3348 qualem
862 3272 911 3332 vel
946 3270 998 3328 ubi
1034 3272 1209 3330 memoriam

258 3442 446 3497 ddiecceeerit
464 3441 507 3496 ed.
564 3446 597 3494 16
616 3448 687 3497 recte
705 3440 817 3496 omed.
875 3446 907 3495 18
925 3439 1209 3509 amoveamus

183 3512 262 3565 infra
285 3515 379 3582 uenat
407 3513 493 3581 idque
522 3514 639 3582 interpr.
668 3513 768 3581 poscit.
848 3519 883 3566 24
907 3514 975 3580 quia
997 3513 1108 3566 mace
1131 3511 1156 3564 V
1183 3531 1207 3582 q.

167 3582 289 3634 Aeneae
306 3584 350 3636 ed.
371 3586 561 3652 quinariae
578 3601 638 3639 noe.
701 3589 734 3638 Ab
753 3582 897 3653 quitcmV
915 3584 983 3651 quid
996 3590 1014 3638 t.
1034 3599 1085 3637 nos
1104 3584 1176 3652 quod
1189 3592 1208 3637 t.

154 3646 201 3695 04
282 3657 321 3703 26
343 3662 529 3722 quam-28
556 3658 689 3715 caccum
713 3659 821 3713 temere
844 3656 916 3709 mut.
937 3654 982 3708 ed.
1058 3659 1091 3707 82
1116 3656 1165 3709 abi
1183 3655 1208 3705 V

140 3711 205 3760 eds
219 3719 333 3785 ubt'que
352 3726 430 3781 eus.
