2725 4150
555 324 738 381 AENEIDOS
756 324 783 379 X
1112 326 1176 393 351

158 494 355 556 meditantem
385 492 514 572 proelia,
546 494 618 572 quia
649 497 680 554 et
711 493 812 554 Pallas
843 497 916 554 tunc
947 492 1078 570 primum
1107 492 1179 553 belli

159 582 325 645 certamina
348 586 488 660 coeperat
509 584 657 643 meditari.
701 584 779 642 twac
800 584 852 642 abi
879 584 1045 658 coctipcaca
1070 583 1179 642 missac

159 678 224 748 fore
246 673 369 733 aedidit
389 674 504 742 batua,
527 674 572 733 irc
589 673 676 747 prior
698 672 817 742 Pallas,
840 673 868 732 si
890 691 950 746 aaa
970 673 1035 746 fors
1062 672 1181 731 adiacet

132 764 134 767 ’
160 781 269 824 ausam
290 764 404 822 mribus
425 763 596 836 inparibus,
614 779 811 836 mapamaqw
828 762 872 821 c'ta
890 762 930 821 ad
948 762 1066 822 cabaa
1082 761 1180 834 fatur:

127 869 141 910 s
160 853 262 913 Pallas
285 851 339 912 ubi
359 853 519 930 processit,
541 853 577 911 ut
599 850 714 911 dictum
736 853 795 927 est,
817 854 849 911 et
871 869 902 910 se
921 869 940 910 a
968 849 1031 910 suis
1058 869 1179 928 pregre

161 941 270 1001 diendo
301 940 444 1002 discrevit
472 944 503 1001 et
531 939 676 1015 medium,
707 940 789 1018 quod
817 940 898 1000 inter
926 958 957 1000 se
987 943 1017 1000 et
1043 939 1180 999 Turnum

160 1032 357 1106 remanserat,
394 1031 527 1108 spatium
557 1032 642 1090 ratus
674 1031 720 1090 est
751 1029 825 1089 ictui
860 1048 947 1106 posse
984 1029 1119 1089 sufficere
1150 1033 1180 1089 et

160 1122 278 1179 hostem
304 1120 403 1180 iaculo
431 1138 518 1196 posse
546 1119 694 1197 contingi,
721 1120 765 1179 ire
792 1120 891 1180 voluit
917 1117 1012 1197 prior,
1039 1138 1076 1178 ne
1103 1119 1180 1179 forte

161 1211 273 1269 virtute
296 1209 432 1286 inparem
450 1208 554 1285 aliqua
571 1208 689 1269 ratione
707 1210 809 1286 posset
827 1209 930 1269 iuvare
949 1209 1080 1268 fortuna
1112 1227 1180 1286 pro·

116 1318 144 1357 1o
161 1299 231 1358 inde
253 1298 437 1358 fundendam
455 1297 583 1358 credidit
605 1315 737 1375 precem,
755 1300 792 1357 ut
809 1297 912 1358 favore
930 1298 1031 1376 rogati
1048 1297 1181 1358 numinis

162 1391 273 1448 faceret
295 1388 530 1465 quod-humana
552 1388 665 1447 virtute
685 1389 716 1446 et
733 1385 830 1447 adhuc
847 1406 943 1464 parva
960 1387 1098 1463 conplere
1121 1405 1180 1446 non

161 1479 289 1554 poterat.
315 1495 373 1552 per
385 1478 485 1551 patris
502 1477 839 1550 batamcumbe
857 1493 931 1550 qaas
954 1476 1070 1536 adarca
1092 1477 1242 1536 adbtimo

162 1572 188 1626 tc
206 1583 324 1640 praeca
347 1564 463 1635 Alcide,
488 1566 594 1640 coeptis
615 1566 782 1640 insentibus
804 1566 901 1625 adsis:
924 1583 984 1624 non
1006 1565 1095 1625 illum
1113 1584 1181 1625 con·

161 1655 246 1729 venit
267 1658 303 1714 ut
325 1655 427 1731 deum,
450 1655 503 1715 sed
525 1656 666 1716 convenit
683 1659 719 1716 ut
739 1654 889 1732 hospitem
907 1654 1017 1732 patris;
1035 1655 1181 1731 recepisse

116 1762 144 1803 ra
162 1744 243 1803 enim
263 1745 396 1821 hospitio
419 1745 601 1819 venientem,
624 1745 735 1820 solum,
757 1745 958 1820 incognitum,
981 1743 1181 1823 peregrinum,

162 1834 329 1911 suscepisse
355 1833 535 1910 parietibus,
560 1834 781 1894 humanitatem
808 1833 992 1910 praebuisse,
1020 1832 1181 1894 communi·

162 1942 246 1983 casse
281 1942 413 1999 mensas,
448 1922 503 1983 ubi
539 1924 635 1984 omnis
671 1922 779 2002 religio
812 1924 1005 2000 amicitiaque
1036 1924 1182 1999 firmatur,

163 2013 271 2090 quanti
292 2014 339 2072 est
360 2012 474 2074 meritil
497 2012 586 2091 quasi
607 2013 684 2072 illud
707 2013 819 2074 diceret
837 2013 919 2091 quod
936 2013 968 2071 in
987 2012 1119 2074 evidenti
1137 2016 1183 2072 est

162 2121 297 2163 noscere:
320 2104 379 2163 etsi
401 2103 474 2162 deus
497 2103 595 2163 factus
618 2121 649 2163 es
672 2101 787 2164 meritis
805 2104 880 2179 tuis,
899 2102 986 2163 fuisti
1003 2106 1103 2163 tamen
1128 2104 1182 2163 ali·

116 2212 145 2252 ao
163 2191 285 2270 quando
314 2192 417 2268 homo,
447 2193 533 2252 fuisti
562 2192 670 2271 hospes
700 2193 798 2271 patris
826 2194 900 2269 mei,
934 2193 1020 2253 fuisti
1047 2193 1182 2267 conviva,

161 2281 254 2341 habes
276 2280 329 2341 ubi
351 2281 447 2342 vicem
475 2280 592 2342 reddas.
637 2285 708 2360 post
736 2281 953 2359 deprecationis
982 2283 1182 2342 necessarium

162 2374 280 2431 textum
302 2371 454 2431 subnectit
476 2390 624 2431 summam
645 2372 800 2449 petitionis
820 2390 898 2433 suae.
931 2375 1031 2431 caum
1047 2372 1182 2430 semineci

161 2461 221 2520 sc'bc'
242 2478 288 2519 mc
309 2478 414 2534 rapere
436 2478 523 2519 arrna
545 2464 666 2521 aurata
688 2462 878 2535 umbraeque
903 2461 1003 2534 feram
1028 2460 1182 2518 matralia

163 2550 279 2609 lumina
298 2550 408 2609 Tarni:
425 2549 528 2609 videat
545 2551 740 2630 memoriane
759 2552 877 2610 Turnus
895 2547 954 2609 sibi
970 2567 1075 2625 rapere
1098 2566 1182 2608 arma

117 2660 145 2702 aa
164 2640 309 2717 sanguine
332 2657 387 2698 suo
410 2640 531 2715 perfusa
549 2642 592 2714 et,
610 2642 774 2716 antequam
791 2657 872 2699 mors
890 2638 980 2715 plena
998 2638 1062 2697 eius
1080 2638 1182 2696 oculos

164 2728 301 2803 claudat,
319 2728 464 2788 victorem
485 2728 564 2788 ferat
582 2747 670 2806 quem
694 2728 861 2788 crediderat
880 2728 1055 2804 periturum.
1088 2727 1183 2786 audiit

164 2815 284 2876 Alcides
305 2818 439 2876 iuvenem
460 2834 656 2892 massoram
673 2819 728 2877 sab
746 2819 805 2877 imo
824 2817 908 2876 corde
920 2818 1030 2890 premit
1044 2817 1181 2891 parcitum
1192 2822 1243 2871 aas

165 2906 359 2981 lacrimasque
389 2907 513 2979 effandet
541 2907 658 2966 iasab:
685 2906 782 2966 audiit
811 2907 969 2983 rogantem
990 2904 1111 2964 Alcides
1142 2908 1182 2981 et,

166 2995 246 3073 quod
273 2995 345 3055 fatis
373 2995 563 3055 obstantibus
590 2996 731 3073 prodesse
758 2996 891 3072 perituro
918 3012 977 3053 non
1000 2997 1114 3071 posset,
1137 2996 1181 3053 in-

119 3107 147 3147 so
165 3084 280 3164 gemuit
298 3087 328 3144 et
346 3084 437 3145 flevit
468 3085 568 3144 inanis
585 3085 725 3145 lacrimas
745 3086 789 3145 ait
806 3102 883 3162 quae
899 3085 1066 3160 periturum
1079 3085 1182 3143 iuvare

164 3194 226 3234 non
255 3176 386 3249 possent.
438 3178 501 3233 tam
527 3176 640 3249 peaiwr
668 3178 773 3233 caiam
802 3174 887 3233 dass
913 3174 1037 3246 adfatur
1065 3174 1183 3232 amicis:

166 3264 315 3322 dolentem
344 3263 441 3322 filium
469 3263 608 3341 Iuppiter
636 3262 848 3324 consolabatur
877 3262 964 3322 dictis
995 3261 1065 3323 suis.
1117 3263 1183 3322 vult

238 3440 253 3487 7
281 3436 352 3490 ictas
375 3450 455 3504 possa
479 3434 585 3503 efficere
610 3434 653 3489 ed.
732 3438 765 3487 10
790 3433 878 3489 aedit
900 3432 945 3488 ed.
974 3432 977 3505 l
1009 3449 1113 3503 pauore
1132 3432 1183 3487 VR

164 3508 261 3574 tavae
284 3507 327 3560 ed.
401 3512 434 3559 16
453 3506 610 3575 perturbas
627 3505 679 3559 Va
701 3504 776 3561 domi
793 3522 827 3561 ac
844 3521 948 3561 omnam
968 3505 1012 3559 ed.
1086 3510 1118 3558 17
1142 3522 1182 3560 rc·

165 3580 235 3648 lepis
249 3576 283 3632 V.
339 3582 373 3632 18
390 3579 489 3647 quanti
505 3579 577 3633 iacst
589 3576 616 3631 V
633 3594 677 3646 qa.
692 3583 732 3632 est
744 3576 770 3630 R
785 3577 829 3632 ed.
848 3594 893 3646 qu.
912 3576 943 3631 id
961 3582 1018 3631 est?
1073 3582 1107 3630 22
1126 3583 1183 3632 tax-

165 3657 224 3704 tam
245 3649 297 3702 VR
321 3655 476 3704 commum
501 3652 544 3719 (ut
566 3648 648 3721 solet)
673 3648 718 3704 ed.
795 3652 831 3703 bb
855 3648 930 3720 quod
944 3646 1005 3701 *lh
1024 3648 1061 3701 'au
1074 3662 1135 3715 auo
1151 3646 1204 3697 ah.

167 3726 201 3775 30
220 3722 315 3775 inanis
329 3720 377 3773 VR
394 3721 495 3788 effudit
510 3722 529 3777 ί.
551 3722 595 3779 ed.
672 3728 709 3780 32
727 3722 791 3781 aaa
802 3720 860 3778 VR
876 3721 956 3779 wude
974 3718 1025 3773 ab·
