2725 4150
555 335 739 393 assumes
756 336 783 392 X
1113 339 1179 405 303

158 508 288 578 flammis
310 509 476 566 noscentem
499 510 525 566 et
541 507 646 581 paria
670 506 807 566 Turoron
830 506 985 566 consistere
1011 509 1103 575 terra,
1132 506 1180 565 osci
1199 517 1233 568 'lo

161 597 319 654 Polcomos
348 613 436 665 coos,
468 598 515 655 coi
544 596 616 655 dioc
644 596 762 656 Vecilio
790 599 897 656 mater:
926 594 998 668 qood
1018 596 1084 668 foce
1107 595 1179 654 Tro·

159 687 245 744 icoos
268 690 336 745 otro
357 686 418 744 cim
440 686 551 758 inferre
573 685 708 755 Latinis,
733 703 809 745 croc
830 685 930 745 alieno
956 685 1024 759 icoo
1047 701 1180 758 premere

160 778 246 847 otqoe
276 778 405 834 avocere
432 775 583 848 praedas?
636 774 708 848 oceo
739 791 851 835 soceros
883 775 974 849 lepore
1005 777 1032 833 ot
1059 773 1180 848 premiis

128 864 303 923 subdocere
325 868 445 937 pactos,
471 880 575 937 paoem
601 879 688 923 crore
713 882 822 933 mono,
844 865 1011 938 praeripere
1028 864 1180 938 puppibus
1199 875 1234 926 80

161 954 267 1012 ormo?
311 972 365 1029 per
395 953 638 1030 conparationem
667 953 776 1013 nititur
804 953 904 1013 levare
933 951 1029 1031 partis
1057 955 1181 1014 suaset

161 1061 287 1119 gravare
310 1044 427 1119 partem
451 1041 608 1102 diversam.
642 1043 788 1118 conparat
810 1043 890 1101 enim
911 1060 1071 1119 personam
1093 1060 1180 1103 suam

161 1133 192 1190 et
218 1131 356 1206 Veneris,
387 1130 508 1190 Aeneae
540 1133 571 1190 ab
599 1131 707 1206 Turni,
739 1131 855 1190 factum
887 1149 974 1191 suum
1007 1134 1038 1190 eb
1066 1131 1182 1191 factum

160 1220 299 1295 Veneris,
323 1223 409 1298 gesta
427 1219 546 1280 Aeneae
570 1223 600 1279 eb
623 1222 709 1298 gesta
727 1220 829 1280 Turni.
863 1221 908 1279 ait
930 1240 1002 1298 ergo
1024 1220 1182 1299 indignum

115 1329 142 1368 ro
161 1328 224 1369 esse
247 1308 403 1369 arbitraris
421 1308 516 1369 Italos
536 1308 680 1369 adsistere
699 1308 861 1368 commodis
881 1309 943 1369 suis
963 1312 993 1369 et
1011 1312 1182 1370 nascentem

160 1398 281 1457 Troiam
309 1399 436 1458 flammis
469 1397 672 1459 circumdare?
721 1398 867 1476 numquid
897 1398 1055 1476 indignum
1089 1398 1182 1458 etiam

160 1487 236 1546 illud
260 1489 317 1562 est,
336 1491 371 1546 ub
389 1487 506 1547 Turnus
524 1491 620 1547 berrae
643 1486 702 1547 sibi
718 1489 834 1564 pabn'as
857 1487 1002 1562 vindices,
1025 1488 1181 1565 originalis

161 1578 247 1652 civis,
265 1576 386 1655 regibus
404 1576 568 1637 maioribus
586 1579 676 1636 natus
695 1595 731 1637 ac
749 1576 853 1638 divina
870 1580 966 1636 maore
984 1574 1181 1654 progenitus?

160 1667 216 1725 hoc
238 1686 341 1725 verum
366 1666 523 1726 adserebas
544 1666 633 1741 Iuno,
658 1666 710 1726 sed
736 1666 834 1726 ’saeuit
862 1665 897 1726 ds
919 1665 1038 1724 Aeneae
1066 1683 1181 1743 genere,

116 1774 142 1814 rs
162 1755 305 1831 quoniam
334 1756 474 1815 Pilumno
508 1755 647 1833 Iuppiter
678 1774 739 1815 non
770 1756 871 1815 fuerat
902 1754 1095 1819 sufferendus
1128 1773 1182 1813 nec

160 1845 264 1903 Venus
279 1844 425 1904 Veniliae.
458 1843 568 1904 obiecib
589 1845 761 1905 incendium
774 1844 862 1905 Italis
885 1863 1007 1921 parasse
1026 1843 1181 1919 Troianos,

162 1935 213 1993 sed
235 1935 292 1994 hoc
314 1935 390 1993 false
413 1933 579 2011 conposuib
616 1937 648 1993 eb
670 1953 744 1994 arva
762 1934 861 1994 aliena
878 1934 951 2013 iugo
969 1953 1102 2011 premere
1120 1952 1182 1992 non

161 2024 221 2083 fuit
234 2043 350 2100 verum3
369 2043 439 2083 nam
456 2025 513 2084 hoc
526 2023 656 2085 voluisse
671 2023 817 2084 Troianos
835 2024 957 2101 proban'
975 2043 1035 2084 non
1053 2025 1181 2102 poteras

162 2117 254 2189 atque
285 2118 418 2173 avertere
448 2113 589 2190 praedas:
619 2115 769 2190 quomodo
793 2116 866 2174 haec
890 2113 997 2174 audere
1020 2116 1183 2191 potuerant

115 2221 143 2261 ro
162 2206 214 2279 qui
236 2207 377 2281 rogantes
399 2206 544 2263 venerant
562 2202 601 2262 ad
619 2202 785 2263 Latinum?
816 2205 925 2280 eligere
944 2206 1046 2264 autem
1064 2221 1181 2264 soceros

161 2295 216 2350 aut
246 2294 367 2369 gremiis
395 2295 500 2369 pactas
529 2292 674 2352 abducere
704 2293 825 2369 quando
852 2292 970 2352 Aeneas
997 2292 1182 2369 probabatur

161 2380 310 2440 voluisse?
352 2401 420 2441 cum
443 2401 497 2441 nec
519 2381 630 2459 petisse
654 2381 812 2442 doceretur
834 2401 888 2441 nec
910 2400 1032 2440 uxorem
1056 2381 1182 2456 duxisse,

161 2472 213 2530 sed
236 2469 338 2529 Latini
359 2471 500 2531 habuisse
522 2472 703 2548 promissum
726 2474 757 2530 et
778 2471 858 2530 ultro
887 2470 989 2530 oblata
1017 2470 1182 2530 adfinitatis

161 2561 236 2618 iura.
270 2561 389 2637 quando
408 2564 510 2620 aulem
529 2564 598 2638 post
616 2562 771 2636 acceptam
784 2578 889 2636 pacem
902 2559 1047 2619 Troianos
1061 2561 1183 2637 poberab

116 2665 142 2705 re
161 2652 323 2708 monstrari
351 2669 434 2708 arma
462 2653 567 2726 sponte
596 2649 773 2726 sumpsisse,
804 2667 878 2724 quos
902 2651 1052 2708 constaret
1074 2666 1181 2725 provo·

163 2741 244 2797 catos
277 2740 317 2798 ad
347 2737 479 2798 bellum?
534 2741 604 2815 post
635 2738 722 2813 haec,
755 2756 831 2814 quae
863 2737 948 2797 falsis
982 2740 1181 2811 conseruerat,

163 2827 236 2886 dicit
266 2848 351 2903 vera,
382 2830 419 2887 ub
450 2847 486 2887 ex
516 2829 564 2887 his
597 2828 684 2887 daret
715 2826 852 2887 omnibus
884 2826 982 2885 fidem.
1040 2830 1072 2885 to
1097 2831 1182 2901 potes

162 2915 287 2975 Aeacon
310 2918 450 2976 monibus
479 2918 639 2976 subdocere
670 2914 799 2976 crason
822 2933 936 2989 proque
958 2917 1021 2974 ciro
1043 2917 1182 2976 oebolooo

163 3010 189 3063 et
210 3010 309 3064 centos
331 3008 482 3065 obtendere
504 3007 606 3066 iconis
629 3008 655 3064 ec
671 3010 755 3078 poles
777 3006 811 3064 io
833 3005 949 3064 totidem
971 3006 1094 3064 classem
1117 3023 1182 3065 cooe-

116 3099 270 3152 accolere
299 3097 458 3169 cymphes:
484 3112 538 3154 reos
568 3094 682 3167 aliquid
712 3098 814 3154 contro
842 3095 969 3154 Ruculos
997 3095 1107 3154 iusisse
1133 3112 1182 3154 roe·

235 3236 250 3283 2
269 3231 375 3285 scalea
388 3229 447 3284 VR.
528 3235 543 3283 8
562 3229 666 3296 inferre
679 3227 732 3281 VR
749 3228 822 3296 ferre
840 3228 884 3283 ed.
905 3230 934 3283 et
951 3228 1079 3297 plerique
1097 3228 1180 3298 Verg.

162 3300 236 3356 libri.
268 3302 271 3373 l
300 3302 413 3369 fremere
432 3307 512 3369 cepae
529 3300 667 3355 odoenm
680 3299 739 3354 VR.
800 3301 969 3356 boddccere
982 3300 1041 3354 VR.
1098 3300 1181 3354 'loo

162 3373 321 3428 cersomed.
360 3379 392 3427 12
408 3374 555 3443 oripioclc's
563 3371 1007 3441 moisVRorioo'aolibosaoc'sed.
1046 3378 1079 3426 16
1097 3388 1182 3427 oenus

161 3446 265 3499 cecilia
278 3445 331 3498 VR
350 3445 447 3500 Veneri
466 3444 575 3499 Vecilio
589 3443 658 3515 sill
685 3442 847 3498 obiecitVR
860 3444 907 3499 sed
920 3460 943 3498 o.
959 3444 1002 3498 ed.
1064 3449 1095 3497 17
1110 3444 1182 3510 folco

162 3517 205 3569 ed.
256 3522 289 3568 21
308 3517 445 3584 probator
461 3516 504 3569 ed.
560 3520 593 3568 22
612 3531 647 3569 oe
662 3515 774 3584 petiisse
783 3515 917 3570 dicerem
926 3514 970 3569 ed.
1023 3520 1057 3568 24
1072 3515 1184 3583 potebat

162 3587 292 3641 VRcorr.
302 3606 324 3641 r.
375 3593 409 3641 25
427 3585 692 3642 morsororeVRed.
714 3585 717 3654 l
738 3584 1183 3655 qooococatareprooocaroevu

162 3660 310 3727 prodesset
320 3659 420 3727 praed.
472 3664 505 3712 26
520 3656 759 3713 conserueratVR
774 3658 1026 3715 cmtsbuaesaleb.
1071 3662 1113 3708 22
1132 3672 1196 3722 ‹psa-

161 3739 218 3784 tom
228 3747 283 3796 pro
295 3730 412 3784 Graiam
429 3727 484 3784 Vs.
506 3729 514 3804 1
532 3736 597 3790 otro
606 3733 734 3805 preciso
745 3730 812 3789 Vs.
858 3737 897 3789 ab
911 3747 1009 3788 aos-
1019 3719 1222 3783 sesamam.
