2725 4150
573 328 759 385 AENEIDOS
773 329 825 386 VII
1165 332 1208 398 47

184 497 331 572 Pauper.
374 498 473 557 moliri
501 499 563 558 iam
590 499 664 558 boio
690 499 780 567 cirici,
803 500 866 558 iam
887 499 978 570 ficiem
1000 502 1108 569 terroe,
1132 499 1273 562 dese-290

184 588 282 646 ruisse
298 590 393 646 rates:
415 587 487 646 dum
500 589 581 647 inter
593 586 738 648 Latinum
751 590 782 646 et
795 588 940 648 Troianos
959 589 1008 648 vel
1025 592 1095 664 poet
1108 587 1212 648 Latini

185 677 268 736 dicte
290 676 364 735 haec
387 680 562 755 gererentur
583 696 660 754 quae
683 678 820 754 superius
844 677 1047 754 conprehensa
1064 681 1148 754 sunt,
1165 698 1211 736 re-

184 768 275 844 pente
298 765 372 825 exiit
393 764 469 825 Iuno
491 767 530 825 ab
547 767 639 845 Argis
661 785 798 826 remeans
821 770 852 826 et
874 784 990 827 summo
1013 767 1096 826 caelo
1119 767 1210 844 respi-

154 855 266 917 sciens
302 856 444 915 universa
479 857 559 915 votis
595 857 658 916 suis
695 855 863 932 studiisque
900 856 1063 932 contraria,
1098 856 1212 915 scilicet

185 944 332 1004 Troianos
360 944 470 1019 laetos,
497 944 580 1020 quod
606 963 771 1020 numquam
800 947 889 1004 antea
915 945 1031 1004 factum
1058 947 1116 1020 eet,
1142 946 1212 1005 tuta

184 1052 258 1112 erga
279 1032 361 1109 ipsos
385 1034 499 1108 omnia,
521 1032 661 1093 fiduciam
682 1033 812 1112 gerentis
831 1051 1042 1110 prosperorum
1060 1052 1211 1094 successu-

183 1143 250 1196 um,
272 1122 425 1182 molientis
445 1126 527 1183 tecta
545 1125 575 1182 et
593 1123 671 1183 sedis
690 1123 891 1199 perpetuitate
911 1141 1028 1184 securos
1047 1123 1211 1184 deseruisse

183 1213 277 1272 etiam
303 1215 398 1287 retes,
425 1215 531 1288 utpote
560 1212 623 1270 iam
651 1230 712 1271 non
739 1213 933 1287 necessarias,
960 1215 1037 1272 stetit
1063 1215 1127 1273 ceri
1147 1215 1211 1286 siaa

140 1302 298 1362 redolere:
327 1303 413 1362 stetit
435 1321 496 1361 non
518 1303 638 1377 sponte,
661 1301 714 1363 sed
736 1301 846 1360 doloris
869 1302 1017 1362 morsibus
1040 1303 1108 1362 fixa.
1149 1307 1211 1362 tura

184 1407 334 1464 quassans
365 1395 465 1464 caput,
499 1391 581 1468 quod
612 1393 658 1451 est
690 1393 811 1468 apertae
843 1392 1052 1451 commotionis
1082 1393 1211 1470 signum,

183 1481 256 1539 baec
274 1480 399 1552 effundit
411 1484 527 1554 pectore
544 1481 637 1540 dieta:
660 1499 807 1556 quassans
826 1482 918 1556 caput
936 1481 967 1538 et
984 1479 1112 1540 effundit
1130 1481 1212 1540 dicta

184 1569 393 1628 demonstrant
419 1569 540 1645 qualem
564 1571 730 1630 orationem
754 1573 831 1629 esset
853 1568 1008 1645 habitura3
1035 1589 1106 1629 uam
1130 1571 1212 1646 quod

184 1659 274 1737 longe
303 1659 403 1718 adhuc
430 1660 531 1736 posita
552 1659 702 1719 laetitiam
724 1659 923 1719 Troianorum
944 1657 1022 1719 vidit
1049 1663 1080 1718 et
1104 1659 1211 1735 doluit,

139 1766 166 1807 rs
184 1748 306 1826 signum
322 1747 384 1806 fuit
397 1747 506 1808 veteris
524 1752 555 1808 et
572 1749 736 1826 pertinacis
755 1749 826 1824 odii,
840 1767 932 1826 quam
950 1751 1097 1825 perpetua
1115 1748 1211 1807 curio·

184 1839 260 1898 sitas
290 1836 420 1896 ducebat
446 1856 539 1913 quam
567 1837 699 1914 primum
725 1857 813 1898 nosse
840 1839 915 1914 quid
942 1842 1066 1917 agerent
1087 1837 1211 1898 inimici.

186 1944 335 2003 quassare
361 1929 407 1987 est
438 1945 632 1986 commovere.
681 1928 739 1986 bec
770 1929 890 2001 stirpem
920 1929 1050 1988 invisam
1082 1932 1108 1986 ei
1138 1928 1211 2000 fatis

185 2016 336 2076 contraria
360 2017 469 2076 nostris
491 2016 558 2089 fcio
579 2017 746 2093 Pbrppcra!
796 2018 849 2095 qui
878 2018 1035 2078 contrariis
1065 2018 1138 2078 fatis
1167 2017 1211 2077 di·

185 2107 296 2165 cuntur
317 2107 401 2165 nasci
423 2106 494 2166 talis
512 2106 593 2166 inter
610 2126 641 2167 se
659 2106 833 2167 inimicitias
853 2111 973 2185 gerunt,
992 2111 1027 2167 ut
1044 2127 1211 2184 numquam

139 2213 167 2253 rc
184 2195 401 2272 conquiescant
421 2214 476 2255 nec
494 2196 644 2271 accipiant
661 2197 759 2257 finem.
791 2197 847 2256 hoc
866 2196 1016 2257 adseritur
1033 2217 1069 2256 ex
1087 2198 1211 2257 Iunonis

183 2303 314 2363 persona
336 2287 427 2361 atque
450 2285 507 2344 hoc
526 2285 664 2345 firmmur
684 2288 777 2345 etiam
796 2287 866 2346 deos
884 2286 956 2346 fatie
974 2286 1210 2364 gubernantibus

183 2375 258 2452 regi.
310 2373 355 2433 ait
384 2374 480 2453 igitur
511 2374 589 2433 Iuno
622 2376 694 2450 heu,
725 2375 807 2453 quod
837 2375 898 2433 fuit
930 2375 1070 2435 altissimi
1100 2376 1211 2435 doloris

184 2464 318 2542 signum,
340 2466 378 2522 ut
399 2463 532 2523 vinceret
554 2465 683 2543 gemitus
702 2483 818 2540 vocem,
837 2465 944 2523 dehinc
963 2464 1008 2523 ait
1025 2465 1111 2523 doleo
1131 2465 1212 2540 quod

184 2553 259 2612 fatis
277 2553 352 2612 meis
372 2552 491 2613 obviam
509 2555 635 2613 veniant
653 2555 853 2614 Troianorum
870 2553 935 2612 fate
952 2554 1112 2627 contraria,
1132 2554 1212 2629 quod

139 2659 166 2701 ss
184 2661 255 2702 cum
277 2641 323 2700 ita
345 2641 398 2718 sit,
422 2642 554 2701 obtinere
577 2644 682 2718 procul
705 2642 796 2701 dubio
819 2641 989 2701 debuerunt
1010 2642 1076 2702 fata
1095 2661 1163 2702 mea
1181 2646 1213 2702 et

185 2730 319 2791 aemulos
351 2731 484 2791 nocendo
514 2733 700 2809 pervincere:
731 2750 797 2791 ecoe
825 2732 885 2808 ipsi
914 2750 983 2791 cum
1011 2731 1115 2791 dolore
1144 2752 1210 2793 meo

185 2819 354 2898 superiores
384 2823 456 2881 sunt
484 2823 516 2879 et
544 2822 688 2898 quicquid
716 2820 840 2880 inimica
867 2822 1000 2899 cogitare
1027 2822 1116 2899 potui
1143 2841 1211 2883 oon·

184 2911 301 2970 stantia
319 2912 350 2969 et
367 2910 512 2970 felicitate
529 2912 675 2971 vicerunt.
710 2929 782 2969 acm
794 2910 889 2985 Sipeis
906 2913 1072 2971 occumbere
1090 2914 1210 2987 eampis,

184 3018 258 3059 nura
276 3000 355 3072 capii
368 3004 490 3072 potum
507 3002 593 3074 capi?
620 3019 694 3059 arua
711 3001 832 3060 incensa
850 3002 989 3060 cremavit
1003 3002 1095 3060 Troia
1112 3002 1211 3060 ciros?
1221 3013 1272 3063 295

140 3107 167 3147 so
183 3090 259 3149 haec
282 3090 354 3147 sunt
376 3091 500 3165 propter
523 3108 600 3167 quae
621 3089 736 3150 dictum
755 3091 802 3149 est
817 3091 891 3167 heu,
910 3110 1038 3166 quorum
1056 3093 1148 3166 caput
1166 3092 1212 3150 est

185 3178 268 3255 quod
290 3177 449 3238 contrariis
472 3178 544 3238 fatie
567 3178 645 3240 Iuno
669 3179 813 3239 adversus
833 3180 978 3239 Troianos
1001 3180 1116 3239 frustra
1136 3178 1210 3239 nite·

185 3268 285 3328 batur.
322 3268 526 3343 sequebantur
548 3268 603 3328 illa
624 3287 744 3346 quoque
763 3288 840 3344 quae
859 3270 996 3346 superius
1016 3270 1211 3344 enumeravit,

258 3515 276 3564 4
294 3509 403 3565 eaiitv
420 3512 530 3565 extitit?
552 3510 555 3582 l
576 3512 724 3579 respiciens
737 3510 763 3564 V
777 3510 820 3564 ed.
836 3510 1025 3578 perspiciens?
1084 3513 1117 3561 10
1137 3509 1210 3563 doio·

186 3582 265 3637 ribees
290 3582 427 3637 raorsibcs
453 3581 487 3636 V.
559 3587 593 3635 12
616 3598 797 3651 quassares—
810 3582 886 3637 dicta
911 3597 967 3635 om.
991 3579 1039 3635 et.
1104 3585 1144 3633 «Α
1172 3582 1218 3634 te-

187 3659 322 3707 munerat
341 3652 383 3705 ecl.
445 3657 482 3705 19
506 3653 574 3710 talis
598 3671 653 3712 om.
674 3654 720 3712 ed.
797 3661 833 3713 22
859 3654 962 3730 reqib
992 3654 1048 3726 agi
1064 3650 1161 3707 iffi
1190 3650 1241 3705 ab.

175 3726 214 3771 27
218 3722 310 3785 potui
326 3720 351 3772 V
357 3725 458 3788 poturi
474 3725 518 3782 ed.
598 3734 634 3786 28
655 3732 762 3805 siparis
781 3730 821 3789 V.
