2725 4150
161 349 258 415 .116
475 307 927 400 oonrrrmraaeavaac.

190 518 250 589 ipsi
268 535 357 590 quom
375 517 477 575 Turno
495 517 557 590 reyc'
575 516 707 589 eutropi
725 531 868 588 apparere
885 514 1005 575 Latino.
1042 532 1078 573 ex
1096 518 1210 591 aperto,

191 606 244 681 ait,
266 625 326 665 non
345 606 445 665 Turno
470 607 523 664 aut
544 602 654 663 Latino
677 622 740 663 esse
764 603 849 679 cupit
869 603 1006 678 infestus,
1029 623 1120 681 quem
1142 623 1210 664 con·

190 699 253 756 stat
279 696 378 755 nullas
406 712 512 754 causas
536 692 599 752 odii
620 692 807 769 praebuisse,
831 692 883 752 sed
904 693 952 752 illi
975 712 1065 769 quem
1087 696 1211 770 propter

190 784 338 845 excidium
356 783 462 844 'Iroiae
485 782 680 842 execrabilem
702 781 810 841 habuit
830 782 992 843 inimicum.
1024 781 1116 842 etiem
1138 783 1210 843 huic

190 876 271 951 parti
301 876 423 932 edoceat
452 872 540 931 debet
567 871 704 949 adiungi,
734 872 820 948 quia,
843 874 878 931 ut
900 871 1015 930 dictum
1037 874 1096 947 est,
1119 873 1209 931 semel
1240 888 1252 928 ι

189 965 322 1040 positum
350 963 451 1021 omnia
477 962 584 1021 tenuit.
634 979 781 1038 ponamus
810 979 880 1038 ergo
907 961 939 1018 in
966 960 1064 1037 capite
1087 959 1210 1021 edoceat

189 1058 220 1112 et
242 1052 397 1127 cumipse
419 1050 509 1111 verbo
531 1068 740 1127 percurramus
759 1049 868 1110 omnia.
900 1050 1032 1108 mittitur
1054 1052 1085 1109 et
1106 1051 1209 1129 magni

187 1141 322 1200 Venulus
345 1140 499 1200 Diomedis
522 1139 562 1199 ad
584 1139 702 1214 urbem,
726 1140 779 1215 qui
800 1141 886 1216 petat
909 1139 1054 1199 auxilium
1078 1141 1108 1198 et
1129 1140 1209 1200 bunc

188 1231 310 1290 edoceat
329 1230 486 1289 advectum
504 1228 627 1288 Aenean
645 1230 743 1303 classi,
763 1227 886 1288 edoceat
903 1229 998 1289 victos
1021 1228 1140 1304 penatis
1163 1231 1208 1288 in-

187 1320 278 1395 ferre,
296 1319 420 1379 edoceat
444 1319 516 1378 fatis
538 1338 640 1396 regem
659 1337 690 1379 se
710 1317 807 1378 dicere
829 1318 926 1394 posci,
949 1317 1072 1377 edoceat
1094 1317 1208 1380 multae
1225 1334 1250 1375 ιι

187 1411 285 1488 gentis
309 1428 340 1469 se
364 1408 526 1486 adiungere
544 1409 609 1468 viro
630 1407 783 1467 Dardanio
802 1401 899 1488 (quod
918 1406 1035 1467 addidit
1052 1406 1207 1467 Dardanio

187 1518 246 1558 non
270 1502 371 1574 vacat,
401 1499 560 1557 admonere
588 1497 667 1556 enim
694 1497 793 1557 voluit
815 1496 980 1555 Diomeden
1003 1495 1066 1555 odii
1088 1497 1207 1573 veturia,

187 1589 270 1665 quod
296 1592 428 1648 metuere
456 1587 561 1647 debuit
587 1588 712 1664 propter
741 1586 890 1645 excidium
919 1578 1055 1666 Troiae),
1083 1585 1208 1647 edoceat

186 1677 275 1738 Latio
288 1677 488 1737 increbescere
506 1694 615 1735 nomen
634 1676 707 1750 eius,
725 1675 849 1734 edoceat
867 1674 940 1752 quid
959 1676 1059 1734 struat
1075 1674 1123 1734 his
1138 1694 1206 1736 con·

186 1770 293 1844 ceptis,
312 1768 435 1826 edoceat
452 1766 572 1825 Aeneae
589 1766 668 1824 hanc
685 1783 749 1824 esse
768 1765 947 1824 sententiam
964 1766 1003 1838 et,
1022 1764 1049 1824 si
1066 1767 1207 1845 eventum
1224 1776 1248 1818 ιι

184 1876 304 1934 pugnae
327 1857 472 1930 sequatur
493 1855 617 1913 fortuna
639 1856 817 1930 prosperior,
840 1874 876 1912 ex
899 1856 1002 1929 aperto
1025 1853 1122 1932 magis
1145 1855 1207 1931 ipsi

185 1944 324 2004 Diomedi
351 1946 447 2004 veteri
473 1944 553 2002 hosti
575 1944 764 2003 redditurum
787 1943 882 2002 vicem
906 1961 996 2020 quem
1017 1941 1127 2002 Latino
1151 1946 1206 2002 aut

185 2033 287 2094 Turno
309 2034 490 2093 nociturum.

257 2125 346 2183 Tolto
363 2140 421 2196 per
438 2122 576 2181 Latium:
598 2122 689 2181 multi
710 2121 760 2181 hio
782 2120 973 2198 distinguunt
992 2125 1022 2181 et
1043 2122 1152 2181 finiunt
1175 2125 1205 2183 et

183 2212 299 2273 faciunt
317 2215 409 2289 caput
431 2231 498 2272 oum
522 2212 651 2287 quodam
673 2212 807 2271 transitu
829 2212 860 2269 et
882 2213 1050 2286 sequuntur
1072 2211 1204 2273 dicentes
1222 2224 1247 2266 ιι

183 2320 260 2380 quac
288 2302 520 2361 Laomedontius
548 2302 632 2359 beros
662 2305 766 2359 coacto
794 2299 897 2358 videas
925 2317 1032 2373 macno
1063 2318 1204 2360 eororam

139 2394 306 2464 corturiaci
323 2395 406 2450 aesta
424 2395 509 2463 atquc
528 2392 662 2449 animam
679 2407 759 2448 norro
780 2390 837 2447 boc
859 2389 977 2448 celerem
997 2406 1076 2447 aare
1099 2390 1205 2449 diade

182 2482 254 2541 illuc
279 2483 312 2540 ia
335 2481 488 2555 partaque
514 2481 596 2553 rapo
620 2480 724 2537 comas
743 2494 853 2551 perque
875 2479 975 2536 emoto
997 2482 1102 2537 versat.
1148 2498 1204 2539 nos

182 2571 260 2630 hanc
282 2570 559 2648 pronuntiationem
581 2567 730 2644 propositi
746 2584 848 2627 versus
867 2568 910 2625 sic
928 2566 1080 2627 trademus
1099 2568 1204 2628 addita

183 2660 372 2719 ordinatione
390 2677 507 2719 sensus:
526 2677 603 2734 quae
622 2658 730 2716 cuncta
747 2657 824 2716 talia
845 2656 949 2716 videns
968 2655 1202 2719 Laomedontius
1220 2668 1246 2710 ¹⁵

181 2750 268 2808 heros
296 2768 350 2825 per
372 2746 495 2807 Latium
518 2747 594 2825 geri,
617 2766 728 2824 magno
752 2764 892 2805 curarum
913 2746 1040 2805 fluctuat
1063 2749 1150 2806 aestu
1172 2749 1203 2807 et

182 2841 281 2897 cetera
295 2856 372 2913 quae
387 2839 560 2912 sequuntur,
574 2839 610 2895 ut
624 2837 708 2895 nulla
722 2834 763 2894 sit
776 2834 935 2911 separatio.
967 2837 1075 2895 cuncta
1087 2835 1202 2912 videns,

180 2926 212 2985 id
226 2929 272 2987 est
285 2927 374 3003 plane
387 2925 577 2985 considerans
596 2926 697 2984 omnia
716 2928 746 2984 et
763 2924 876 2983 hebens
894 2929 1035 3001 conperta
1053 2943 1088 2984 ac
1106 2926 1201 2985 mani-

180 3015 267 3075 festa.
313 3014 394 3091 quod
424 3016 468 3073 ait
499 3017 618 3090 cuncta,
647 3014 725 3073 illud
754 3013 917 3090 exprimere
939 3013 1049 3090 voluit,
1077 3034 1112 3073 ex
1139 3016 1200 3076 illis

181 3125 259 3181 quae
277 3123 347 3181 pars
365 3103 484 3163 diversa
506 3104 643 3182 agitabat
664 3103 743 3163 nihil
764 3104 888 3162 Aenean
910 3104 1043 3163 latuisse.
1075 3101 1200 3164 Laome·
1218 3114 1245 3156 ω

181 3195 319 3255 dontium
337 3193 413 3252 dixit
430 3195 574 3267 astutum,
594 3193 746 3266 callidum,
769 3192 946 3271 vigilantem
969 3194 999 3251 et
1020 3192 1199 3268 responden-

179 3288 241 3344 tem
264 3284 426 3345 virtutibus
450 3281 671 3342 Laomedontis.
718 3285 749 3341 et
770 3299 874 3342 revera
895 3282 969 3340 haec
992 3282 1090 3358 prima
1117 3283 1198 3343 solli-

252 3461 268 3509 2
292 3472 370 3523 quem
392 3451 571 3509 conatoretV
593 3470 677 3521 quum
700 3458 835 3507 coactaret
852 3449 907 3504 ΗΟ
926 3449 969 3503 ed.
994 3467 1071 3519 quem
1094 3457 1199 3507 cormac

172 3544 233 3578 noa
312 3532 326 3579 7
350 3527 409 3593 ipso
431 3526 510 3580 verbo
531 3522 556 3577 V
581 3526 643 3593 ipso
665 3524 784 3579 dictem
809 3522 853 3577 ed.
926 3526 943 3574 8
968 3522 1041 3577 boae
1060 3522 1199 3579 doccotV

154 3593 183 3643 b.
200 3595 320 3649 edoceat
335 3597 380 3650 ed.
442 3602 478 3652 14
495 3602 590 3653 emeat
602 3594 629 3650 V
645 3596 720 3664 ferat
737 3595 781 3650 ed.
804 3594 808 3665 t
828 3594 962 3661 conceptio
975 3591 1001 3646 V
1015 3593 1058 3647 ed.
1078 3596 1198 3678 coeptis?

126 3664 291 3786 affl?
311 3665 338 3718 V
355 3669 399 3724 aa
427 3678 458 3729 a
472 3673 502 3728 a·
524 3670 569 3729 eo.
589 3673 666 3742 poa.
742 3672 778 3724 eo
799 3663 906 3738 pureV
932 3680 979 3733 oc
1002 3664 1048 3718 ab·
1073 3665 1085 3735 t
1110 3672 1197 3734 ude
