2725 4150
554 341 782 398 munmosx
1113 345 1178 412 319

161 511 278 589 aliquid
301 511 412 571 diceret
435 512 470 570 de
494 512 595 587 patria
617 530 680 571 sua.
712 511 839 571 Mantua
858 511 939 571 dives
959 510 1037 570 avis:
1059 511 1116 571 hoe
1135 514 1180 571 est

161 603 312 680 generosis
336 604 367 659 et
388 601 559 677 praecipuis
582 600 745 660 maioribus
769 601 856 660 fulta.
895 602 970 677 ipsis
993 603 1095 659 tamen
1114 602 1180 660 evis

160 710 220 750 non
242 710 338 749 unum
361 708 455 769 genus
479 690 617 750 omnibus
640 690 709 766 fuit,
733 689 785 750 sed
804 711 839 749 ex
858 688 984 749 diversis
1013 688 1179 766 originibus

161 781 337 840 adunatum.
387 797 459 854 pens
487 780 533 838 iiii
561 780 679 852 triplex,
705 780 812 853 popuii
840 779 894 838 snb
922 782 1005 854 pente
1032 780 1181 852 quaterni:

129 869 217 930 asub
239 870 336 928 tribus
360 868 499 947 gentibus
521 869 628 946 populi
650 868 790 944 quaterni
812 868 934 927 fuerant
955 868 1011 926 hoo
1039 869 1085 927 est
1108 867 1181 927 duo·

161 959 264 1018 desim.
305 960 373 1031 ipsa
396 962 484 1031 capnt
501 958 634 1032 populis,
659 959 754 1016 Tnseo
777 957 812 1016 de
834 959 978 1032 sanquine
1000 958 1092 1016 eires:
1113 956 1181 1034 ipsa

161 1047 268 1108 civitas
291 1050 394 1106 tamen
417 1047 554 1107 omnibus
577 1047 678 1107 fuerat
701 1050 801 1122 eaput.
846 1047 914 1105 bine
936 1063 1059 1121 qque,
1082 1045 1113 1104 id
1136 1049 1182 1106 est

161 1137 286 1196 Mantua
309 1139 400 1214 atque
423 1156 457 1195 ex
481 1136 544 1196 eius
567 1136 702 1213 populis,
725 1137 894 1210 qninqentos
916 1137 948 1195 in
970 1153 1001 1195 se
1018 1136 1182 1195 Mezentius

162 1230 273 1285 annet:
295 1225 327 1284 in
350 1245 394 1300 se,
418 1226 576 1286 adversum
603 1243 634 1285 se
662 1227 761 1284 armat
782 1225 960 1301 Mezentius,
987 1225 1113 1302 pulohra
1139 1226 1182 1285 lo·

116 1331 143 1370 ιο
162 1315 258 1392 euti03
287 1314 320 1373 hi
350 1317 430 1373 enim
458 1317 495 1374 ut
524 1314 668 1375 adversus
691 1314 871 1373 Mezentium
901 1315 1012 1374 armati
1038 1314 1183 1374 vaderent

161 1405 226 1480 ipse
257 1404 431 1480 perfecerat.
490 1403 654 1480 plurimum
686 1403 735 1463 hie
766 1402 825 1462 sibi
856 1403 1009 1482 Vergilius
1042 1402 1182 1480 adplicet,

162 1493 243 1570 quod
264 1494 400 1552 Romano
424 1492 543 1553 ductori
561 1494 653 1552 etiem
671 1493 797 1552 Mantua
817 1492 962 1552 auxilium
980 1495 1181 1570 praerogavit.

162 1600 233 1657 qnos
250 1587 339 1656 petre
365 1583 485 1641 Benaco
512 1582 625 1641 nelatns
652 1582 820 1641 harundine
844 1582 951 1656 pinnen
974 1582 1109 1640 Mineins
1137 1583 1244 1642 inane

161 1675 238 1745 festu
261 1673 385 1731 ducebat
405 1673 438 1729 in
461 1688 589 1746 deonna
608 1673 700 1746 pina
724 1689 799 1748 quos
823 1670 1003 1748 quingentos
1025 1671 1097 1730 navi
1115 1689 1183 1746 por·

117 1777 143 1817 ss
162 1761 249 1820 tabat
262 1761 389 1820 Mincius
408 1763 497 1820 natus
516 1779 552 1820 ex
564 1761 697 1835 Benaco,
715 1760 827 1820 habens
846 1751 1063 1820 harundinibus
1082 1760 1183 1819 velata

162 1854 300 1925 tempora
322 1870 357 1910 eo
380 1869 462 1910 more
486 1869 545 1926 quo
568 1850 737 1928 pinguntur
763 1849 896 1908 flumina.
941 1850 965 1908 n
988 1850 1092 1924 munis
1119 1847 1183 1908 An

163 1940 246 1998 testes
278 1944 452 2013 centenaque
483 1941 587 1998 urbere
618 1941 725 2011 tintus
747 1940 883 1998 neonae
908 1939 1084 2014 ndsnrpens,
1114 1956 1184 2012 spn-

161 2033 245 2088 nnnnt
266 2029 346 2089 noda
367 2046 514 2088 marmore
536 2046 633 2089 nerse:
655 2048 717 2089 non
738 2027 804 2105 ipse
827 2028 967 2089 Aulestes
990 2028 1105 2107 gravis,
1133 2027 1184 2088 sed

162 2121 248 2178 navis
271 2118 304 2177 in
327 2137 389 2194 qua
411 2119 511 2178 fuerat
533 2120 608 2178 satis
631 2118 813 2195 ponderosa3
837 2118 966 2195 denique
986 2122 1105 2178 eentum
1123 2137 1184 2177 non

117 2222 144 2263 ro
161 2208 224 2266 iam
245 2209 350 2282 remis,
372 2209 425 2267 sed
448 2208 603 2267 arboribus
627 2208 783 2285 agebatur.
829 2211 928 2268 eetera
955 2208 1185 2285 descriptionem

161 2298 265 2355 tenent
293 2297 395 2374 pelagi
425 2316 493 2356 eum
521 2297 710 2357 verberatum
736 2316 887 2357 remorum
915 2297 1024 2357 ictibus
1055 2299 1184 2373 spumat.

162 2387 240 2444 inne
261 2387 337 2444 nebit
359 2387 490 2445 inmunis
514 2387 632 2445 Triton:
654 2387 768 2447 formae
797 2390 958 2461 maximae,
985 2405 1040 2461 pro
1068 2388 1184 2463 magni·

162 2474 268 2534 tudine
290 2475 386 2552 ipsius
410 2475 495 2536 naris
518 2477 674 2536 formatus.
717 2480 744 2534 et
765 2476 885 2535 eaernlu
908 2476 1016 2534 concha
1038 2478 1184 2533 exterrens
1194 2484 1247 2534 210

162 2566 254 2638 fretu:
278 2564 460 2624 constitutus
483 2564 516 2623 in
538 2566 665 2640 eoneha,
689 2568 839 2624 exterrens
862 2564 940 2623 freta
963 2563 1091 2623 caerula.
1138 2564 1185 2621 eni

118 2667 145 2708 rs
164 2654 289 2712 interwm
318 2659 401 2712 tenne
430 2654 549 2727 bispida
577 2656 664 2713 nonii
692 2657 778 2729 frons
807 2654 952 2711 honinem
976 2654 1122 2726 praefert,
1152 2653 1185 2710 in

159 2744 280 2815 pristim
310 2742 416 2802 desinit
442 2744 540 2813 ulons,
571 2761 694 2817 spennen
723 2744 858 2815 semifero
888 2743 943 2800 snb
967 2745 1083 2814 penne
1105 2759 1186 2799 nene·

163 2836 264 2890 nurui
284 2833 383 2891 nnda:
404 2851 500 2909 usque
524 2833 563 2891 ad
585 2833 681 2891 latera
704 2830 892 2909 praeferebat
908 2831 1035 2889 humani
1053 2832 1185 2907 eorporis

163 2921 305 2996 formam,
328 2921 478 2997 hispidam
500 2924 601 2981 tamen
628 2922 685 2981 hoe
708 2923 754 2981 est
781 2939 926 2997 asperam.
970 2920 1088 2996 reliqua
1115 2938 1186 2997 pars

165 3010 228 3069 eius
242 3011 275 3069 in
288 3010 416 3070 bestiam
428 3010 576 3071 marinam
594 3010 771 3071 mutabatur
788 3012 818 3068 et
836 3009 892 3069 sub
911 3009 1047 3069 semifero
1067 3011 1186 3086 pectore

119 3114 145 3154 se
163 3100 274 3159 fluetus
302 3118 442 3175 spumare
470 3100 658 3160 videbantur.
708 3103 748 3158 tot
779 3099 842 3158 teeti
867 3116 1003 3173 proceres
1031 3103 1075 3157 ter
1103 3099 1187 3158 denis

237 3233 613 3290 berebRsedVHOUed.
668 3233 845 3289 oninsVR.
902 3231 1187 3288 'tidestVideneR

165 3306 241 3359 dictu
258 3312 298 3359 est
315 3305 359 3359 ed.
433 3311 548 3375 fiatque
567 3323 620 3360 om.
638 3304 725 3360 HOU
739 3306 783 3359 ed.
813 3304 817 3377 i
846 3306 911 3359 bine
933 3321 1038 3374 qeeoqne
1060 3303 1188 3358 lemmati

164 3376 296 3445 praefixit
310 3377 354 3431 ed.
409 3379 567 3447 iloqnntro
580 3376 614 3431 V.
671 3383 704 3432 11
719 3378 858 3446 adplicent
871 3376 904 3430 R.
956 3382 989 3429 12
1007 3378 1118 3430 romani
1130 3373 1184 3447 Vi

166 3450 306 3503 Mantuae
329 3449 372 3504 ed.
401 3448 404 3520 i
431 3450 592 3519 peoroyonit
609 3449 654 3503 ed.
728 3454 761 3502 13
781 3449 920 3505 armine
938 3448 1024 3514 (infra
1041 3448 1112 3515 ber.)
1127 3445 1186 3499 VR.

168 3524 201 3572 15
219 3520 456 3575 mieinsnatnsR
473 3522 603 3576 inimicus
619 3539 647 3575 n.
662 3519 696 3575 V.
753 3525 787 3575 16
805 3522 907 3575 aniene
921 3517 979 3573 VR.
1036 3523 1069 3571 18
1087 3518 1188 3573 nudam

166 3607 243 3645 armo
260 3608 366 3647 reverso
379 3591 413 3646 V.
473 3598 506 3646 21
525 3592 747 3648 convertentem
764 3608 816 3660 pro
835 3609 896 3646 enm
913 3608 937 3645 e.
953 3590 986 3645 V.
1009 3590 1014 3662 i
1033 3590 1124 3657 fumet
1136 3588 1192 3643 VR

165 3669 277 3729 spinas
290 3662 334 3716 ed.
390 3668 424 3717 22
435 3665 528 3731 forma
541 3665 664 3722 moninio
679 3664 725 3721 ed.
779 3668 816 3720 ‘ib
832 3662 993 3722 caneva.
1039 3667 1081 3714 ‘bb
1095 3673 1214 3726 ΨΜ

166 3732 220 3785 VR.
293 3735 503 3802 27proferebat
520 3736 564 3795 ed.
