2725 4150
543 336 771 392 15115551
1099 340 1164 405 317

149 507 298 582 tissimus,
327 511 513 583 praeteream
542 507 673 566 carmine
702 525 776 566 meo.
829 525 923 584 genus
953 508 999 566 est
1020 505 1165 565 transitus

149 598 272 673 proptor
300 595 433 656 odiosam
460 597 616 655 nominum
639 594 907 669 continuationem,
931 597 1063 671 quaein
1086 600 1165 654 5555-

149 685 226 764 logis
256 704 372 762 55111551
398 687 450 744 555.
502 686 582 744 hune
612 688 714 744 autem
742 684 850 743 merito
880 703 945 759 suo,
976 704 1036 744 non
1064 703 1167 743 eorum

150 794 224 851 quos
252 775 380 834 ducebat
407 775 505 834 voluit
532 773 714 834 carminibus
738 775 799 834 suis
823 793 890 833 oum
913 773 1001 833 laude
1023 775 1166 849 inserere,

118 866 235 923 terant
264 865 344 923 enim
373 864 471 942 pauci.
522 864 572 923 hie
600 864 696 940 igitur
726 863 906 922 fortissimus
938 862 997 922 fuit
1033 863 1167 922 omnium

148 953 309 1031 Ligurum,
332 954 412 1029 quod
435 972 503 1012 eum
526 951 648 1028 dieitur,
672 952 871 1012 ostenduntur
894 951 986 1011 etiam
1008 951 1056 1011 illi
1073 952 1167 1012 fortes

149 1043 256 1118 quibus
285 1043 439 1118 praelatus
469 1060 532 1102 5555
562 1041 728 1101 videbatur.
781 1043 836 1100 hoo
867 1044 899 1100 iu
930 1040 997 1102 istis
1029 1040 1167 1101 laudavit

149 1132 230 1208 quod
253 1133 313 1191 alio
337 1131 402 1191 loeo
426 1123 472 1213 (5,
488 1124 567 1211 754)
590 1130 714 1208 „exigui
735 1149 873 1205 numero,
897 1129 947 1191 sed
966 1129 1045 1190 bello
1063 1129 1167 1190 vivida

148 1219 277 1280 virtus“.
309 1220 391 1280 venit
413 1221 475 1279 iam
498 1219 537 1280 ad
559 1219 654 1296 ipsius
677 1220 761 1279 dueis
780 1220 902 1279 cultum.
935 1220 1019 1279 enine
1037 1221 1167 1279 olorinae

103 1326 130 1364 10
147 1314 273 1384 51115555
295 1310 330 1369 de
351 1311 456 1369 vertice
473 1311 602 1383 pinnae:
625 1310 756 1368 olorinas
780 1309 886 1386 pinnas
915 1308 992 1368 dixit
1014 1308 1108 1369 fuisse
1135 1309 1167 1368 in

148 1399 211 1458 eius
240 1400 341 1477 galea,
370 1399 426 1457 hoo
456 1401 502 1458 555
529 1397 622 1474 cycni.
666 1417 750 1457 more
780 1417 833 1457 suo
856 1397 1007 1477 Vergilius
1029 1399 1096 1458 vult
1122 1397 1167 1456 in·

148 1489 255 1547 duoore
277 1488 411 1548 fabulam
435 1487 541 1565 Gyani,
564 1490 601 1546 ut
622 1488 655 1546 in
677 1487 816 1566 catalogo
840 1486 960 1564 septimi
981 1485 1053 1546 libri
1071 1479 1167 1569 (765)

148 1577 184 1635 de
198 1577 365 1654 Hippolyto
380 1578 463 1653 feeit3
476 1577 557 1636 inter
569 1576 672 1635 taedia
691 1576 802 1654 quippe
821 1579 868 1636 tot
885 1575 1040 1636 nominum
1059 1575 1167 1653 quibus

147 1666 295 1742 homines,
322 1669 451 1741 11151555,
479 1666 631 1741 5111511555,
657 1666 725 1725 1555
748 1668 779 1725 55
805 1665 930 1725 fiumina
960 1665 1168 1743 significantur

103 1769 130 1810 15
148 1758 203 1814 5115
225 1757 323 1816 fontes
347 1760 401 1815 aut
424 1759 522 1815 555515
544 1755 670 1815 inmissa
692 1756 825 1815 narratio
844 1756 992 1833 legentem
1011 1754 1166 1814 sublevare

148 1845 236 1904 debet
265 1848 296 1905 et
324 1846 437 1923 erigere
468 1844 648 1904 audientem.
702 1845 810 1903 crimen
840 1861 923 1903 amer
952 1848 1080 1903 uestrum
1105 1845 1166 1917 fer·

147 1951 267 2008 maeque
302 1936 418 2009 5555555
447 1937 607 2008 paternae:
639 1933 936 2011 transfigurationem
968 1934 1080 1993 saetam
1111 1953 1166 2009 515

147 2042 244 2101 poena
271 2023 384 2101 posuit,
412 2041 508 2100 555115
532 2025 633 2083 autem
656 2024 720 2083 sine
744 2024 867 2084 erimine
890 2042 952 2084 esse
975 2042 1035 2083 non
1058 2022 1166 2100 potuit.
1199 2015 1201 2020 ’
1225 2088 1228 2093 ,

148 2113 228 2189 quod
258 2116 360 2173 autem
391 2112 509 2189 Gyenus
541 2132 641 2172 amore
670 2113 866 2189 praecedento
896 2105 994 2173 faetus
1025 2116 1071 2173 555
1094 2113 1167 2187 avis,

101 2218 129 2257 ao
147 2204 211 2279 ipse
236 2222 320 2262 amor
341 2204 401 2261 fuit
424 2202 544 2261 crimen.
590 2202 671 2280 quod
694 2222 765 2264 vero
787 2203 838 2262 ille
862 2202 970 2279 pinnas
997 2202 1105 2262 habuit
1132 2222 1167 2261 ex

147 2310 253 2367 cyeno,
280 2293 337 2352 hoe
363 2291 458 2368 ipsius
481 2292 581 2351 fuerat
603 2295 812 2351 ornamentum
839 2293 869 2350 55
896 2292 1016 2370 signum
1043 2291 1167 2369 originis

147 2400 226 2441 suae.
281 2398 407 2455 5515555
440 2382 541 2454 ferant
572 2382 651 2440 lnetn
682 2380 813 2457 Cycnum
841 2381 1028 2440 Phaethontis
1065 2381 1165 2449 amati,

144 2470 288 2545 55551555
316 2472 393 2528 inter
420 2470 541 2543 frondes
569 2471 762 2542 matremque
790 2488 924 2529 sororum
946 2470 1017 2528 dnm
1040 2470 1119 2527 canit
1142 2472 1229 2528 et190

146 2564 289 2618 maestum
318 2577 406 2617 mnsa
438 2560 551 2617 sotatur
585 2575 726 2628 umorem,
762 2562 911 2618 canentem
946 2559 1027 2617 mott'
1062 2557 1167 2630 ptmnu

102 2662 128 2702 15
148 2648 266 2707 55551555
280 2652 424 2707 senectam
438 2649 613 2720 linquentem
631 2653 726 2707 ternus
746 2652 772 2706 et
789 2647 889 2707 sidera
906 2664 972 2706 5555
990 2651 1167 2720 sequentem:

146 2737 320 2796 fabularum
342 2740 476 2797 veterum
498 2736 680 2814 perindeque
703 2738 885 2796 incertarum
908 2738 1021 2795 55155111
1045 2754 1075 2795 55
1099 2754 1166 2794 5115-

147 2830 243 2886 5515111
275 2846 335 2886 non
366 2827 433 2885 vult
464 2828 554 2902 poeta
586 2826 779 2886 constituero:
813 2825 880 2885 ideo
914 2825 957 2885 sie
989 2826 1099 2901 coepit,
1132 2826 1168 2883 ut

220 3016 403 3082 lprueteribo
417 3013 461 3068 ed.
511 3015 695 3083 tentatonqie
708 3014 741 3067 R.
793 3020 824 3067 11
839 3015 920 3084 55551
927 3012 987 3067 VR.
1039 3013 1167 3079 115555-

147 3088 204 3141 lam
218 3086 336 3155 5555115
350 3087 372 3153 5.
387 3084 505 3155 eyem'V
521 3084 745 3155 5555555551.
769 3086 772 3157 5
792 3091 852 3139 5555
866 3083 996 3139 toeoVR.
1053 3089 1086 3138 13
1106 3085 1166 3151 effe·

147 3160 185 3212 eit
198 3156 250 3210 VR
268 3173 336 3210 5511.
352 3157 395 3211 ed.
452 3162 486 3209 14
503 3157 624 3211 hemines
636 3155 690 3209 VR
707 3158 762 3225 ipsi
779 3157 804 3209 t.
824 3156 867 3210 ed.
890 3156 893 3227 5
913 3158 1036 3211 civitatee
1054 3172 1107 3209 om.
1122 3155 1166 3209 ed.

148 3234 182 3283 15
202 3235 252 3284 ant
267 3227 389 3296 fonteaV
408 3228 471 3294 555.
491 3227 517 3280 R
535 3226 1166 3294 555551555511555555555115551.5706.

148 3306 174 3366 7,
198 3305 258 3353 645.
290 3301 292 3370 l
327 3306 378 3353 ant
404 3304 492 3353 cetere
514 3297 566 3351 VR
593 3299 637 3353 ed.
663 3306 689 3354 et
715 3305 756 3354 51
843 3304 876 3353 16
903 3300 1085 3354 criminamur
1109 3296 1166 3351 VR.

148 3376 181 3425 19
204 3372 275 3439 qnod
293 3378 384 3425 antem
402 3386 504 3440 555555
522 3368 573 3423 VR
592 3377 673 3439 pater
691 3378 782 3425 antem
799 3371 967 3437 5555155555
987 3369 1030 3423 ed.
1057 3369 1060 3440 l
1088 3370 1167 3424 55155

146 3446 217 3510 sueti
236 3446 302 3511 5555
322 3445 382 3497 aeis
402 3441 532 3510 interpol.
552 3441 596 3495 ed.
670 3448 704 3496 20
723 3459 809 3497 cansa
827 3449 853 3497 et
869 3443 909 3497 515
927 3442 1029 3496 amonis
1047 3447 1086 3495 est
1102 3443 1167 3509 post

146 3516 205 3581 snit
226 3514 355 3582 interpol.
375 3513 431 3567 od:
456 3512 486 3566 in
506 3513 550 3565 his
570 3512 700 3567 omnibus
718 3512 804 3568 HOU
823 3530 886 3568 oum
904 3512 957 3566 VR
975 3511 1166 3566 consentiunt:

148 3585 218 3639 Don.
238 3602 360 3639 amorem
378 3601 436 3637 non
455 3584 538 3638 deum
556 3584 699 3655 intellegit
718 3588 747 3640 et
761 3591 879 3641 5555111111
893 3585 935 3638 155
950 3582 1167 3651 5551551511115-

147 3660 207 3722 tur,
230 3659 263 3712 ut
285 3657 375 3711 filium
398 3656 580 3727 perinsigne
603 3659 754 3727 paternum
778 3656 908 3713 oriminis
922 3654 1107 3727 partidupem
1121 3666 1190 3703 5555

147 3728 218 3781 velit.
278 3728 407 3781 habeant
427 3727 470 3781 ed.
547 3735 583 3786 24
606 3733 735 3792 solentne
752 3731 819 3791 VR.
895 3736 933 3786 15
954 3734 1067 3786 oenum
1083 3717 1213 3777 otu-&-
