2725 4150
528 325 779 380 scrumosus
1125 331 1167 396 15

142 496 293 573 quomodo
322 494 418 554 Turni
447 498 477 554 et
504 494 648 555 Lauiniae
678 495 919 555 coniunctionem
948 495 1073 555 deorum
1100 517 1167 574 por·

141 588 226 645 tenta
254 586 429 644 distulerint
456 586 555 661 coepit
582 586 698 660 exponi.
745 585 849 661 arbor,
871 585 984 662 inquit,
1008 585 1087 645 lauri
1109 586 1168 646 fuit

140 678 174 735 in
195 675 401 752 penetralibus
423 674 538 733 mediis.
584 673 659 732 dicit
680 693 804 734 causam
827 675 976 751 quomodo
1000 675 1169 736 emersisset

141 766 190 824 vel
212 783 267 824 cur
288 765 321 822 in
344 763 546 840 penetralibus
569 763 677 822 fuisset
700 767 832 823 servata:
856 764 900 823 ait
922 782 1039 824 sacram
1061 765 1169 824 habuit

111 870 258 913 scemam
288 857 319 912 et
347 872 401 930 per
429 853 542 913 multos
573 871 667 912 annos
698 853 891 928 custoditam
921 854 1001 912 ultro
1029 855 1109 912 enim
1136 874 1167 914 se

140 944 323 1020 protulerat,
347 963 415 1001 cum
439 960 520 1001 arces
543 941 656 1019 primas
674 941 801 1001 Latinus
825 944 964 1021 erigeret,
986 942 1167 1020 perindeque

140 1051 202 1091 non
229 1033 328 1092 inanis
355 1032 416 1090 fuit
443 1031 631 1091 coniecturae
658 1032 790 1108 suspicio
819 1032 899 1107 quod
923 1032 1011 1091 arbor
1033 1032 1113 1092 lauri
1135 1034 1167 1091 in

140 1122 217 1197 ipsis
240 1120 443 1198 penetralibus
463 1120 547 1179 nullo
566 1125 747 1197 procurante
766 1122 943 1197 proveniens
962 1122 1078 1198 aliquid
1096 1122 1168 1181 boni

140 1212 341 1287 portenderet.
387 1209 516 1287 denique
544 1211 676 1286 primum
706 1229 741 1269 ex
769 1210 832 1269 eius
861 1210 1064 1287 appellatione
1087 1211 1166 1270 Lau·

94 1317 122 1356 ro
140 1303 239 1359 rentes
258 1299 335 1359 dixit
353 1299 482 1374 colonos,
501 1300 557 1359 hoc
576 1302 623 1359 est
641 1301 866 1374 commanentia,
881 1302 973 1375 atquc
991 1303 1028 1359 ut
1045 1301 1168 1360 haberet

141 1393 348 1466 conpetentem
385 1390 598 1463 reverentiam,
637 1389 715 1448 hanc
747 1388 884 1448 conditor
915 1389 1036 1450 Phoebo
1068 1409 1166 1450 sacra-

140 1483 239 1555 verat,
270 1498 330 1554 quo
358 1479 474 1537 factum
501 1481 548 1538 cst
571 1481 607 1537 ut
629 1478 735 1537 adulta
757 1481 788 1538 et
810 1477 1002 1537 veneratione
1026 1480 1168 1539 crevisset

141 1571 170 1626 et
197 1571 341 1645 tempore.
386 1568 475 1626 taius
500 1585 571 1640 apes
596 1585 743 1626 summum
767 1567 875 1626 densae
902 1567 1051 1640 (mirabile
1073 1568 1166 1642 duta)

140 1657 264 1716 stridore
297 1657 408 1731 inperiti
444 1653 590 1729 liquidum
626 1660 711 1716 trans
748 1657 866 1716 cethem
900 1660 997 1715 rectae
1033 1657 1167 1716 obsedere
1186 1669 1220 1718 65

95 1762 122 1802 rs
140 1747 253 1819 apicem
280 1750 308 1805 et
329 1747 455 1820 pedibas
475 1764 533 1819 per
554 1747 765 1805 mutuaberis
788 1763 908 1805 eramen
931 1747 1061 1804 subiicere
1082 1765 1166 1805 rareio

138 1835 292 1907 frondente
313 1835 464 1909 pependit:
496 1837 598 1895 exorto
621 1837 744 1912 repente
768 1853 861 1912 apum
885 1836 985 1913 siguo,
1005 1835 1085 1912 quod
1104 1837 1166 1896 sine

139 1944 251 2003 magna
288 1924 486 1984 admiratione
523 1924 620 1984 videri
654 1945 715 1985 non
752 1925 866 2001 potuit,
903 1926 1033 2002 suspicio
1070 1927 1168 1985 maior

140 2017 244 2075 exorta
276 2015 323 2074 est
355 2013 436 2091 quod
466 2013 566 2091 ipsum
598 2034 633 2072 cx
666 2015 783 2074 occulto
821 2015 924 2091 aliqua
960 2015 1063 2075 futura
1099 2034 1166 2092 por-

141 2101 303 2181 [icnderet,
340 2102 498 2180 quoniam]
537 2106 672 2163 cortinam
705 2109 799 2173 rates,
837 2105 886 2163 cui
921 2105 1083 2165 manifesta
1118 2125 1166 2164 res

94 2208 121 2248 ro
138 2193 253 2269 fuerat,
289 2196 440 2252 abraam
477 2194 635 2262 cermmcs,
673 2195 781 2266 inquil,
820 2194 979 2253 adventare
1011 2196 1110 2253 cirum·
1142 2199 1168 2253 ei

132 2284 235 2356 pariis
260 2287 358 2355 peiere
386 2300 491 2357 acmen
518 2283 634 2341 ecsdca
657 2283 799 2356 partibas
827 2300 861 2341 ee
885 2283 978 2341 isdem
1002 2288 1029 2341 et
1049 2302 1167 2343 samma
1187 2297 1220 2345 το

138 2372 321 2431 dominarier
349 2389 423 2430 arce.
465 2390 526 2430 non
554 2372 630 2430 dixit
657 2372 756 2431 virum
785 2371 932 2432 cernimus
964 2372 1052 2447 quasi
1081 2392 1165 2449 prae-

139 2464 268 2536 sentem,
304 2461 357 2520 sed
390 2461 470 2538 quod
504 2462 653 2520 cernimus
686 2465 841 2521 externum
872 2463 972 2521 virum
1004 2461 1165 2520 adventare

139 2550 304 2628 significat,
328 2552 358 2609 et
379 2553 416 2610 ut
437 2550 571 2609 firmaret
592 2551 670 2609 hanc
692 2551 791 2627 ipsam
814 2551 1028 2624 coniecturam,
1050 2549 1166 2608 addidit

95 2653 121 2693 ae
139 2658 174 2698 ex
204 2657 241 2699 ea
269 2642 356 2715 parte
387 2658 495 2717 agmen
526 2659 595 2699 cum
620 2640 687 2717 ipso
715 2641 875 2700 venturum
901 2658 961 2715 qua
984 2657 1054 2716 apes
1078 2659 1165 2699 vene-

139 2732 211 2788 rant
242 2731 273 2788 et
305 2747 439 2788 summae
472 2729 548 2790 arcis
581 2729 748 2788 dominium
783 2731 977 2791 retenturum.
1032 2748 1097 2789 eece
1129 2729 1165 2789 de

139 2836 269 2894 persona
290 2818 503 2894 pronuntiavit
525 2821 556 2877 et
574 2838 609 2877 ex
629 2838 690 2895 qua
708 2821 794 2896 parte
814 2837 881 2877 cum
899 2820 1019 2897 agmine
1038 2821 1166 2880 ventura

140 2910 219 2967 esset
241 2906 374 2967 ostendit
397 2910 487 2984 atque
511 2908 702 2967 obtenturam
723 2907 756 2966 in
778 2908 872 2967 Italia
890 2927 1039 2969 summam
1057 2930 1165 2968 rerum.
1228 2927 1230 2931 ³

135 3001 305 3069 practerea,
347 2998 436 3057 cadis
476 2998 573 3057 adolet
612 2996 684 3054 dura
724 2997 835 3057 altaria
876 2999 969 3057 taedia
1013 3003 1040 3057 et
1081 3000 1165 3057 iuxta

98 3087 297 3160 rependerem
326 3086 425 3145 adstat
451 3086 586 3146 Lacinia
614 3086 709 3161 eirpo,
739 3088 806 3146 risa
836 3087 950 3161 (nefas)
979 3088 1072 3161 bacis
1100 3105 1165 3146 eorr-

213 3296 227 3343 1
247 3289 400 3346 demamV
417 3293 449 3345 irc
467 3292 540 3346 decr.
556 3292 599 3344 ed.
673 3298 689 3347 5
708 3292 818 3348 aitroV
837 3294 904 3348 vitio
923 3292 977 3346 edI
999 3294 1072 3346 intro
1093 3292 1164 3345 edF.

141 3367 156 3415 ‘1
179 3363 379 3417 coniurwtrrae
401 3362 445 3416 ed.
523 3367 538 3415 9
560 3364 748 3431 praeteMmt
770 3364 813 3417 ed.
888 3369 920 3416 12
940 3363 1039 3418 adalta
1057 3362 1121 3417 etV
1141 3371 1166 3418 et

141 3448 194 3487 om.
212 3434 256 3489 ed.
313 3438 347 3487 18
361 3450 416 3503 por
434 3450 498 3487 cum
516 3434 619 3487 lacuna
639 3434 801 3504 quindecim
820 3434 979 3488 litterarum
993 3432 1027 3487 V:
1046 3435 1163 3502 explevi.

141 3509 174 3558 19
194 3521 239 3561 rea
255 3505 352 3575 faceat
368 3503 394 3558 V
411 3522 455 3560 res
471 3507 566 3573 sacrat
587 3522 638 3560 noe
661 3506 851 3573 cai-fuerat
873 3522 926 3559 om.
946 3505 990 3558 ed.
1064 3510 1098 3559 20
1121 3507 1164 3560 irr-

141 3577 200 3643 quit
217 3578 355 3631 cernimus
372 3575 406 3629 V.
484 3582 518 3630 22
542 3593 605 3632 arce
626 3594 684 3633 coa
702 3577 814 3634 diaitll
834 3592 923 3649 supra
940 3576 1050 3632 omissa
1066 3580 1100 3631 ab
1115 3576 1181 3629 alia

133 3646 318 3784 οῗέῗὲᾟζ
333 3646 377 3771 5¹¹
461 3654 496 3704 2⁶
524 3667 604 3709 arces
629 3652 790 3711 mirica
810 3651 838 3709 v
868 3653 945 3710 uras
972 3650 1125 3706 mazaca
1149 3645 1201 3699 aa.

191 3755 197 3766 ¹
254 3758 260 3769 ι
317 3735 333 3770 S
345 3760 350 3769 .
