2725 4150
546 313 796 370 nummosvu
1135 315 1179 382 25

159 486 280 543 iuvenes
300 499 441 556 mwoquc
461 483 613 543 subibant:
648 501 717 542 cum
741 483 815 542 haec
837 485 941 562 ageret
961 481 1092 558 Aeneas,
1118 483 1181 543 iam

159 572 255 652 legati
282 574 326 632 sic
353 571 542 633 coniecerant
566 574 633 647 iter,
660 576 696 632 ut
723 573 858 632 viderent
883 572 1061 632 Latinorum
1088 573 1180 634 turris

160 667 191 723 et
213 663 372 722 domorum
396 664 484 721 tecta.
527 661 620 720 turris
647 661 788 721 viderunt
813 661 924 738 primo,
951 681 1029 738 quae
1058 663 1180 722 altiores

159 753 295 826 fuerunt,
319 769 388 811 oum
410 769 480 810 vero
509 750 663 828 propiores
687 751 888 826 efficerentur,
911 751 1051 810 viderunt
1070 754 1101 811 et
1129 752 1180 811 do·

128 859 140 898 s
159 861 279 901 morum
295 843 384 900 tecta
415 859 561 916 muroque
579 840 730 915 subibant,
747 840 805 900 hoo
823 843 869 899 ost
887 840 926 899 ad
943 841 1044 917 ipsum
1061 861 1182 900 murum

159 932 223 990 iam
246 932 407 1007 coeperant
433 931 598 1007 pervenire.
644 929 823 989 describitur
848 929 910 988 iam
937 932 1073 989 veterum
1099 931 1180 989 inco·

160 1023 261 1079 larum
283 1037 348 1080 mos
371 1019 566 1095 studiumque
588 1019 734 1078 bellandi:
761 1019 865 1078 multis
893 1020 973 1078 enim
995 1019 1067 1079 locis
1091 1022 1182 1096 poeta

161 1111 297 1170 adsumit
326 1127 465 1185 asperam
496 1127 558 1168 esse
591 1108 678 1168 bellis
705 1108 828 1168 Italiam
855 1110 887 1167 et
913 1108 952 1168 ad
979 1126 1065 1168 arma
1092 1108 1181 1168 facile

160 1202 383 1277 properantem,
397 1197 535 1274 denique,
549 1200 586 1256 ut
597 1217 693 1257 unum
712 1198 748 1257 de
766 1198 870 1257 multis
890 1198 993 1257 demus
1014 1199 1182 1275 exemplum

116 1305 141 1343 ro
160 1283 206 1369 (4,
222 1280 316 1369 227),
340 1306 424 1363 „non
446 1286 547 1361 illum,
574 1287 687 1363 inquit,
714 1287 799 1347 nobis
823 1287 959 1365 genetrix
981 1288 1182 1364 pulcherrima

161 1379 255 1437 talem
282 1376 422 1453 promisit
449 1374 635 1454 Graiumque
663 1376 731 1435 ideo
761 1375 808 1436 bis
836 1375 971 1435 vindicat
994 1378 1099 1451 armis,
1131 1377 1183 1437 sod

161 1468 225 1526 fore
254 1466 307 1543 qui
335 1465 492 1544 gravidam
521 1465 655 1542 imperiis
682 1466 821 1542 belloque
854 1465 1029 1525 frementem
1060 1466 1184 1526 Italiam

162 1554 310 1635 regeret“.
342 1554 452 1615 idcirco
471 1555 609 1615 hocloco
628 1555 746 1614 virilem
765 1554 910 1614 Italorum
931 1572 1034 1613 sexum
1053 1555 1185 1614 ostendit

161 1648 225 1705 iam
246 1644 316 1703 inde
336 1663 354 1702 a
372 1645 474 1721 pueris
498 1645 598 1704 studio
622 1646 748 1704 exerceri
768 1644 900 1719 virtutis,
919 1643 1045 1720 denique
1064 1645 1107 1703 sic
1127 1645 1183 1702 ait:

117 1740 231 1794 neate
259 1735 361 1792 urbem
388 1735 478 1807 paeri
509 1738 536 1791 et
564 1735 715 1808 primaeuo
747 1736 819 1806 flore
849 1735 985 1792 inventus
1017 1738 1185 1792 exerceatur

162 1825 244 1897 equa
268 1823 465 1896 domiwntque
491 1823 524 1880 ta
547 1823 669 1896 patuere
699 1841 813 1882 curras.
859 1823 1072 1882 exercebantur
1098 1823 1184 1900 equis

163 1916 218 1973 aut
240 1931 343 1971 eorum
367 1912 455 1971 dorso
478 1911 604 1987 inpositi
623 1914 675 1971 aut
694 1912 824 1973 habenas
847 1914 1009 1973 retinentes
1032 1912 1064 1971 in
1087 1933 1185 1972 curru.

162 2005 194 2061 in
230 2003 355 2079 pulvere
395 2002 508 2079 inquit,
546 2002 619 2078 quia
652 2001 716 2060 illio
753 2002 858 2062 iuncta
896 2002 1040 2062 animalia
1077 2004 1184 2062 melius

162 2094 324 2152 domantur
354 2091 408 2150 nbi
439 2091 592 2151 difficilior
618 2094 734 2151 tractus
768 2095 821 2152 est.
872 2097 924 2151 aut
955 2094 1034 2151 acris
1065 2094 1187 2152 tendant

119 2200 144 2238 ιο
163 2200 252 2241 arcus
275 2186 329 2241 aut
351 2182 429 2240 lenta
452 2181 568 2240 lacertis
590 2182 706 2253 spicata
729 2186 926 2253 contorquent:
954 2181 1007 2240 alii
1030 2182 1185 2242 mittendis
1196 2190 1247 2240 165

162 2270 284 2349 sagittis
303 2290 426 2346 operam
444 2269 566 2344 dabant,
580 2270 635 2328 alii
652 2274 689 2329 ut
705 2271 828 2330 hastilia
846 2271 1000 2330 mitterent
1013 2272 1184 2331 meditando

163 2360 327 2421 discebant.
374 2377 518 2433 cursuque
540 2360 655 2432 ictuque
678 2361 838 2419 lacessunt:
860 2360 1065 2436 provocabant
1083 2379 1114 2419 se
1133 2361 1186 2419 alii

162 2454 199 2509 ut
217 2468 307 2509 cursu
325 2449 538 2508 contenderent
552 2452 605 2508 aut
617 2448 689 2508 ictu.
723 2448 818 2508 ictum
831 2467 989 2526 possumus
1003 2448 1185 2526 intellegere,

164 2559 224 2599 non
246 2543 283 2597 ut
304 2537 430 2597 ferirent
459 2537 653 2612 seinvicem,
677 2538 730 2597 sed
756 2541 792 2597 ut
815 2538 965 2597 destinata
987 2539 1185 2612 percuterent.

121 2644 146 2683 as
163 2631 237 2688 haec
256 2628 359 2687 omnia
376 2629 574 2687 certaminum
593 2648 703 2706 genera
720 2627 830 2686 idcirco
848 2646 908 2685 usu
926 2631 957 2685 et
975 2626 1186 2687 exercitatione

165 2718 332 2791 discebant,
355 2719 392 2776 ut
413 2717 492 2777 veris
515 2716 602 2776 bellis
625 2721 656 2776 et
678 2735 766 2775 verae
790 2716 977 2775 dimicationi
998 2716 1186 2792 proficerent.

165 2825 273 2884 pueros
306 2806 383 2865 dixit
415 2811 445 2866 et
475 2806 597 2865 iuvenes
629 2806 676 2864 his
709 2805 817 2865 studiis
849 2805 942 2865 fixisse
973 2808 1119 2883 intentos,
1151 2827 1186 2866 ex

166 2896 305 2956 omnibus
328 2897 422 2974 igitur
445 2915 522 2973 quae
549 2895 686 2969 iuvenes,
714 2913 790 2971 quae
818 2896 904 2972 pueri
931 2899 1074 2974 gererent.
1121 2915 1187 2955 cum

162 2989 336 3059 marcentes
368 3002 438 3058 equo
466 2986 600 3058 buymet
626 2986 703 3058 reris
731 2984 771 3043 ud
798 2986 883 3044 curis
911 2987 1035 3045 nautius
1061 2987 1187 3060 inuentis

127 3090 151 3130 eo
166 3077 265 3149 mota
292 3076 326 3133 tn
352 3078 428 3133 ueste
454 3078 584 3147 reponat
610 3074 764 3133 ademisse
793 3076 887 3133 utros:
919 3076 981 3135 fuit
1008 3077 1124 3135 occasio
1152 3078 1187 3133 ut

168 3182 205 3223 ex
226 3164 289 3224 illis
313 3164 365 3240 qni
388 3163 473 3239 equis
497 3163 713 3223 exercebantur
738 3167 915 3240 praevectus
939 3183 1030 3241 equo,
1056 3166 1113 3223 hoc
1141 3166 1187 3223 est

169 3258 237 3313 ante
269 3253 388 3330 legatos
420 3254 459 3311 ad
490 3266 591 3331 regern
626 3257 742 3328 vectus,
776 3256 931 3313 nuntiaret
960 3256 1040 3313 viros
1070 3254 1187 3313 venisse

169 3342 299 3421 ingentis
322 3344 354 3400 et
375 3341 480 3419 ignota
503 3345 599 3417 veste,
623 3344 666 3417 et,
691 3344 763 3419 quia
785 3343 924 3402 turbatus
942 3344 1099 3418 repentino
1118 3360 1186 3401 con-

171 3436 273 3507 spectu
300 3451 354 3508 pro
385 3432 532 3508 qualitate
563 3431 657 3490 animi
687 3431 734 3491 sui
763 3431 924 3491 nuntiabat
953 3450 1030 3508 quae
1060 3432 1187 3508 viderat,

170 3553 382 3562 *—

240 3636 553 3706 eruaeVruodee.
628 3644 659 3694 11
687 3637 1041 3697 taem...uuueeu.
1114 3637 1216 3690 rea

164 3720 210 3756 orn,
231 3706 257 3758 V·
329 3711 368 3757 17
382 3710 501 3774 repositi
515 3711 560 3766 ed.
641 3718 677 3769 29
694 3721 851 3788 prociona
869 3717 916 3787 let
932 3712 1026 3785 intrat
1046 3710 1097 3767 ed.
