2725 4150
523 335 708 392 AENEIDOS
722 335 788 391 VIII
1103 337 1167 404 143

147 506 307 584 epularum
329 524 422 583 genus
446 507 577 566 excusat.
608 503 723 567 sciebat
745 502 825 564 enim
844 505 952 580 quibus
972 505 1168 582 apparatibus

147 599 251 656 tantus
280 596 387 672 hospes
419 594 525 673 excipi,
542 594 706 670 debuisset,
736 595 762 654 si
788 614 850 657 non
873 594 1031 654 obsisteret
1053 595 1101 653 lex
1123 593 1168 653 in·

148 685 256 746 stituta
274 703 437 744 sacrorum.
460 687 491 744 et
513 703 599 744 sacra
615 685 685 758 ista,
703 683 814 761 inquit,
833 686 863 742 et
881 684 1038 760 epularum
1056 701 1169 743 rnorem

148 778 178 834 et
201 794 286 834 aram
309 794 401 851 quam
424 775 519 835 cernis
543 794 604 833 non
626 774 725 833 inanis
749 774 798 833 vel
820 772 947 833 rationis
971 791 1074 849 expers
1103 791 1169 850 per·

117 865 278 942 sindeque
308 863 476 942 superfluus
505 864 582 923 ritus
612 865 668 922 aut
698 882 780 923 error
802 861 937 939 inposuit
965 865 1088 940 patrum
1115 879 1170 920 neo

148 954 233 1015 falsis
266 955 320 1012 aut
352 952 450 1013 dubiis
482 952 703 1012 adsertionibus
736 949 875 1011 ducimur
900 955 935 1014 ut
963 952 1095 1011 colamus
1124 952 1169 1009 in·

149 1043 271 1120 cognita
298 1044 352 1102 aut
378 1041 478 1102 minus
505 1042 634 1119 probata
659 1060 884 1118 persequamur.
929 1040 1060 1101 vidimus
1082 1040 1169 1100 bene·

147 1132 216 1191 ficia
252 1130 342 1190 huius
375 1131 424 1190 dei
456 1133 486 1189 et
517 1127 571 1208 per
601 1129 702 1207 ipsum
734 1150 794 1189 non
826 1128 956 1204 levibus,
988 1130 1041 1190 sed
1073 1130 1170 1190 saevis

147 1220 288 1298 periculis
312 1239 416 1280 sumus
439 1219 570 1280 liberati.
606 1218 732 1296 proinde
754 1219 828 1280 haec
850 1239 905 1295 pro
929 1222 1032 1280 nostra
1054 1238 1170 1280 conser-

104 1309 270 1371 roratione
299 1309 487 1369 condidimus
516 1311 663 1386 tantaque
692 1308 763 1367 huic
792 1307 908 1368 numini
937 1328 992 1385 pro
1015 1309 1171 1386 praestitis

148 1398 275 1458 debetur
296 1400 465 1474 veneratio,
492 1401 529 1458 ut
556 1398 717 1475 quotannis
745 1399 894 1457 noventur
920 1396 981 1457 ista
1004 1397 1171 1472 sollemnia,

148 1509 185 1547 ne
218 1489 289 1547 ullis
322 1488 477 1548 obscurari
508 1487 694 1566 temporibus
725 1486 851 1564 possint.
896 1485 1006 1564 incipit
1033 1487 1096 1546 iam
1125 1506 1170 1545 re·

149 1576 294 1652 spondere
325 1577 488 1655 propositis
520 1579 582 1638 suis
613 1580 643 1637 et
675 1575 809 1654 apertius
841 1575 951 1635 referre
984 1576 1056 1652 quid
1094 1578 1172 1636 esset

150 1664 256 1741 saevis,
278 1667 385 1744 hospes
404 1668 543 1742 Troiane,
561 1667 681 1744 periclis
701 1666 813 1726 servati
831 1665 968 1740 facimus,
985 1663 1170 1742 perindeque

104 1757 312 1832 recognoscat
340 1776 400 1818 non
429 1755 561 1817 inaniter
590 1756 705 1816 dictum
734 1756 867 1816 meritos.
912 1753 1094 1832 meritosque
1118 1773 1170 1813 no·

148 1863 254 1905 ramus
277 1845 416 1905 honores:
439 1864 550 1905 novare
573 1847 633 1921 est,
655 1846 692 1903 ut
713 1863 805 1922 supra
828 1843 971 1919 diximus,
998 1843 1170 1922 replicando

147 1936 251 1995 vetera
274 1935 426 2010 quandam
449 1935 547 1994 facere
570 1935 739 1995 novitatem
761 1933 870 1994 etheo
897 1934 986 1993 modo
1015 1933 1170 1993 excludere

148 2023 310 2085 vetustatis
328 2023 483 2100 invidiam,
502 2042 579 2102 quae
597 2023 695 2086 multa
712 2043 766 2102 per
784 2023 1012 2085 desuetudinem
1030 2023 1171 2085 obscurat

149 2133 184 2173 ac
202 2114 293 2173 tollit.
322 2116 385 2173 tam
398 2115 532 2187 ortmann
549 2115 632 2174 scats
649 2131 826 2187 suspensam
848 2115 925 2173 banc
943 2115 1041 2187 aspice
1058 2130 1170 2187 rupero,
1182 2125 1234 2176 190

104 2221 131 2263 ro
148 2204 285 2262 disiectae
309 2204 416 2276 procul
442 2208 476 2261 at
501 2204 591 2263 ewice
613 2204 783 2276 canaque
809 2204 917 2263 cuntis
939 2206 998 2263 stat
1020 2203 1124 2262 doram
1147 2206 1173 2261 et

149 2292 261 2363 scopuli
282 2293 428 2366 iacentem
450 2296 565 2352 traxere
587 2293 723 2352 recinam:
747 2294 909 2368 antequam
927 2292 1043 2352 factum
1061 2292 1172 2351 diceret

150 2381 231 2456 quod
260 2400 333 2441 aevo
364 2384 500 2441 currente
530 2382 693 2442 transierat
723 2384 753 2440 et
783 2381 848 2441 sola
877 2383 998 2458 poterat
1026 2381 1172 2440 relatione

150 2472 303 2547 cognosci,
333 2470 464 2548 primum
494 2470 593 2548 eoepit
622 2490 641 2530 a
665 2472 756 2546 teste,
785 2472 821 2529 ut
850 2489 886 2529 ex
913 2488 947 2529 eo
971 2469 1053 2546 quod
1077 2467 1171 2528 oculis

150 2560 325 2619 subiacebat
347 2560 419 2619 fides
443 2560 581 2620 accedere
603 2562 706 2636 posset
730 2559 849 2618 auditis.
893 2560 1040 2635 primum,
1063 2558 1172 2635 inquit,

105 2664 131 2705 re
149 2650 206 2708 hoc
229 2652 275 2709 est
298 2651 461 2726 antequam
486 2649 593 2709 audias
620 2667 741 2709 cursum
763 2668 863 2707 rerum
886 2649 1049 2725 gestarum,
1066 2665 1172 2723 rupem

149 2738 227 2796 hano
265 2740 365 2815 aspice
401 2757 492 2815 quam
522 2740 602 2798 saxis
632 2738 706 2798 fecit
734 2739 845 2796 natura
875 2735 1068 2813 pendentem:
1104 2734 1172 2796 vide

151 2828 288 2904 scopulos
310 2829 468 2887 ruinarum
491 2828 644 2889 eversione
672 2825 826 2901 disiectos,
854 2825 986 2885 solitudo
1013 2824 1077 2886 illic
1103 2825 1172 2885 hor·

150 2917 242 2975 rende
270 2919 316 2975 est
342 2917 545 2977 memorabilis
573 2916 647 2976 facti
675 2916 740 2976 sola
768 2915 894 2974 durante
922 2914 1073 2976 memoria.
1127 2916 1174 2976 bc'c

149 3006 290 3077 spelunca
320 3006 381 3078 fati
409 3010 492 3066 casto
524 3009 669 3065 eromuota
700 3022 816 3064 recessu
851 3005 1050 3065 semibomtcr's
1088 3003 1173 3066 Occi:

105 3095 250 3171 aequalis
275 3094 355 3154 enim
377 3094 508 3156 semiferi
529 3094 690 3171 praedonis
713 3091 863 3156 habitatio
892 3114 955 3156 esse
983 3094 1088 3155 debuit
1114 3094 1173 3153 nisi

150 3185 281 3258 occulta,
314 3185 450 3261 grandis,
481 3186 600 3244 munita
631 3183 766 3244 naturali
798 3203 887 3262 opere
924 3203 960 3244 ao
995 3180 1172 3243 tenebrosa?

223 3378 238 3426 5
262 3377 350 3428 terror
367 3371 394 3426 V
415 3373 458 3427 ed.
482 3388 558 3429 error
578 3389 637 3427 nos.
712 3377 746 3427 14
768 3373 864 3442 hospes
885 3372 1005 3428 Troiane
1028 3387 1081 3425 om.
1102 3370 1144 3425 ed.
1167 3369 1170 3441 Ι

150 3444 216 3498 ante
246 3445 414 3513 perindeque
441 3450 585 3515 commeent
606 3442 632 3498 V
655 3443 699 3498 ed.
732 3444 827 3498 nescio
855 3459 891 3498 an
919 3442 1021 3497 lacuna
1047 3441 1173 3496 notanda

148 3514 248 3568 fuerit:
281 3518 336 3582 „ut
364 3515 516 3571 edoceatur
542 3516 684 3570 lenense,
707 3515 753 3569 vel
779 3514 871 3574 slmile
898 3513 1007 3582 aliquid
1035 3514 1172 3568 desidero.

151 3592 184 3639 15
212 3588 323 3642 meritos
350 3604 404 3643 orn.
430 3588 474 3643 ed,
554 3591 587 3640 19
615 3588 673 3642 tam
696 3587 807 3655 pridem
829 3584 863 3653 V,
892 3586 942 3641 sed
969 3586 1026 3640 tom
1049 3586 1174 3654 primam

151 3657 317 3725 explicatur.
391 3664 426 3714 24
441 3660 534 3729 possit
555 3658 599 3714 ed.
673 3663 709 3715 ab
732 3659 804 3729 facit
826 3657 874 3715 ed.
897 3656 913 3732 t
936 3656 999 3713 ctat
1017 3653 1183 3725 scapum

147 3744 215 3780 corr.
235 3729 278 3783 ed.
