2725 4150
557 318 742 374 AENEHIOS
755 319 821 374 VIII
1138 322 1201 387 179

184 489 226 549 sic
254 488 407 547 Vulcanus
438 506 558 546 exorsus
589 490 635 547 est
664 488 777 547 dicens:
824 488 911 547 tolle'te
942 493 1059 557 cando,
1098 489 1201 560 loquat,

183 583 348 652 coeptasque
371 579 483 649 casote
507 577 632 646 labores,
656 575 782 636 Aetreoer'
806 575 955 652 Cyclopea,
979 581 1005 635 et
1026 579 1082 636 tac
1100 578 1264 639 adver-440

183 670 231 726 tite
261 671 393 725 merrtem.
449 669 570 741 cuncta,
602 666 659 724 hoc
691 668 737 725 est
767 667 906 726 universa
939 685 1015 742 quae
1047 666 1203 742 speciatim

183 756 318 833 superius
348 756 535 814 enumeravit
565 755 657 814 fixisse
683 754 715 813 in
744 755 882 815 manibus
914 755 1085 832 Cyclopum.
1136 774 1202 815 ecce

144 862 156 903 a
183 848 313 922 quantus
337 846 426 904 ardor
448 844 620 920 perficiendi
643 863 721 920 quae
739 865 814 904 uxor
832 846 1039 922 postulaverat
1056 845 1118 904 filio
1138 864 1202 905 suo.

182 935 322 994 iubentur
349 933 450 993 omnia
479 935 626 992 removeri
654 952 709 993 nec
738 934 846 993 saltem
873 952 1000 1010 persona
1022 934 1102 994 Iovis
1126 935 1203 993 exci-

183 1026 265 1100 pitur
295 1023 349 1100 qui
378 1024 501 1083 deorum
530 1023 663 1082 omnium
692 1024 825 1082 retentat
853 1023 1021 1100 imperium.
1077 1041 1203 1099 cumque

183 1113 395 1189 adloqueretur
418 1111 563 1188 Cyclopes
590 1114 621 1171 et
647 1112 827 1171 removenda
853 1113 992 1172 universa
1019 1112 1205 1189 praeciperet

183 1205 213 1260 et
230 1202 405 1262 remotionis
423 1201 518 1277 ipsius
537 1219 642 1260 causas
661 1205 779 1260 mutare
797 1205 953 1279 cogeretur
970 1204 1001 1261 et
1019 1201 1124 1279 dicere,
1143 1221 1203 1262 non

129 1309 155 1347 1o
182 1291 265 1367 prius
280 1291 398 1367 aliquid
411 1290 541 1366 protulit
555 1309 645 1366 quam
659 1290 881 1351 commendaret
894 1292 1039 1351 attentius
1054 1291 1203 1351 audienda

183 1400 259 1457 quae
287 1382 387 1439 fuerat
413 1381 601 1439 narraturus.
646 1379 796 1439 Aetnaeos
820 1378 963 1456 Cyclopes
991 1380 1089 1439 laudis
1112 1399 1203 1441 causa

183 1469 297 1545 posuit3
320 1471 377 1528 hoc
401 1468 480 1527 enim
502 1469 550 1527 illi
572 1469 684 1528 honore
707 1469 924 1547 gloriabantur.
965 1469 1069 1528 debuit
1092 1470 1203 1546 quippe

183 1559 239 1617 hoc
262 1578 368 1636 genere
391 1559 482 1617 etiam
505 1557 659 1618 benivolos
683 1557 793 1632 facere,
816 1560 852 1616 ut
873 1559 982 1618 lenitas
1005 1558 1106 1618 laudis
1134 1577 1203 1619 auc·

183 1648 338 1706 toritatem
366 1647 496 1706 iubentis
527 1647 687 1707 attolleret
743 1665 829 1706 armo
861 1649 924 1707 cori
954 1648 1095 1721 faciendo
1124 1649 1204 1707 or'ro:

131 1752 156 1792 15
185 1757 275 1812 quarn
298 1737 357 1796 cito
380 1740 411 1795 et
433 1736 507 1812 quid
528 1735 594 1795 fieri
616 1738 768 1813 oporteret
791 1736 868 1796 dixit
890 1740 921 1796 εὴ
937 1738 1042 1815 tetigit
1059 1737 1130 1796 licet
1148 1736 1204 1796 sub

184 1826 380 1903 generalitate
402 1844 561 1903 personam
584 1824 723 1886 adserens
743 1845 849 1901 acrem,
868 1826 952 1885 utin
972 1845 1006 1885 eo
1026 1827 1204 1903 exprimeret

184 1915 289 1991 quaIIa
312 1934 395 1974 arma
417 1915 483 1974 fieri
505 1916 690 1975 conveniretl
713 1915 828 1975 interea
852 1934 919 1975 cum
936 1916 1010 1975 haec
1032 1916 1204 1993 loqueretur

184 2008 214 2063 et
227 2004 406 2064 removenda
419 2004 561 2064 universa
574 2005 733 2064 mandaret
746 2007 777 2064 et
794 2005 968 2065 remotionis
986 2005 1083 2084 ipsine
1097 2024 1203 2066 causas

184 2094 321 2168 ecferret,
354 2094 435 2171 quod
467 2098 613 2154 secretum
643 2096 724 2154 inter
756 2114 786 2154 se
816 2099 847 2154 et
875 2115 999 2154 uxorem
1028 2114 1115 2155 suam
1144 2097 1204 2155 fuit

130 2200 157 2238 ao
182 2184 339 2244 brevitatis
362 2183 479 2243 ratione
502 2184 609 2244 ductus
633 2184 723 2243 simul
747 2187 777 2244 et
799 2184 923 2261 pudoris
947 2186 994 2244 sui
1021 2203 1113 2244 causa
1136 2203 1204 2244 con·

183 2274 266 2332 texit.
298 2276 386 2349 turpe
405 2274 485 2332 enirn
507 2274 566 2331 fuit
589 2273 686 2333 dicere
710 2277 740 2332 et
762 2274 836 2334 satis
859 2275 1023 2350 prolixum:
1044 2293 1119 2334 uxor
1137 2293 1204 2333 mea

182 2362 271 2438 petiit
292 2366 329 2421 ut
350 2362 412 2420 filio
436 2362 499 2422 eius
523 2382 606 2421 arma
628 2363 752 2436 faciam,
774 2362 885 2422 idcirco
909 2366 990 2437 veni,
1013 2382 1049 2421 ne
1069 2362 1203 2422 animum

181 2453 278 2528 ipsius
307 2451 438 2526 laedam,
469 2453 496 2511 si
525 2471 584 2510 non
612 2453 709 2511 fecero
737 2454 792 2510 aut
813 2452 929 2511 tardius
952 2452 1057 2511 fecero.
1103 2452 1204 2511 omnia

182 2541 277 2619 igitur
303 2542 414 2617 pressit
439 2559 493 2600 nec
514 2540 661 2599 Venerem
688 2542 721 2599 in
748 2560 783 2600 eo
805 2560 859 2599 nec
881 2540 1004 2599 Aenean
1026 2540 1203 2616 nominavit,

129 2645 154 2685 25
182 2651 218 2689 ne
241 2630 274 2689 in
298 2649 389 2689 causa
406 2629 548 2708 privigni,
566 2631 620 2705 qui
638 2630 667 2688 ei
684 2650 740 2708 per
756 2630 927 2689 naturalem
944 2629 1094 2688 malitiam
1116 2648 1202 2689 carus

182 2738 245 2779 esse
268 2738 328 2778 non
351 2718 465 2795 potuit,
487 2719 625 2777 uxorium
648 2738 680 2778 se
702 2718 799 2796 magis
818 2718 988 2778 ostenderet
1006 2720 1036 2777 et
1054 2718 1203 2793 probaret

184 2812 228 2867 ait
250 2808 358 2886 igitur:
382 2811 428 2867 est
451 2810 499 2867 vir
521 2827 589 2867 acer
611 2810 661 2867 cui
684 2809 752 2867 volo
776 2827 860 2867 arma
882 2807 955 2866 fieri.
1000 2808 1100 2867 virum
1117 2807 1203 2883 dixit,

183 2898 304 2973 qualem
326 2899 359 2955 in
381 2899 513 2956 themate
535 2898 638 2973 posuit
661 2896 761 2957 dicens
785 2916 892 2972 „arma
914 2896 1072 2974 virumque
1091 2896 1202 2973 cano“;

182 2989 247 3047 viro
272 2988 351 3045 enim
375 2985 467 3045 etiam
488 2987 628 3046 hocloco
648 2985 738 3060 dixit,
756 3005 817 3045 non
835 2986 871 3043 nt
889 3005 992 3046 sexum
1011 2986 1202 3065 significaret,

137 3092 163 3131 ao
183 3075 235 3135 sed
266 3077 408 3135 meritum
439 3075 577 3135 laborum
614 3074 676 3134 eius
715 3077 745 3135 et
781 3075 922 3151 corporis.
976 3075 1105 3153 denique
1142 3077 1204 3135 acri

183 3165 313 3239 addidit,
331 3167 367 3223 ut
385 3164 554 3225 ostenderet
572 3164 697 3242 dignum
715 3184 803 3241 quem
816 3164 881 3241 ipse
894 3165 1049 3225 Vulcanus
1064 3167 1203 3239 armaret,

182 3261 218 3313 nt
245 3255 352 3313 merito
382 3253 536 3314 videretur
565 3253 674 3313 dixisse
705 3257 812 3314 cuncta
844 3258 876 3314 et
907 3255 1003 3315 omnis
1036 3255 1072 3313 de
1104 3254 1202 3313 medio

255 3430 271 3478 5
286 3441 340 3493 pro
353 3425 412 3491 filio
430 3425 474 3477 ed.
524 3430 538 3477 7
557 3425 655 3479 reticet
668 3422 712 3478 ed.
759 3428 774 3477 9
793 3430 900 3479 matare
914 3431 1052 3494 reperetur
1065 3422 1202 3478 edicereV

182 3514 217 3550 m.
232 3513 254 3550 c.
270 3502 296 3551 et
310 3496 398 3551 dicere
416 3512 467 3548 nos
484 3501 603 3550 mutaret
616 3501 642 3550 et
657 3512 679 3549 c.
694 3496 797 3550 edicere
815 3494 859 3550 ed.
915 3500 948 3549 10
966 3495 1164 3550 commendaret
1176 3492 1203 3546 V

182 3574 301 3622 moneret
314 3568 358 3620 ed.
410 3572 442 3620 17
461 3568 527 3621 haec
544 3583 597 3620 om.
613 3566 657 3621 ed.
709 3572 744 3620 20
762 3568 891 3621 brevitate
904 3568 1022 3621 rationes
1035 3564 1141 3620 Vcorr.
1158 3565 1201 3620 ed.

183 3644 218 3691 24
241 3641 363 3707 praescit
384 3636 410 3690 V
435 3639 566 3705 expressit
590 3636 634 3690 ed.
713 3643 747 3693 29
772 3640 834 3695 ciro
859 3636 975 3694 eath
1006 3639 1103 3691 etrum
1125 3652 1152 3687 e.
1172 3635 1224 3685 eo.

181 3715 217 3761 30
232 3712 358 3763 laborem
376 3726 429 3763 orn.
445 3708 489 3764 ed.
565 3714 600 3765 32
620 3717 728 3770 emoto
739 3711 764 3769 V
783 3712 831 3770 ed.
850 3710 1041 3767 desideratur
1054 3705 1164 3763 totlete.

1037 3810 1095 3867 tt*
