2725 4150
169 359 236 425 432
455 353 596 409 DONATI
613 351 784 408 INTERPR.
798 351 906 407 VERG.

169 543 237 584 eum
259 525 415 600 praesente
439 521 505 600 agit
531 540 667 596 eausam,
697 522 732 579 ut
760 520 840 598 quod
865 520 918 582 ille
945 518 1136 598 praeferebat
1160 520 1195 578 in

170 633 233 675 sese
260 613 293 673 id
318 613 376 673 iste
399 611 481 671 facta
503 610 626 671 viatoris
655 612 686 669 et
712 609 786 670 vieti
813 609 1026 692 conparatione
1054 607 1194 670 deiceret

169 703 196 762 si
213 722 289 777 una,
306 700 420 792 inquit,
438 719 492 760 vos
512 700 675 777 eademque
695 700 778 760 aetas
799 701 830 759 et
847 698 939 759 robur
952 697 1086 775 eorporis
1099 698 1194 759 habu·
1250 744 1253 749 -

168 793 254 863 isset,
283 793 408 868 tropaeo
435 791 489 849 tuo
515 791 644 849 istorum
670 807 811 850 numeros
834 789 1001 848 cumulares
1025 789 1118 865 atque
1141 788 1194 849 ille

169 881 284 941 viveret
312 899 346 939 aa
372 882 426 938 tuo
455 896 574 956 quoque
600 876 727 937 interitu
755 878 965 955 triumpharet.
1010 876 1063 936 sed
1088 876 1195 950 insede
1225 895 1238 936 u

170 971 298 1030 Teucros
321 968 392 1043 quid
414 968 547 1027 demoror
565 967 678 1026 armis?
702 967 768 1044 ipse
789 966 982 1045 reprehendit
998 965 1195 1042 multiloquia

170 1078 239 1134 rua,
267 1076 345 1134 quae
368 1056 470 1116 dolore
498 1059 622 1134 augente
648 1055 814 1133 urgebatur
837 1056 1000 1130 effundere3
1027 1056 1058 1115 et
1079 1074 1194 1130 revera,

170 1167 239 1229 aum
267 1147 299 1204 in
322 1146 483 1222 pathetieis
510 1145 609 1205 brevis
637 1163 701 1205 asae
724 1144 832 1205 debeat
854 1163 950 1205 sermo
976 1145 1042 1222 ipse
1065 1162 1194 1222 quoque,

169 1232 229 1295 non
259 1235 343 1295 misit
369 1235 557 1295 brevitatem.
591 1233 644 1294 sed
664 1233 777 1294 ideireo
805 1234 925 1295 videtur
950 1234 1049 1295 multa
1076 1233 1195 1310 dixisse,

170 1324 242 1402 quia
260 1326 372 1384 multas
396 1324 491 1400 partis
506 1324 613 1401 'tetigit
630 1323 803 1401 multaeque
821 1341 977 1400 personas,
1000 1341 1077 1398 quae
1101 1323 1129 1383 ei
1150 1341 1194 1383 ee·
1212 1341 1238 1383 u

169 1416 327 1489 parentur,
346 1411 516 1472 invenietur
531 1411 653 1473 brevem
670 1413 704 1472 in
723 1414 851 1491 singulis
865 1411 1005 1473 habuisse
1019 1429 1194 1474 sermonem.

171 1502 249 1562 dixit
265 1502 376 1578 quippe
390 1520 473 1576 „non
486 1501 573 1577 haee,
592 1521 609 1560 ο
623 1502 725 1577 Palla,
744 1502 868 1562 dederas
882 1501 1030 1578 promissa
1043 1499 1195 1579 pereutit

110 1620 113 1625 ·
170 1594 302 1668 „tuque,
328 1610 346 1650 ο
374 1590 565 1650 sanctissima
592 1589 743 1651 coniunx“
770 1593 801 1650 et
828 1594 955 1666 „eontra
982 1608 1037 1669 ego
1064 1589 1194 1652 vivendo

170 1680 230 1739 viai
252 1699 320 1742 mea
342 1677 439 1755 fata“,
461 1681 534 1740 item
557 1699 634 1755 „nee
657 1698 710 1739 vos
727 1682 891 1758 arguerim,
914 1677 1053 1755 Teucri“,
1074 1699 1195 1740 rursum

169 1768 322 1828 rediitad
349 1769 394 1827 fili
417 1787 575 1844 personam
600 1769 699 1829 dicens
723 1769 819 1847 „quin
843 1789 899 1848 ego
921 1788 982 1828 non
1005 1769 1066 1830 alio
1090 1768 1195 1848 digner
1212 1783 1236 1827 u

169 1860 201 1916 te
224 1859 341 1932 funere,
367 1855 486 1934 Palla“,
514 1858 620 1918 dehine
648 1858 688 1918 ad
714 1859 851 1918 Turnum
879 1859 951 1919 feeit
980 1859 1195 1936 apostropham

162 1949 223 2022 ·„tu
247 1965 365 2025 quoque
392 1966 471 2006 nune
498 1950 593 2007 stares
620 1949 752 2009 inmanis
775 1951 899 2008 munaus
926 1948 960 2007 in
982 1947 1088 2023 armis,
1116 1949 1195 2009 aeret

170 2055 227 2112 par
250 2038 333 2097 aetas
361 2039 392 2096 et
418 2036 500 2096 idem
526 2038 554 2097 si
579 2035 673 2097 robur
701 2037 738 2097 ab
767 2039 868 2114 annis,
895 2035 1025 2097 Turne“.
1071 2035 1195 2098 tandem

169 2125 265 2203 igitur
286 2126 437 2185 intellexit
464 2126 579 2187 diutius
607 2146 638 2187 se
665 2127 772 2206 vagari
799 2147 860 2186 uon
883 2127 988 2187 debere
1011 2127 1195 2204 permulta,

170 2233 208 2274 ne
221 2219 323 2276 tantos
337 2218 368 2275 et
382 2216 491 2276 eleetos
512 2235 547 2275 ex
567 2216 706 2277 omnibus
724 2218 857 2277 numeria
873 2219 954 2277 viros
972 2218 1066 2294 atque
1083 2216 1195 2277 ultioni
1212 2234 1238 2275 rr

171 2324 243 2365 suae
265 2306 449 2365 necessarios
472 2306 621 2382 superfluo
640 2325 793 2366 morarum
811 2307 910 2383 spatio
928 2306 1078 2366 retineret.
1112 2304 1195 2384 quid,

170 2394 284 2471 inquit,
307 2395 405 2454 adhue
429 2395 566 2455 demoror
589 2395 734 2472 Teucros,
757 2397 845 2473 quasi
863 2394 1074 2455 infelicitatem
1096 2413 1195 2454 meam

171 2486 212 2543 sit
233 2485 356 2544 illorum
373 2485 512 2544 levatura
529 2484 720 2569 praesentia?
740 2488 869 2563 pergant
886 2486 986 2561 potius
1007 2486 1038 2544 et
1055 2486 1195 2562 repetant

171 2592 269 2648 arma,
297 2574 354 2633 hoe
382 2575 427 2633 est
454 2573 552 2633 dicere
574 2574 647 2650 quid
674 2574 724 2634 hie
751 2576 839 2635 vaeui
868 2572 1076 2634 remorantur?
1114 2576 1194 2648 eant,

171 2661 314 2724 dimicent
336 2665 368 2722 et
390 2662 551 2722 orbitatem
574 2683 672 2723 meam
690 2663 806 2724 ultione
830 2665 1020 2740 conpensant.
1052 2663 1150 2722 vadite
1169 2666 1195 2721 et
1212 2678 1237 2720 re

169 2752 241 2810 baeu
262 2768 402 2811 meumes
423 2752 487 2825 rapi
512 2753 657 2813 mandata
685 2755 805 2826 referte:
833 2753 934 2813 vadite
957 2751 1102 2813 hocloco
1125 2752 1193 2812 hor·

170 2841 264 2900 tantis
293 2844 340 2900 est
369 2839 472 2917 potius
500 2860 593 2918 quam
620 2842 765 2918 iubentis3
797 2845 828 2901 et
858 2842 1003 2902 mandata
1034 2859 1102 2901 mea
1128 2841 1194 2919 regi

170 2930 312 3005 perferte:
331 2930 408 3004 quod
424 2931 516 2989 mium
533 2948 632 2989 meror
649 2932 779 2992 invirum
792 2931 930 2991 Pallante
942 2934 1107 3004 perempto,
1126 2930 1194 2990 dea-

170 3021 233 3078 tera
256 3036 349 3078 eausa
370 3022 423 3078 tua
446 3023 499 3088 est,
525 3020 661 3079 Turnum
681 3024 825 3095 pauloque
839 3022 977 3095 putrique
999 3037 1089 3094 quum
1111 3020 1193 3079 debe·

169 3124 201 3165 re
219 3108 301 3166 vides
317 3108 444 3167 mediis:
462 3108 543 3184 quod
561 3108 631 3169 vivo
650 3112 721 3186 post
738 3109 886 3169 Pallantia
905 3111 1040 3185 mortem,
1064 3108 1130 3169 eola
1147 3110 1194 3169 est
1210 3125 1237 3168 aa

242 3247 256 3294 1
284 3258 346 3298 cum
367 3243 479 3311 precipit
498 3242 524 3296 V
546 3244 588 3298 ita
607 3244 719 3314 perapit
741 3244 785 3299 ed.
811 3260 873 3299 eum
891 3250 1036 3313 praesente
1059 3245 1119 3315 apii
1142 3258 1193 3298 nor

170 3312 204 3366 ef.
224 3317 267 3366 63.
336 3314 582 3381 rdefienetedd.
652 3314 775 3369 btro
793 3315 925 3371 dated.
994 3313 1193 3384 8petetr'airV

165 3385 292 3453 pareatis
307 3383 333 3436 H
346 3390 429 3452 patre
443 3385 486 3438 ed.
516 3385 519 3457 i
549 3385 681 3441 debiutV
696 3386 800 3442 deberet
813 3386 856 3440 ed.
918 3392 951 3441 10
969 3393 1135 3455 separantur
1148 3386 1192 3441 ed.

171 3461 204 3509 13
227 3462 259 3510 tu
279 3472 384 3524 quoque
407 3459 503 3525 (supra
522 3459 614 3526 tueque)
628 3457 662 3512 V.
737 3463 771 3514 14
790 3474 930 3527 arpuerem
949 3460 1045 3527 (supra
1063 3459 1145 3526 dm)
1157 3456 1191 3512 V.

172 3532 204 3581 18
232 3529 264 3581 ia
291 3528 375 3582 anaia
406 3527 449 3582 ed.
532 3534 566 3581 22
594 3546 665 3598 qum
691 3530 718 3584 ei
741 3528 767 3583 V
794 3532 861 3598 quia
887 3532 912 3583 si
943 3529 987 3584 ed.
1021 3531 1102 3598 quari
1132 3545 1191 3584 noa

160 3606 199 3658 24
216 3598 296 3672 quod
310 3598 336 3656 V
352 3600 421 3672 quid
439 3615 508 3654 corr.
523 3600 567 3654 ed.
636 3605 670 3654 30
689 3601 762 3656 ridie
775 3602 879 3656 urentis
892 3599 918 3654 V
932 3602 1036 3656 meatu
1050 3616 1068 3655 a
1081 3600 1192 3656 Donato

151 3693 219 3732 oum
235 3682 386 3750 quartoque
399 3674 534 3751 patnprae
552 3672 637 3747 iungi
652 3672 772 3743 interpr.
787 3672 886 3737 debet„
899 3672 940 3724 ad
954 3687 1074 3737 aequent
1088 3672 1192 3732 lenm

140 3751 238 3809 traxit
259 3753 336 3815 edl'.
368 3753 374 3833 1
404 3752 499 3814 uelem
518 3768 578 3811 erae
596 3745 750 3809 euaserat
769 3744 816 3802 ab·
